1987 3062
282 224 375 268 242

280 337 356 365 A.D.

282 371 356 398 1371.

282 405 343 432 Vol.
358 406 375 433 Ι

273 1056 324 1083 fol.

272 1091 312 1116 13.

480 240 579 273 THE
615 241 858 276 REGISTER
893 244 954 276 OF
988 243 1165 276 BISHOP
1199 243 1604 277 BRANTYNGHAM.

433 346 580 376 canendo
607 349 642 377 et
671 347 841 387 psallendo
865 359 940 379 cum
966 349 1038 380 aliis
1066 349 1099 380 in
1127 349 1260 380 eisdem.
1308 350 1376 381 Nec
1399 350 1498 381 liceat
1520 349 1583 380 sibi
1605 348 1716 389 aliquo
1740 347 1803 378 Die

433 388 609 420 Dominico
624 390 677 421 vel
693 391 888 432 hujusmodi
905 393 1038 423 Festivo
1056 394 1189 424 Missam
1207 393 1369 424 celebrare
1387 394 1437 424 vel
1453 393 1607 424 inchoare
1623 396 1803 431 antequam

432 431 467 462 in
495 432 640 464 Ecclesia
667 435 857 473 Parochiali,
884 435 917 466 in
945 436 1065 476 Majori
1089 437 1198 476 Missa,
1226 437 1453 477 Ewangelium
1481 437 1606 467 lectum
1636 435 1740 466 fuerit
1770 437 1804 464 et

434 475 652 508 Offertorium
675 478 892 509 decantatum
910 489 917 517 ;
945 484 979 510 et
994 480 1070 518 hoc,
1087 481 1149 511 nisi
1166 491 1205 510 ex
1222 480 1332 521 aliqua
1355 491 1452 511 causa
1475 479 1674 518 racionabili,
1699 478 1804 518 petita

431 518 566 550 licencia
582 523 616 550 et
639 524 777 561 optenta
793 533 810 552 a
826 522 956 553 Vicario
976 523 1064 561 Loci,
1082 524 1182 554 Missa
1204 534 1262 563 per
1284 524 1427 554 eundem
1452 523 1678 554 Presbiterum
1703 521 1803 552 cicius

432 562 535 594 fuerit
562 563 807 596 celebrandum.
854 566 893 596 In
918 566 1024 607 cujus,
1049 570 1124 605 etc,
1149 567 1295 607 sigillum
1319 571 1483 605 nostrum,
1508 577 1575 597 una
1597 576 1673 596 cum
1697 564 1804 604 sigillo

431 606 573 646 predicti
596 607 752 647 Capituli,
771 609 984 640 Presentibus
1008 614 1059 641 est
1081 621 1273 651 appensum.
1327 611 1415 640 Data
1438 614 1472 640 et
1494 613 1567 640 acta.
1590 609 1623 640 in
1649 608 1804 648 Capitulo

431 654 545 681 nostro
562 651 751 689 Exoniensi,
768 652 821 682 die
841 653 933 684 Lune
949 654 1099 694 proxima
1114 657 1191 684 ante
1216 655 1353 684 Festum
1372 654 1485 684 Sancti
1510 652 1693 690 Laurencii,
1719 652 1802 682 AD.

431 694 491 725 ΜΟ.
505 694 636 726 CCCmo
652 696 1097 736 quartodecimo.—Quibus,
1110 698 1256 737 quidem,
1271 697 1391 728 Literis
1410 708 1466 737 per
1479 708 1538 727 nos
1552 696 1721 736 inspectis,
1735 696 1800 735 pal-

430 737 525 777 patis,
550 741 585 768 et
608 739 739 778 plenius
762 739 951 777 intellectis,
967 741 1009 771 ad
1025 741 1199 780 specialem
1215 744 1369 781 rogatum
1387 744 1421 771 et
1436 740 1634 771 instanciam
1651 739 1799 779 Preposi-

430 781 457 811 ti
473 784 507 811 et
526 782 785 813 Communitatis
799 783 1020 823 Burgensium
1034 784 1120 815 Ville
1137 788 1248 815 nostre
1265 785 1305 815 de
1318 785 1545 824 Aschpertone
1562 783 1719 824 predicte,
1733 793 1799 813 eas-

429 825 505 855 dem
524 825 652 856 Literas
669 829 704 856 et
720 829 878 857 contenta
893 827 926 857 in
944 828 1078 867 eisdem,
1096 828 1185 858 salvo
1207 827 1281 868 jure
1300 827 1443 858 Ecclesie
1461 827 1607 858 Matricis
1631 829 1665 857 et
1687 824 1800 856 alteri-

432 879 470 898 us
494 869 738 909 cujuscumque
763 869 859 910 cujus
885 871 1026 902 interest
1048 872 1082 902 in
1114 871 1174 902 hac
1199 874 1301 911 parte,
1328 871 1530 901 ratificamus
1557 875 1601 909 et,
1632 873 1797 910 quantum

427 912 469 942 ad
494 922 553 942 nos
575 913 707 951 attinet,
726 916 840 944 tenore
865 914 1076 947 Presencium
1099 914 1420 955 approbamus—In
1445 924 1586 954 quarum
1610 914 1799 944 Literarum

428 955 644 995 inspeccionis
668 957 966 997 ratificacionisque
993 969 1030 989 ac
1055 958 1304 998 approbacionis
1335 958 1514 988 earundem
1539 955 1799 996 [testimonium]

427 999 573 1039 sigillum
590 1004 743 1031 nostrum
759 1001 899 1032 fecimus
915 1001 978 1032 hiis
995 1002 1282 1042 apponi.—Dated
1298 1004 1334 1032 at
1351 1001 1548 1041 Chudleigh,
1568 1002 1586 1031 2
1604 1002 1746 1040 August.

384 1059 637 1108 Grampound
654 1073 664 1107 3
693 1061 773 1097 Pro
796 1060 1024 1108 Capella,—

382 1113 470 1144 Item
486 1113 673 1153 penultimo
697 1114 750 1144 die
773 1115 897 1145 mensis
920 1115 1074 1155 Augusti,
1099 1114 1269 1146 Johannes
1293 1115 1407 1145 Pibow
1441 1117 1475 1145 et
1498 1114 1600 1145 ceteri
1624 1114 1736 1144 villani
1759 1114 1800 1144 de

424 1156 677 1197 Grauntpount,
694 1157 887 1188 habuerunt
905 1158 1088 1189 Licenciam
1105 1158 1247 1189 faciendi
1265 1158 1441 1196 celebrare,
1459 1161 1533 1197 etc,
1550 1158 1584 1188 in
1602 1157 1735 1197 Capella
1759 1158 1800 1188 de

425 1200 667 1241 Grauntpount
683 1201 831 1241 predicta
846 1213 853 1240 3
870 1212 928 1242 per
944 1213 1051 1232 unum
1067 1212 1193 1232 annum
1211 1203 1417 1233 duraturam.

380 1260 654 1311 Penitenciary
674 1262 734 1298 for
755 1262 821 1298 the
844 1262 1146 1312 Archdeaconry
1159 1263 1199 1299 of
1218 1262 1476 1308 CornwalL---

378 1314 476 1353 Item,
501 1314 536 1355 iij
564 1315 731 1346 Kalendas
754 1316 962 1354 Septembris
986 1316 1042 1355 [30
1066 1316 1177 1356 Aug.]‚
1203 1316 1291 1356 apud
1315 1316 1480 1354 Tantone,
1507 1315 1625 1346 Frater
1650 1315 1798 1354 Rogerus

419 1358 559 1398 Tyrelle,
571 1358 704 1390 Ordinis
718 1359 967 1390 Predicatorum
982 1360 1177 1391 Conventus
1190 1360 1231 1390 de
1241 1360 1379 1397 Trmeu,
1393 1359 1513 1390 habuit
1525 1359 1797 1390 Commissionem

421 1412 521 1441 super
537 1402 778 1433 Penitenciaria
794 1413 852 1443 pro
870 1403 1150 1434 Archidiaconatu
1168 1403 1406 1439 Cornubiensi3
1425 1403 1596 1444 quamdiu,
1613 1406 1674 1434 etc.

378 1467 547 1517 Oratory
563 1481 574 1515 3
594 1468 746 1505 Licence
766 1476 802 1505 to
822 1470 1066 1515 celebrate,—

269 1519 349 1550 [SEP-
374 1521 474 1559 Item,
493 1522 600 1561 primo
617 1522 670 1552 die
687 1523 810 1553 mensis
824 1523 1040 1563 Septembris,
1057 1523 1223 1554 Dominus
1241 1523 1340 1563 Hugo
1358 1523 1532 1561 Peverelle,
1551 1522 1655 1561 Miles,
1673 1522 1798 1554 habuit

270 1561 350 1579 TEM-

268 1589 349 1618 BER.]

418 1565 603 1596 Licenciam
628 1566 779 1604 faciendi,
804 1570 876 1603 etc„
902 1567 936 1597 in
961 1567 1093 1606 Capella
1118 1566 1231 1597 Sancti
1256 1566 1424 1597 Michaelis
1449 1569 1521 1597 atte
1539 1566 1735 1606 Roghtorre,
1760 1566 1794 1596 in

416 1608 539 1648 Vigilia
566 1609 743 1650 utriusque
772 1610 863 1641 Festi
894 1610 1009 1641 Sancti
1036 1610 1207 1641 Michaelis
1225 1610 1424 1650 Archangeli
1440 1609 1581 1650 predicti
1596 1620 1605 1647 3
1633 1609 1797 1650 quamdiu

418 1651 562 1682 Domino
579 1652 750 1692 placuerit.
908 1663 911 1665 ’

375 1711 523 1749 Lezant
543 1710 744 1764 [Lansant‚
761 1712 861 1765 MS]
879 1727 889 1761 ;
910 1713 1058 1751 Master
1078 1714 1277 1751 Laurence
1299 1711 1532 1765 [Gonvena]‚
1555 1713 1671 1759 R„-

375 1765 514 1796 Licence
526 1766 561 1796 of
573 1767 823 1798 non-residence
835 1768 885 1798 for
897 1778 916 1798 a
925 1778 1003 1808 year
1018 1778 1027 1805 ;
1040 1767 1058 1782 ‘¹
1069 1768 1160 1807 dum,
1175 1771 1298 1806 tamen,
1312 1767 1447 1798 insistat
1459 1767 1572 1797 studio
1588 1767 1763 1798 literarum
1776 1767 1794 1778 ⁷’

421 1809 639 1848 (Lawhstton,
661 1811 679 1841 3
697 1810 818 1850 Sept.)-

374 1868 601 1915 Tavistock3
620 1869 650 1906 I
647 1869 813 1907 nhibz'cio
826 1884 870 1907 ne
882 1871 1053 1919 defuncti
1065 1871 1297 1918 sepeliantur
1310 1871 1353 1907 in
1366 1870 1534 1907 Ecclesia
1554 1870 1797 1919 Tavystoclcie

430 1923 724 1967 Parochiali,—

375 1976 474 2014 Item,
498 1977 614 2008 eodem
631 1977 694 2015 die,
718 1978 886 2008 emanavit
914 1978 1024 2009 Litera
1049 1978 1248 2009 Inhibitoria
1271 1978 1401 2009 Vicario
1424 1979 1465 2008 de
1489 1978 1706 2019 Tavystoche,
1731 1978 1794 2009 sub

418 2021 478 2051 hac
494 2020 812 2059 forma,—Thomas,
839 2025 900 2052 etc.
947 2022 999 2052 Ex
1021 2021 1266 2060 fidedignorum
1291 2022 1398 2052 relatu
1423 2022 1636 2062 concepimus
1658 2021 1727 2062 jam
1753 2023 1793 2052 de

417 2074 503 2094 novo
534 2064 624 2104 quod
655 2074 945 2105 quorumcumque
969 2065 1243 2105 parochianorum
1268 2065 1356 2096 dicte
1379 2065 1537 2096 Parochie
1559 2065 1794 2096 decedencium

418 2117 554 2147 corpora
578 2107 787 2147 sepeliuntur
809 2109 844 2139 in
870 2108 1014 2139 Ecclesia
1038 2108 1219 2139 Parochiali
1251 2108 1470 2149 Tavystochie
1500 2109 1699 2149 supradicta,
1725 2111 1794 2139 sine

419 2150 550 2181 delectu
574 2161 801 2190 personarum,
827 2155 942 2182 contra
959 2152 1123 2183 Canonica
1139 2152 1310 2183 Instituta.
1357 2152 1440 2191 Tibi,
1458 2152 1571 2192 igitur,
1589 2156 1702 2183 tenore
1720 2153 1794 2182 Pre-

418 2194 565 2225 sencium
581 2194 780 2234 inhibemus,
799 2198 833 2226 et
850 2206 907 2235 per
923 2199 956 2226 te
972 2196 1044 2226 aliis
1059 2196 1182 2236 quibus
1198 2195 1232 2226 in
1249 2195 1309 2226 hac
1325 2198 1418 2235 parte
1444 2195 1665 2226 inhibendum
1681 2195 1794 2235 fuerit,

419 2241 520 2278 prout
549 2238 697 2278 expediri
724 2239 854 2276 videris,
886 2239 1028 2270 inhiberi
1059 2239 1214 2270 volumus
1241 2242 1274 2270 et
1302 2239 1509 2276 mandamus,
1538 2249 1580 2269 ne
1606 2239 1794 2279 aliquorum

418 2291 552 2321 corpora
569 2281 603 2312 in
620 2282 765 2312 Ecclesia
788 2282 917 2322 prefata
933 2283 974 2313 de
991 2286 1099 2313 cetero
1122 2282 1335 2323 sepeliantur,
1360 2283 1423 2313 nisi
1446 2292 1510 2323 que
1534 2283 1624 2314 Sacri
1648 2283 1797 2314 Canones

418 2324 624 2365 permittunt
639 2325 724 2356 inibi
739 2325 1036 2366 sepeliri.—Dated
1053 2329 1088 2357 at
1105 2326 1305 2364 Lawhitton,
1323 2327 1341 2357 3
1359 2326 1450 2366 Sept.

373 2385 675 2476 TeJ-{amemffy
688 2399 699 2432 3
718 2386 991 2434 Aequietancia
1011 2386 1266 2423 Executorum
1288 2386 1517 2423 Testamenti
1532 2386 1735 2433 Radulplci
1753 2387 1798 2423 de

466 2446 613 2488 ynyeste
642 2453 724 2486 e,—

375 2492 539 2523 Omnibus
554 2493 596 2523 ad
612 2503 706 2533 quos,
723 2493 958 2525 etc.—-Audito
975 2497 1008 2524 et
1023 2493 1155 2524 reddito
1171 2503 1280 2524 coram
1298 2493 1392 2524 nobis
1405 2495 1569 2533 compoto,
1585 2493 1720 2529 calculo,
1735 2503 1791 2524 seu

416 2536 589 2567 raciocinio
606 2536 842 2577 Magistrorum
859 2537 880 2568 J
883 2537 1022 2568 ohannis
1039 2537 1172 2577 Wyliet,
1192 2536 1387 2568 cancellarii
1405 2535 1609 2574 Exoniensis,
1629 2537 1789 2567 Willelmi

417 2579 646 2618 Todeworthe,
679 2583 712 2610 et
744 2580 902 2611 Willelmi
934 2581 1044 2621 Pyers‚
1078 2581 1305 2611 Executorum
1337 2580 1545 2610 Testamenti
1575 2590 1633 2610 seu
1666 2580 1793 2611 Ultime

417 2621 612 2653 Voluntatis
644 2623 793 2663 Magistri
826 2624 995 2664 Radulphi
1021 2624 1062 2654 de
1093 2624 1314 2664 Ryngestede,
1341 2623 1499 2654 Canonici
1530 2623 1735 2661 Exoniensis,
1760 2626 1794 2654 et

417 2665 538 2696 Vicarii
562 2665 706 2696 Ecclesie
730 2666 928 2698 Parochialis
945 2668 986 2697 de
1003 2667 1142 2698 Sottone
1165 2666 1375 2706 [PlymouthL
1401 2667 1562 2705 defuncti,
1587 2667 1628 2697 de
1645 2669 1679 2697 et
1695 2677 1795 2706 super

417 2709 719 2740 Administracione
736 2710 899 2740 bonorum
917 2710 1068 2751 ejusdem
1092 2710 1246 2740 defuncti
1269 2719 1335 2750 que
1360 2712 1584 2749 pervenerunt
1607 2710 1647 2740 ad
1672 2720 1791 2740 manus

416 2751 583 2782 dictorum
609 2753 861 2791 Executorum3
890 2754 966 2794 quia
989 2753 1178 2784 invenimus
1201 2764 1261 2793 per
1283 2756 1478 2793 compotum
1502 2752 1697 2793 hujusmodi
1720 2763 1792 2793 pre-

414 2794 502 2825 fatos
536 2796 738 2827 Executores
772 2796 859 2828 bona
893 2796 1033 2837 predicti
1070 2796 1222 2828 defuncti
1257 2806 1467 2837 quecumque
1502 2806 1567 2837 que
1597 2796 1639 2826 ad
1675 2806 1794 2827 manus

412 2847 487 2868 suas
511 2843 736 2879 pervenerunt
759 2839 843 2870 bene
860 2844 893 2871 et
920 2840 1063 2871 fideliter
1085 2840 1345 2878 administrasse,
1369 2841 1501 2871 eosdem
1526 2840 1730 2871 Executores
1753 2839 1794 2870 ab
