<?xml version="1.0" encoding="UTF-8"?>
<!DOCTYPE html PUBLIC "-//W3C//DTD XHTML 1.0 Transitional//EN"
    "http://www.w3.org/TR/xhtml1/DTD/xhtml1-transitional.dtd">
<html xmlns="http://www.w3.org/1999/xhtml" xml:lang="en" lang="en">
 <head>
  <title>
</title>
<meta http-equiv="Content-Type" content="text/html;charset=utf-8" />
  <meta name='ocr-system' content='tesseract 3.04.00' />
  <meta name='ocr-capabilities' content='ocr_page ocr_carea ocr_par ocr_line ocrx_word'/>
</head>
<body>
  <div class='ocr_page' id='page_1' title='image "./registerofthomas01cathuoft_0389.png"; bbox 0 0 1987 3062; ppageno 0'>
   <div class='ocr_carea' id='block_1_1' title="bbox 462 219 1654 269">
    <p class='ocr_par' dir='ltr' id='par_1_1' title="bbox 462 219 1654 269">
     <span class='ocr_line' id='line_1_1' title="bbox 462 219 1654 269; baseline -0.003 -2"><span class='ocrx_word' id='word_1_1' title='bbox 462 234 749 269; x_wconf 72' lang='lat' dir='ltr'><strong>REGISTRUM</strong></span> <span class='ocrx_word' id='word_1_2' title='bbox 774 232 1232 268; x_wconf 79' lang='lat' dir='ltr'>coMMUNE-—ANNO</span> <span class='ocrx_word' id='word_1_3' title='bbox 1261 219 1319 265; x_wconf 89' lang='lat'>6⁰.</span> <span class='ocrx_word' id='word_1_4' title='bbox 1561 221 1654 264; x_wconf 84' lang='lat'>363</span> 
     </span>
    </p>
   </div>
   <div class='ocr_carea' id='block_1_2' title="bbox 126 334 1657 396">
    <p class='ocr_par' dir='ltr' id='par_1_2' title="bbox 126 334 1657 396">
     <span class='ocr_line' id='line_1_2' title="bbox 126 334 1657 396; baseline -0.003 -21"><span class='ocrx_word' id='word_1_5' title='bbox 126 335 202 396; x_wconf 51' lang='lat'>{³3:722</span> <span class='ocrx_word' id='word_1_6' title='bbox 234 338 370 388; x_wconf 87' lang='lat' dir='ltr'>Priory</span> <span class='ocrx_word' id='word_1_7' title='bbox 390 339 429 375; x_wconf 86' lang='lat' dir='ltr'>of</span> <span class='ocrx_word' id='word_1_8' title='bbox 458 338 606 388; x_wconf 81' lang='lat' dir='ltr'>Scilly3</span> <span class='ocrx_word' id='word_1_9' title='bbox 637 337 860 376; x_wconf 69' lang='lat' dir='ltr'>Commissio</span> <span class='ocrx_word' id='word_1_10' title='bbox 890 336 1047 374; x_wconf 72' lang='lat' dir='ltr'>Fratris</span> <span class='ocrx_word' id='word_1_11' title='bbox 1075 335 1242 373; x_wconf 70' lang='lat' dir='ltr'>Ricardc&#39;</span> <span class='ocrx_word' id='word_1_12' title='bbox 1264 335 1416 380; x_wconf 76' lang='lat' dir='ltr'>Aunoel,</span> <span class='ocrx_word' id='word_1_13' title='bbox 1439 334 1593 372; x_wconf 69' lang='lat' dir='ltr'>Prz&#39;orae&#39;s</span> <span class='ocrx_word' id='word_1_14' title='bbox 1613 334 1657 371; x_wconf 77' lang='lat' dir='ltr'>cle</span> 
     </span>
    </p>
   </div>
   <div class='ocr_carea' id='block_1_3' title="bbox 124 392 1656 873">
    <p class='ocr_par' dir='ltr' id='par_1_3' title="bbox 124 392 468 440">
     <span class='ocr_line' id='line_1_3' title="bbox 124 392 468 440; baseline 0 -13"><span class='ocrx_word' id='word_1_15' title='bbox 124 402 187 428; x_wconf 87' lang='lat' dir='ltr'>Vol.</span> <span class='ocrx_word' id='word_1_16' title='bbox 203 403 226 429; x_wconf 90' lang='lat'>1.</span> <span class='ocrx_word' id='word_1_17' title='bbox 286 392 468 440; x_wconf 58' lang='lat' dir='ltr'><em>&amp;cuffi—</em></span> 
     </span>
    </p>

    <p class='ocr_par' dir='ltr' id='par_1_4' title="bbox 234 442 1656 873">
     <span class='ocr_line' id='line_1_4' title="bbox 234 442 1655 483; baseline -0.003 -6"><span class='ocrx_word' id='word_1_18' title='bbox 234 446 333 482; x_wconf 88' lang='lat' dir='ltr'>Item,</span> <span class='ocrx_word' id='word_1_19' title='bbox 351 447 473 476; x_wconf 79' lang='lat' dir='ltr'>eisdem</span> <span class='ocrx_word' id='word_1_20' title='bbox 492 446 544 476; x_wconf 84' lang='lat' dir='ltr'>die</span> <span class='ocrx_word' id='word_1_21' title='bbox 557 449 591 476; x_wconf 89' lang='lat' dir='ltr'>et</span> <span class='ocrx_word' id='word_1_22' title='bbox 606 446 689 483; x_wconf 86' lang='lat' dir='ltr'>loco,</span> <span class='ocrx_word' id='word_1_23' title='bbox 709 444 874 475; x_wconf 76' lang='lat' dir='ltr'>Dominus</span> <span class='ocrx_word' id='word_1_24' title='bbox 892 444 968 475; x_wconf 82' lang='lat' dir='ltr'>feeit</span> <span class='ocrx_word' id='word_1_25' title='bbox 989 443 1264 475; x_wconf 76' lang='lat' dir='ltr'>Comniissionem</span> <span class='ocrx_word' id='word_1_26' title='bbox 1282 442 1392 474; x_wconf 79' lang='lat' dir='ltr'>Fratri</span> <span class='ocrx_word' id='word_1_27' title='bbox 1410 442 1550 473; x_wconf 83' lang='lat' dir='ltr'>Ricardo</span> <span class='ocrx_word' id='word_1_28' title='bbox 1563 442 1655 473; x_wconf 82' lang='lat' dir='ltr'>Aun-</span> 
     </span>
     <span class='ocr_line' id='line_1_5' title="bbox 277 486 1656 528; baseline -0.002 -9"><span class='ocrx_word' id='word_1_29' title='bbox 277 489 335 527; x_wconf 83' lang='lat' dir='ltr'>cel,</span> <span class='ocrx_word' id='word_1_30' title='bbox 357 489 457 519; x_wconf 85' lang='lat' dir='ltr'>Priori</span> <span class='ocrx_word' id='word_1_31' title='bbox 476 489 645 519; x_wconf 81' lang='lat' dir='ltr'>Prioratus</span> <span class='ocrx_word' id='word_1_32' title='bbox 662 489 703 519; x_wconf 86' lang='lat' dir='ltr'>de</span> <span class='ocrx_word' id='word_1_33' title='bbox 727 488 832 528; x_wconf 81' lang='lat' dir='ltr'>Sully,</span> <span class='ocrx_word' id='word_1_34' title='bbox 850 489 890 518; x_wconf 82' lang='lat' dir='ltr'>ad</span> <span class='ocrx_word' id='word_1_35' title='bbox 915 488 1119 518; x_wconf 65' lang='lat' dir='ltr'>audiendum</span> <span class='ocrx_word' id='word_1_36' title='bbox 1144 487 1178 517; x_wconf 92' lang='lat' dir='ltr'>in</span> <span class='ocrx_word' id='word_1_37' title='bbox 1203 487 1273 517; x_wconf 82' lang='lat' dir='ltr'>foro</span> <span class='ocrx_word' id='word_1_38' title='bbox 1290 487 1399 516; x_wconf 87' lang='lat' dir='ltr'>anime</span> <span class='ocrx_word' id='word_1_39' title='bbox 1425 486 1656 516; x_wconf 80' lang='lat' dir='ltr'>Confessiones</span> 
     </span>
     <span class='ocr_line' id='line_1_6' title="bbox 277 529 1656 571; baseline -0.001 -10"><span class='ocrx_word' id='word_1_40' title='bbox 277 532 427 562; x_wconf 80' lang='lat' dir='ltr'>omnium</span> <span class='ocrx_word' id='word_1_41' title='bbox 451 535 486 562; x_wconf 90' lang='lat' dir='ltr'>et</span> <span class='ocrx_word' id='word_1_42' title='bbox 508 532 713 571; x_wconf 80' lang='lat' dir='ltr'>singulorum</span> <span class='ocrx_word' id='word_1_43' title='bbox 740 532 801 561; x_wconf 81' lang='lat' dir='ltr'>sibi</span> <span class='ocrx_word' id='word_1_44' title='bbox 825 531 974 561; x_wconf 85' lang='lat' dir='ltr'>confiteri</span> <span class='ocrx_word' id='word_1_45' title='bbox 999 531 1196 568; x_wconf 81' lang='lat' dir='ltr'>voleneium,</span> <span class='ocrx_word' id='word_1_46' title='bbox 1221 533 1290 560; x_wconf 85' lang='lat' dir='ltr'>tam</span> <span class='ocrx_word' id='word_1_47' title='bbox 1315 530 1356 560; x_wconf 89' lang='lat' dir='ltr'>de</span> <span class='ocrx_word' id='word_1_48' title='bbox 1388 529 1502 560; x_wconf 78' lang='lat' dir='ltr'><strong>Insula</strong></span> <span class='ocrx_word' id='word_1_49' title='bbox 1535 530 1656 560; x_wconf 82' lang='lat' dir='ltr'>Sancte</span> 
     </span>
     <span class='ocr_line' id='line_1_7' title="bbox 278 572 1655 615; baseline -0.002 -10"><span class='ocrx_word' id='word_1_50' title='bbox 278 576 379 606; x_wconf 88' lang='lat' dir='ltr'>Marie</span> <span class='ocrx_word' id='word_1_51' title='bbox 395 586 495 615; x_wconf 81' lang='lat' dir='ltr'>qnam</span> <span class='ocrx_word' id='word_1_52' title='bbox 514 576 554 605; x_wconf 90' lang='lat' dir='ltr'>de</span> <span class='ocrx_word' id='word_1_53' title='bbox 572 575 685 605; x_wconf 82' lang='lat' dir='ltr'>Insula</span> <span class='ocrx_word' id='word_1_54' title='bbox 709 575 823 605; x_wconf 72' lang='lat' dir='ltr'>Sancti</span> <span class='ocrx_word' id='word_1_55' title='bbox 848 572 1024 610; x_wconf 65' lang='lat' dir='ltr'>Nic-hohi,1</span> <span class='ocrx_word' id='word_1_56' title='bbox 1041 575 1144 604; x_wconf 85' lang='lat' dir='ltr'>eciam</span> <span class='ocrx_word' id='word_1_57' title='bbox 1168 573 1200 603; x_wconf 91' lang='lat' dir='ltr'>in</span> <span class='ocrx_word' id='word_1_58' title='bbox 1218 573 1360 603; x_wconf 80' lang='lat' dir='ltr'>casubus</span> <span class='ocrx_word' id='word_1_59' title='bbox 1377 583 1396 602; x_wconf 82' lang='lat' dir='ltr'>a</span> <span class='ocrx_word' id='word_1_60' title='bbox 1417 572 1493 613; x_wconf 84' lang='lat' dir='ltr'>jure</span> <span class='ocrx_word' id='word_1_61' title='bbox 1512 572 1563 602; x_wconf 84' lang='lat' dir='ltr'>vel</span> <span class='ocrx_word' id='word_1_62' title='bbox 1581 583 1655 603; x_wconf 91' lang='lat' dir='ltr'>con-</span> 
     </span>
     <span class='ocr_line' id='line_1_8' title="bbox 278 615 1654 655; baseline -0.002 -7"><span class='ocrx_word' id='word_1_63' title='bbox 278 620 456 649; x_wconf 83' lang='lat' dir='ltr'>suetudine</span> <span class='ocrx_word' id='word_1_64' title='bbox 473 619 647 648; x_wconf 75' lang='lat' dir='ltr'>reservatis</span> <span class='ocrx_word' id='word_1_65' title='bbox 665 628 671 655; x_wconf 81' lang='lat'><em>3</em></span> <span class='ocrx_word' id='word_1_66' title='bbox 696 618 932 648; x_wconf 82' lang='lat' dir='ltr'>violacionibus</span> <span class='ocrx_word' id='word_1_67' title='bbox 949 617 1083 648; x_wconf 63' lang='lat' dir='ltr'>durium</span> <span class='ocrx_word' id='word_1_68' title='bbox 1101 620 1136 648; x_wconf 88' lang='lat' dir='ltr'>et</span> <span class='ocrx_word' id='word_1_69' title='bbox 1152 617 1362 646; x_wconf 81' lang='lat' dir='ltr'>Libertatum</span> <span class='ocrx_word' id='word_1_70' title='bbox 1380 616 1522 646; x_wconf 90' lang='lat' dir='ltr'>Ecclesie</span> <span class='ocrx_word' id='word_1_71' title='bbox 1537 615 1654 646; x_wconf 84' lang='lat' dir='ltr'>Cathe-</span> 
     </span>
     <span class='ocr_line' id='line_1_9' title="bbox 276 659 1654 700; baseline -0.002 -8"><span class='ocrx_word' id='word_1_72' title='bbox 276 662 376 692; x_wconf 84' lang='lat' dir='ltr'>dralis</span> <span class='ocrx_word' id='word_1_73' title='bbox 400 662 527 692; x_wconf 85' lang='lat' dir='ltr'>Exonie</span> <span class='ocrx_word' id='word_1_74' title='bbox 550 662 730 691; x_wconf 81' lang='lat' dir='ltr'>dumtaxat</span> <span class='ocrx_word' id='word_1_75' title='bbox 753 661 908 700; x_wconf 84' lang='lat' dir='ltr'>exceptis.</span> <span class='ocrx_word' id='word_1_76' title='bbox 957 662 1003 690; x_wconf 81' lang='lat' dir='ltr'>Ac</span> <span class='ocrx_word' id='word_1_77' title='bbox 1020 660 1155 700; x_wconf 88' lang='lat' dir='ltr'>insuper</span> <span class='ocrx_word' id='word_1_78' title='bbox 1172 660 1351 699; x_wconf 87' lang='lat' dir='ltr'>deputavit</span> <span class='ocrx_word' id='word_1_79' title='bbox 1367 659 1477 699; x_wconf 88' lang='lat' dir='ltr'>ipsum</span> <span class='ocrx_word' id='word_1_80' title='bbox 1503 659 1654 689; x_wconf 78' lang='lat' dir='ltr'><strong>Fratrem</strong></span> 
     </span>
     <span class='ocr_line' id='line_1_10' title="bbox 276 702 1655 744; baseline -0.003 -8"><span class='ocrx_word' id='word_1_81' title='bbox 276 705 455 736; x_wconf 77' lang='lat' dir='ltr'><strong>Ricardum</strong></span> <span class='ocrx_word' id='word_1_82' title='bbox 479 705 659 736; x_wconf 81' lang='lat' dir='ltr'>Officialem</span> <span class='ocrx_word' id='word_1_83' title='bbox 683 708 717 734; x_wconf 89' lang='lat' dir='ltr'>et</span> <span class='ocrx_word' id='word_1_84' title='bbox 741 705 1028 744; x_wconf 77' lang='lat' dir='ltr'>Sequestratorem</span> <span class='ocrx_word' id='word_1_85' title='bbox 1062 703 1257 734; x_wconf 85' lang='lat' dir='ltr'>Generalem</span> <span class='ocrx_word' id='word_1_86' title='bbox 1282 704 1315 732; x_wconf 90' lang='lat' dir='ltr'>in</span> <span class='ocrx_word' id='word_1_87' title='bbox 1341 702 1463 733; x_wconf 75' lang='lat' dir='ltr'>Insulis</span> <span class='ocrx_word' id='word_1_88' title='bbox 1489 702 1655 742; x_wconf 83' lang='lat' dir='ltr'>predictis,</span> 
     </span>
     <span class='ocr_line' id='line_1_11' title="bbox 274 746 1656 788; baseline -0.002 -10"><span class='ocrx_word' id='word_1_89' title='bbox 274 759 349 779; x_wconf 86' lang='lat' dir='ltr'>cum</span> <span class='ocrx_word' id='word_1_90' title='bbox 375 752 541 788; x_wconf 83' lang='lat' dir='ltr'>potestate</span> <span class='ocrx_word' id='word_1_91' title='bbox 565 747 759 787; x_wconf 69' lang='lat' dir='ltr'>coriigendi,</span> <span class='ocrx_word' id='word_1_92' title='bbox 784 747 956 786; x_wconf 79' lang='lat' dir='ltr'>puniendi,</span> <span class='ocrx_word' id='word_1_93' title='bbox 981 750 1042 777; x_wconf 91' lang='lat' dir='ltr'>etc.</span> <span class='ocrx_word' id='word_1_94' title='bbox 1065 757 1072 783; x_wconf 92' lang='grc'>;</span> <span class='ocrx_word' id='word_1_95' title='bbox 1097 746 1248 784; x_wconf 72' lang='lat' dir='ltr'>faciendi,</span> <span class='ocrx_word' id='word_1_96' title='bbox 1274 746 1387 784; x_wconf 86' lang='lat' dir='ltr'>eciam,</span> <span class='ocrx_word' id='word_1_97' title='bbox 1405 749 1439 775; x_wconf 92' lang='lat' dir='ltr'>et</span> <span class='ocrx_word' id='word_1_98' title='bbox 1462 746 1656 776; x_wconf 88' lang='lat' dir='ltr'>excercendi</span> 
     </span>
     <span class='ocr_line' id='line_1_12' title="bbox 275 789 1654 831; baseline -0.001 -10"><span class='ocrx_word' id='word_1_99' title='bbox 275 792 385 822; x_wconf 83' lang='lat' dir='ltr'>omnia</span> <span class='ocrx_word' id='word_1_100' title='bbox 409 796 443 822; x_wconf 89' lang='lat' dir='ltr'>et</span> <span class='ocrx_word' id='word_1_101' title='bbox 466 792 597 831; x_wconf 82' lang='lat' dir='ltr'>singula</span> <span class='ocrx_word' id='word_1_102' title='bbox 620 801 685 831; x_wconf 86' lang='lat' dir='ltr'>que</span> <span class='ocrx_word' id='word_1_103' title='bbox 709 791 749 821; x_wconf 84' lang='lat' dir='ltr'>ad</span> <span class='ocrx_word' id='word_1_104' title='bbox 774 790 928 821; x_wconf 86' lang='lat' dir='ltr'>Officium</span> <span class='ocrx_word' id='word_1_105' title='bbox 953 789 1149 830; x_wconf 85' lang='lat' dir='ltr'>hujusmodi</span> <span class='ocrx_word' id='word_1_106' title='bbox 1175 790 1355 829; x_wconf 84' lang='lat' dir='ltr'>pertinent.</span> <span class='ocrx_word' id='word_1_107' title='bbox 1406 789 1541 819; x_wconf 80' lang='lat' dir='ltr'>Proviso</span> <span class='ocrx_word' id='word_1_108' title='bbox 1565 789 1654 830; x_wconf 84' lang='lat' dir='ltr'>quod</span> 
     </span>
     <span class='ocr_line' id='line_1_13' title="bbox 275 833 1448 873; baseline -0.003 -8"><span class='ocrx_word' id='word_1_109' title='bbox 275 835 375 866; x_wconf 89' lang='lat' dir='ltr'>semel</span> <span class='ocrx_word' id='word_1_110' title='bbox 393 835 425 865; x_wconf 91' lang='lat' dir='ltr'>in</span> <span class='ocrx_word' id='word_1_111' title='bbox 444 846 530 865; x_wconf 86' lang='lat' dir='ltr'>anno</span> <span class='ocrx_word' id='word_1_112' title='bbox 547 834 759 865; x_wconf 86' lang='lat' dir='ltr'>raciocinium</span> <span class='ocrx_word' id='word_1_113' title='bbox 777 834 896 864; x_wconf 85' lang='lat' dir='ltr'>reddat</span> <span class='ocrx_word' id='word_1_114' title='bbox 913 834 1057 863; x_wconf 82' lang='lat' dir='ltr'>Domino</span> <span class='ocrx_word' id='word_1_115' title='bbox 1075 833 1116 863; x_wconf 90' lang='lat' dir='ltr'>de</span> <span class='ocrx_word' id='word_1_116' title='bbox 1134 833 1298 873; x_wconf 72' lang='lat' dir='ltr'><strong>perceptis</strong></span> <span class='ocrx_word' id='word_1_117' title='bbox 1314 833 1448 862; x_wconf 81' lang='lat' dir='ltr'>ibidem.</span> 
     </span>
    </p>
   </div>
   <div class='ocr_carea' id='block_1_4' title="bbox 231 888 1657 1104">
    <p class='ocr_par' dir='ltr' id='par_1_5' title="bbox 231 888 1140 939">
     <span class='ocr_line' id='line_1_14' title="bbox 231 888 1140 939; baseline -0.004 -12"><span class='ocrx_word' id='word_1_118' title='bbox 231 890 442 939; x_wconf 86' lang='lat' dir='ltr'>Sheepstor</span> <span class='ocrx_word' id='word_1_119' title='bbox 461 889 608 938; x_wconf 74' lang='lat' dir='ltr'>Chapel</span> <span class='ocrx_word' id='word_1_120' title='bbox 626 902 635 936; x_wconf 80' lang='lat'><em>3</em></span> <span class='ocrx_word' id='word_1_121' title='bbox 666 889 819 925; x_wconf 68' lang='lat' dir='ltr'>Licmece</span> <span class='ocrx_word' id='word_1_122' title='bbox 840 894 875 925; x_wconf 73' lang='lat' dir='ltr'>to</span> <span class='ocrx_word' id='word_1_123' title='bbox 895 888 1140 932; x_wconf 69' lang='lat' dir='ltr'>celebrate,—</span> 
     </span>
    </p>

    <p class='ocr_par' dir='ltr' id='par_1_6' title="bbox 232 940 1657 1104">
     <span class='ocr_line' id='line_1_15' title="bbox 232 940 1656 982; baseline -0.002 -8"><span class='ocrx_word' id='word_1_124' title='bbox 232 944 329 982; x_wconf 89' lang='lat' dir='ltr'>Item,</span> <span class='ocrx_word' id='word_1_125' title='bbox 347 943 471 974; x_wconf 87' lang='lat' dir='ltr'>eisdem</span> <span class='ocrx_word' id='word_1_126' title='bbox 487 943 540 973; x_wconf 86' lang='lat' dir='ltr'>die</span> <span class='ocrx_word' id='word_1_127' title='bbox 556 946 590 974; x_wconf 85' lang='lat' dir='ltr'>et</span> <span class='ocrx_word' id='word_1_128' title='bbox 606 943 687 981; x_wconf 83' lang='lat' dir='ltr'>loco,</span> <span class='ocrx_word' id='word_1_129' title='bbox 713 943 876 973; x_wconf 75' lang='lat' dir='ltr'>Dominus</span> <span class='ocrx_word' id='word_1_130' title='bbox 900 942 1060 972; x_wconf 72' lang='lat' dir='ltr'>concessit</span> <span class='ocrx_word' id='word_1_131' title='bbox 1084 940 1228 971; x_wconf 84' lang='lat' dir='ltr'>Domino</span> <span class='ocrx_word' id='word_1_132' title='bbox 1252 940 1398 971; x_wconf 76' lang='lat' dir='ltr'>Johanni</span> <span class='ocrx_word' id='word_1_133' title='bbox 1422 940 1504 980; x_wconf 80' lang='lat' dir='ltr'>Day,</span> <span class='ocrx_word' id='word_1_134' title='bbox 1524 941 1656 971; x_wconf 84' lang='lat' dir='ltr'>Vicario</span> 
     </span>
     <span class='ocr_line' id='line_1_16' title="bbox 277 984 1657 1026; baseline -0.002 -9"><span class='ocrx_word' id='word_1_135' title='bbox 277 986 420 1017; x_wconf 84' lang='lat' dir='ltr'>Ecclesie</span> <span class='ocrx_word' id='word_1_136' title='bbox 437 986 636 1017; x_wconf 84' lang='lat' dir='ltr'>Parochialis</span> <span class='ocrx_word' id='word_1_137' title='bbox 654 987 694 1016; x_wconf 90' lang='lat' dir='ltr'>de</span> <span class='ocrx_word' id='word_1_138' title='bbox 712 985 933 1026; x_wconf 83' lang='lat' dir='ltr'>Bykkeleghe,</span> <span class='ocrx_word' id='word_1_139' title='bbox 951 984 1136 1015; x_wconf 83' lang='lat' dir='ltr'>Licencianl</span> <span class='ocrx_word' id='word_1_140' title='bbox 1150 984 1239 1024; x_wconf 84' lang='lat' dir='ltr'>quod</span> <span class='ocrx_word' id='word_1_141' title='bbox 1257 984 1361 1023; x_wconf 78' lang='lat' dir='ltr'>possit</span> <span class='ocrx_word' id='word_1_142' title='bbox 1378 984 1483 1014; x_wconf 83' lang='lat' dir='ltr'>facere</span> <span class='ocrx_word' id='word_1_143' title='bbox 1500 984 1657 1014; x_wconf 82' lang='lat' dir='ltr'>celebrari</span> 
     </span>
     <span class='ocr_line' id='line_1_17' title="bbox 276 1027 1655 1070; baseline -0.002 -10"><span class='ocrx_word' id='word_1_144' title='bbox 276 1030 396 1060; x_wconf 87' lang='lat' dir='ltr'>Divina</span> <span class='ocrx_word' id='word_1_145' title='bbox 412 1030 446 1060; x_wconf 88' lang='lat' dir='ltr'>in</span> <span class='ocrx_word' id='word_1_146' title='bbox 465 1030 596 1069; x_wconf 86' lang='lat' dir='ltr'>Capella</span> <span class='ocrx_word' id='word_1_147' title='bbox 614 1030 654 1060; x_wconf 86' lang='lat' dir='ltr'>de</span> <span class='ocrx_word' id='word_1_148' title='bbox 671 1029 915 1070; x_wconf 68' lang='lat' dir='ltr'>›Schytlestorre</span> <span class='ocrx_word' id='word_1_149' title='bbox 932 1039 990 1068; x_wconf 89' lang='lat' dir='ltr'>per</span> <span class='ocrx_word' id='word_1_150' title='bbox 1006 1028 1186 1068; x_wconf 81' lang='lat' dir='ltr'>Religiosos</span> <span class='ocrx_word' id='word_1_151' title='bbox 1202 1028 1251 1057; x_wconf 88' lang='lat' dir='ltr'>vel</span> <span class='ocrx_word' id='word_1_152' title='bbox 1265 1027 1453 1063; x_wconf 82' lang='lat' dir='ltr'>Seculares;</span> <span class='ocrx_word' id='word_1_153' title='bbox 1474 1038 1530 1067; x_wconf 86' lang='lat' dir='ltr'>per</span> <span class='ocrx_word' id='word_1_154' title='bbox 1548 1038 1655 1058; x_wconf 89' lang='lat' dir='ltr'>unum</span> 
     </span>
     <span class='ocr_line' id='line_1_18' title="bbox 275 1073 624 1104; baseline -0.003 0"><span class='ocrx_word' id='word_1_155' title='bbox 275 1083 400 1104; x_wconf 82' lang='lat' dir='ltr'>annum</span> <span class='ocrx_word' id='word_1_156' title='bbox 417 1073 624 1104; x_wconf 76' lang='lat' dir='ltr'>duraturam.</span> 
     </span>
    </p>
   </div>
   <div class='ocr_carea' id='block_1_5' title="bbox 232 1124 1657 1308">
    <p class='ocr_par' dir='ltr' id='par_1_7' title="bbox 232 1124 1462 1179">
     <span class='ocr_line' id='line_1_19' title="bbox 232 1124 1462 1179; baseline -0.003 -14"><span class='ocrx_word' id='word_1_157' title='bbox 232 1128 412 1165; x_wconf 89' lang='lat' dir='ltr'>Morthoe</span> <span class='ocrx_word' id='word_1_158' title='bbox 433 1125 620 1179; x_wconf 87' lang='lat' dir='ltr'>[Mortho,</span> <span class='ocrx_word' id='word_1_159' title='bbox 644 1124 770 1178; x_wconf 83' lang='lat' dir='ltr'>Ms.];</span> <span class='ocrx_word' id='word_1_160' title='bbox 803 1126 951 1164; x_wconf 81' lang='lat' dir='ltr'>Master</span> <span class='ocrx_word' id='word_1_161' title='bbox 971 1126 1076 1163; x_wconf 72' lang='lat' dir='ltr'>²lohn</span> <span class='ocrx_word' id='word_1_162' title='bbox 1099 1125 1322 1175; x_wconf 83' lang='lat' dir='ltr'>Sweynsey‚</span> <span class='ocrx_word' id='word_1_163' title='bbox 1346 1126 1462 1170; x_wconf 30' lang='lat' dir='ltr'>R?-</span> 
     </span>
    </p>

    <p class='ocr_par' dir='ltr' id='par_1_8' title="bbox 234 1179 1657 1308">
     <span class='ocr_line' id='line_1_20' title="bbox 234 1179 1657 1220; baseline -0.002 -8"><span class='ocrx_word' id='word_1_164' title='bbox 234 1182 372 1213; x_wconf 85' lang='lat' dir='ltr'>Licence</span> <span class='ocrx_word' id='word_1_165' title='bbox 385 1182 418 1211; x_wconf 75' lang='lat' dir='ltr'>of</span> <span class='ocrx_word' id='word_1_166' title='bbox 434 1182 693 1219; x_wconf 85' lang='lat' dir='ltr'>non-residence‚</span> <span class='ocrx_word' id='word_1_167' title='bbox 709 1180 1020 1220; x_wconf 84' lang='lat' dir='ltr'>“contemplacione</span> <span class='ocrx_word' id='word_1_168' title='bbox 1037 1179 1188 1220; x_wconf 80' lang='lat' dir='ltr'>Episcopi</span> <span class='ocrx_word' id='word_1_169' title='bbox 1202 1179 1408 1210; x_wconf 80' lang='lat' dir='ltr'>Menevensis</span> <span class='ocrx_word' id='word_1_170' title='bbox 1425 1189 1431 1216; x_wconf 90' lang='lat'>;</span> <span class='ocrx_word' id='word_1_171' title='bbox 1450 1179 1539 1219; x_wconf 84' lang='lat' dir='ltr'>quod</span> <span class='ocrx_word' id='word_1_172' title='bbox 1554 1180 1657 1219; x_wconf 87' lang='lat' dir='ltr'>possit</span> 
     </span>
     <span class='ocr_line' id='line_1_21' title="bbox 277 1223 1657 1264; baseline -0.001 -9"><span class='ocrx_word' id='word_1_173' title='bbox 277 1228 364 1255; x_wconf 84' lang='lat' dir='ltr'>stare</span> <span class='ocrx_word' id='word_1_174' title='bbox 380 1225 413 1255; x_wconf 91' lang='lat' dir='ltr'>in</span> <span class='ocrx_word' id='word_1_175' title='bbox 432 1225 597 1264; x_wconf 80' lang='lat' dir='ltr'>obsequiis</span> <span class='ocrx_word' id='word_1_176' title='bbox 611 1225 714 1264; x_wconf 81' lang='lat' dir='ltr'>ipsius</span> <span class='ocrx_word' id='word_1_177' title='bbox 732 1224 850 1262; x_wconf 77' lang='lat' dir='ltr'>Patris,</span> <span class='ocrx_word' id='word_1_178' title='bbox 864 1227 936 1262; x_wconf 78' lang='lat' dir='ltr'>etc,</span> <span class='ocrx_word' id='word_1_179' title='bbox 954 1224 1116 1263; x_wconf 86' lang='lat' dir='ltr'>quamdiu</span> <span class='ocrx_word' id='word_1_180' title='bbox 1135 1223 1278 1253; x_wconf 88' lang='lat' dir='ltr'>Domino</span> <span class='ocrx_word' id='word_1_181' title='bbox 1292 1223 1484 1253; x_wconf 75' lang='lat' dir='ltr'>concedenti</span> <span class='ocrx_word' id='word_1_182' title='bbox 1495 1223 1657 1262; x_wconf 81' lang='lat' dir='ltr'>placuerit</span> 
     </span>
     <span class='ocr_line' id='line_1_22' title="bbox 279 1268 780 1308; baseline -0.002 -10"><span class='ocrx_word' id='word_1_183' title='bbox 279 1268 443 1308; x_wconf 83' lang='lat' dir='ltr'>(Bishop&#39;s</span> <span class='ocrx_word' id='word_1_184' title='bbox 460 1268 607 1307; x_wconf 83' lang='lat' dir='ltr'>Tawton,</span> <span class='ocrx_word' id='word_1_185' title='bbox 628 1270 667 1298; x_wconf 80' lang='lat'>12</span> <span class='ocrx_word' id='word_1_186' title='bbox 685 1268 780 1306; x_wconf 56' lang='lat' dir='ltr'>Oct).</span> 
     </span>
    </p>
   </div>
   <div class='ocr_carea' id='block_1_6' title="bbox 234 1321 1656 1546">
    <p class='ocr_par' dir='ltr' id='par_1_9' title="bbox 235 1321 1145 1371">
     <span class='ocr_line' id='line_1_23' title="bbox 235 1321 1145 1371; baseline -0.002 -12"><span class='ocrx_word' id='word_1_187' title='bbox 235 1322 616 1371; x_wconf 74' lang='lat' dir='ltr'>Sanipford-Peverel</span> <span class='ocrx_word' id='word_1_188' title='bbox 635 1335 644 1369; x_wconf 81' lang='lat'><em>3</em></span> <span class='ocrx_word' id='word_1_189' title='bbox 675 1322 826 1358; x_wconf 67' lang='lat' dir='ltr'>Lz’cence</span> <span class='ocrx_word' id='word_1_190' title='bbox 846 1328 882 1358; x_wconf 79' lang='lat' dir='ltr'>to</span> <span class='ocrx_word' id='word_1_191' title='bbox 902 1321 1145 1366; x_wconf 71' lang='lat' dir='ltr'>celebrate,—</span> 
     </span>
    </p>

    <p class='ocr_par' dir='ltr' id='par_1_10' title="bbox 234 1373 1656 1546">
     <span class='ocr_line' id='line_1_24' title="bbox 234 1373 1656 1416; baseline -0.002 -10"><span class='ocrx_word' id='word_1_192' title='bbox 234 1377 332 1414; x_wconf 87' lang='lat' dir='ltr'>Item,</span> <span class='ocrx_word' id='word_1_193' title='bbox 343 1376 431 1416; x_wconf 88' lang='lat' dir='ltr'>apud</span> <span class='ocrx_word' id='word_1_194' title='bbox 443 1376 633 1416; x_wconf 84' lang='lat' dir='ltr'>Nymetone</span> <span class='ocrx_word' id='word_1_195' title='bbox 645 1375 798 1415; x_wconf 77' lang='lat' dir='ltr'>Episcopi</span> <span class='ocrx_word' id='word_1_196' title='bbox 809 1373 1140 1414; x_wconf 72' lang='lat' dir='ltr'>(Bislwpsnympton),</span> <span class='ocrx_word' id='word_1_197' title='bbox 1154 1373 1224 1414; x_wconf 83' lang='lat' dir='ltr'>xiiij</span> <span class='ocrx_word' id='word_1_198' title='bbox 1240 1373 1302 1412; x_wconf 80' lang='lat' dir='ltr'>die,</span> <span class='ocrx_word' id='word_1_199' title='bbox 1316 1373 1480 1403; x_wconf 85' lang='lat' dir='ltr'>Dominus</span> <span class='ocrx_word' id='word_1_200' title='bbox 1494 1374 1656 1404; x_wconf 83' lang='lat' dir='ltr'>concessit</span> 
     </span>
     <span class='ocr_line' id='line_1_25' title="bbox 279 1417 1654 1458; baseline -0.001 -9"><span class='ocrx_word' id='word_1_201' title='bbox 279 1419 464 1450; x_wconf 87' lang='lat' dir='ltr'>Licenciam</span> <span class='ocrx_word' id='word_1_202' title='bbox 482 1419 624 1449; x_wconf 83' lang='lat' dir='ltr'>Domino</span> <span class='ocrx_word' id='word_1_203' title='bbox 642 1419 806 1449; x_wconf 84' lang='lat' dir='ltr'>Willelmo</span> <span class='ocrx_word' id='word_1_204' title='bbox 824 1418 1001 1458; x_wconf 78' lang='lat' dir='ltr'>Aystorpe,</span> <span class='ocrx_word' id='word_1_205' title='bbox 1022 1417 1130 1455; x_wconf 82' lang='lat' dir='ltr'>Militi,</span> <span class='ocrx_word' id='word_1_206' title='bbox 1149 1418 1237 1457; x_wconf 84' lang='lat' dir='ltr'>qnod</span> <span class='ocrx_word' id='word_1_207' title='bbox 1256 1417 1359 1456; x_wconf 84' lang='lat' dir='ltr'>possit</span> <span class='ocrx_word' id='word_1_208' title='bbox 1375 1417 1481 1447; x_wconf 76' lang='lat' dir='ltr'>facere</span> <span class='ocrx_word' id='word_1_209' title='bbox 1498 1417 1654 1447; x_wconf 86' lang='lat' dir='ltr'>celebrari</span> 
     </span>
     <span class='ocr_line' id='line_1_26' title="bbox 279 1460 1653 1502; baseline -0.002 -9"><span class='ocrx_word' id='word_1_210' title='bbox 279 1463 410 1500; x_wconf 88' lang='lat' dir='ltr'>Divina,</span> <span class='ocrx_word' id='word_1_211' title='bbox 428 1467 499 1500; x_wconf 73' lang='lat' dir='ltr'>etc,</span> <span class='ocrx_word' id='word_1_212' title='bbox 516 1463 549 1492; x_wconf 91' lang='lat' dir='ltr'>in</span> <span class='ocrx_word' id='word_1_213' title='bbox 575 1462 708 1502; x_wconf 77' lang='lat' dir='ltr'>Capella</span> <span class='ocrx_word' id='word_1_214' title='bbox 730 1462 798 1492; x_wconf 88' lang='lat' dir='ltr'>sive</span> <span class='ocrx_word' id='word_1_215' title='bbox 816 1462 968 1493; x_wconf 84' lang='lat' dir='ltr'>Oratorio</span> <span class='ocrx_word' id='word_1_216' title='bbox 986 1461 1125 1491; x_wconf 81' lang='lat' dir='ltr'>Manerii</span> <span class='ocrx_word' id='word_1_217' title='bbox 1148 1460 1200 1490; x_wconf 88' lang='lat' dir='ltr'>sui</span> <span class='ocrx_word' id='word_1_218' title='bbox 1223 1461 1263 1490; x_wconf 87' lang='lat' dir='ltr'>de</span> <span class='ocrx_word' id='word_1_219' title='bbox 1288 1460 1484 1500; x_wconf 78' lang='lat' dir='ltr'>Sampforde</span> <span class='ocrx_word' id='word_1_220' title='bbox 1510 1460 1653 1499; x_wconf 82' lang='lat' dir='ltr'>Peverel‚</span> 
     </span>
     <span class='ocr_line' id='line_1_27' title="bbox 278 1503 1434 1546; baseline -0.003 -10"><span class='ocrx_word' id='word_1_221' title='bbox 278 1506 312 1536; x_wconf 89' lang='lat' dir='ltr'>in</span> <span class='ocrx_word' id='word_1_222' title='bbox 329 1516 388 1536; x_wconf 84' lang='lat' dir='ltr'>sua</span> <span class='ocrx_word' id='word_1_223' title='bbox 405 1509 438 1536; x_wconf 93' lang='lat' dir='ltr'>et</span> <span class='ocrx_word' id='word_1_224' title='bbox 456 1506 567 1536; x_wconf 74' lang='lat' dir='ltr'>uxoris</span> <span class='ocrx_word' id='word_1_225' title='bbox 591 1516 649 1536; x_wconf 88' lang='lat' dir='ltr'>sue</span> <span class='ocrx_word' id='word_1_226' title='bbox 666 1505 833 1546; x_wconf 75' lang='lat' dir='ltr'>presencia</span> <span class='ocrx_word' id='word_1_227' title='bbox 848 1513 854 1541; x_wconf 75' lang='lat'><em>3</em></span> <span class='ocrx_word' id='word_1_228' title='bbox 881 1515 939 1544; x_wconf 89' lang='lat' dir='ltr'>per</span> <span class='ocrx_word' id='word_1_229' title='bbox 963 1514 1067 1534; x_wconf 89' lang='lat' dir='ltr'>unum</span> <span class='ocrx_word' id='word_1_230' title='bbox 1085 1514 1211 1534; x_wconf 84' lang='lat' dir='ltr'>annum</span> <span class='ocrx_word' id='word_1_231' title='bbox 1228 1503 1434 1534; x_wconf 72' lang='lat' dir='ltr'>duraturam.</span> 
     </span>
    </p>
   </div>
   <div class='ocr_carea' id='block_1_7' title="bbox 124 1557 1656 1610">
    <p class='ocr_par' dir='ltr' id='par_1_11' title="bbox 124 1557 1656 1610">
     <span class='ocr_line' id='line_1_28' title="bbox 124 1557 1656 1610; baseline -0.002 -12"><span class='ocrx_word' id='word_1_232' title='bbox 124 1557 200 1589; x_wconf 80' lang='lat' dir='ltr'>[V0¹·</span> <span class='ocrx_word' id='word_1_233' title='bbox 239 1560 421 1610; x_wconf 85' lang='lat' dir='ltr'>Glasney,</span> <span class='ocrx_word' id='word_1_234' title='bbox 445 1560 512 1598; x_wconf 85' lang='lat' dir='ltr'>the</span> <span class='ocrx_word' id='word_1_235' title='bbox 534 1559 749 1608; x_wconf 74' lang='lat' dir='ltr'>Collegi-ate</span> <span class='ocrx_word' id='word_1_236' title='bbox 780 1558 939 1598; x_wconf 87' lang='lat' dir='ltr'>Church</span> <span class='ocrx_word' id='word_1_237' title='bbox 960 1559 1026 1606; x_wconf 80' lang='lat' dir='ltr'>0f3</span> <span class='ocrx_word' id='word_1_238' title='bbox 1046 1558 1295 1596; x_wconf 80' lang='lat' dir='ltr'>Conditional</span> <span class='ocrx_word' id='word_1_239' title='bbox 1318 1558 1479 1596; x_wconf 91' lang='lat' dir='ltr'>Licence</span> <span class='ocrx_word' id='word_1_240' title='bbox 1499 1559 1539 1596; x_wconf 73' lang='lat' dir='ltr'>of</span> <span class='ocrx_word' id='word_1_241' title='bbox 1563 1571 1656 1596; x_wconf 89' lang='lat' dir='ltr'>non-</span> 
     </span>
    </p>
   </div>
   <div class='ocr_carea' id='block_1_8' title="bbox 126 1592 1656 2743">
    <p class='ocr_par' dir='ltr' id='par_1_12' title="bbox 126 1592 1080 1663">
     <span class='ocr_line' id='line_1_29' title="bbox 126 1592 1080 1663; baseline -0.002 -12"><span class='ocrx_word' id='word_1_242' title='bbox 126 1592 179 1622; x_wconf 66' lang='lat' dir='ltr'>H&#39;]</span> <span class='ocrx_word' id='word_1_243' title='bbox 291 1615 488 1651; x_wconf 87' lang='lat' dir='ltr'>residence</span> <span class='ocrx_word' id='word_1_244' title='bbox 509 1614 674 1663; x_wconf 78' lang='lat' dir='ltr'>granted</span> <span class='ocrx_word' id='word_1_245' title='bbox 698 1621 737 1651; x_wconf 81' lang='lat' dir='ltr'>to</span> <span class='ocrx_word' id='word_1_246' title='bbox 761 1614 827 1650; x_wconf 83' lang='lat' dir='ltr'>the</span> <span class='ocrx_word' id='word_1_247' title='bbox 848 1613 1080 1658; x_wconf 84' lang='lat' dir='ltr'>Provost,—</span> 
     </span>
    </p>

    <p class='ocr_par' dir='ltr' id='par_1_13' title="bbox 236 1666 1656 2743">
     <span class='ocr_line' id='line_1_30' title="bbox 236 1666 1654 1707; baseline -0.001 -9"><span class='ocrx_word' id='word_1_248' title='bbox 236 1667 387 1707; x_wconf 80' lang='lat' dir='ltr'>Thomas,</span> <span class='ocrx_word' id='word_1_249' title='bbox 405 1672 477 1707; x_wconf 60' lang='lat' dir='ltr'>etc„</span> <span class='ocrx_word' id='word_1_250' title='bbox 502 1668 660 1707; x_wconf 83' lang='lat' dir='ltr'>Magistro</span> <span class='ocrx_word' id='word_1_251' title='bbox 684 1667 809 1698; x_wconf 85' lang='lat' dir='ltr'>Thome</span> <span class='ocrx_word' id='word_1_252' title='bbox 827 1667 867 1697; x_wconf 90' lang='lat' dir='ltr'>de</span> <span class='ocrx_word' id='word_1_253' title='bbox 887 1667 1139 1707; x_wconf 75' lang='lat' dir='ltr'>Walkyngtone,</span> <span class='ocrx_word' id='word_1_254' title='bbox 1165 1666 1257 1697; x_wconf 86' lang='lat' dir='ltr'>Jnris</span> <span class='ocrx_word' id='word_1_255' title='bbox 1283 1666 1439 1697; x_wconf 83' lang='lat' dir='ltr'>Canonici</span> <span class='ocrx_word' id='word_1_256' title='bbox 1464 1666 1654 1705; x_wconf 82' lang='lat' dir='ltr'>Professori,</span> 
     </span>
     <span class='ocr_line' id='line_1_31' title="bbox 278 1709 1656 1751; baseline -0.001 -9"><span class='ocrx_word' id='word_1_257' title='bbox 278 1711 520 1751; x_wconf 85' lang='lat' dir='ltr'>Canonicoque,</span> <span class='ocrx_word' id='word_1_258' title='bbox 538 1711 767 1750; x_wconf 81' lang='lat' dir='ltr'>Prebendario,</span> <span class='ocrx_word' id='word_1_259' title='bbox 781 1721 817 1741; x_wconf 82' lang='lat' dir='ltr'>ac</span> <span class='ocrx_word' id='word_1_260' title='bbox 831 1710 1002 1750; x_wconf 79' lang='lat' dir='ltr'>Preposito</span> <span class='ocrx_word' id='word_1_261' title='bbox 1015 1710 1049 1740; x_wconf 88' lang='lat' dir='ltr'>in</span> <span class='ocrx_word' id='word_1_262' title='bbox 1065 1710 1208 1739; x_wconf 82' lang='lat' dir='ltr'>Ecclesia</span> <span class='ocrx_word' id='word_1_263' title='bbox 1222 1713 1335 1740; x_wconf 81' lang='lat' dir='ltr'>nostra</span> <span class='ocrx_word' id='word_1_264' title='bbox 1347 1709 1528 1749; x_wconf 84' lang='lat' dir='ltr'>Collegiata</span> <span class='ocrx_word' id='word_1_265' title='bbox 1540 1711 1656 1741; x_wconf 79' lang='lat' dir='ltr'>Sancti</span> 
     </span>
     <span class='ocr_line' id='line_1_32' title="bbox 276 1753 1655 1795; baseline -0.001 -10"><span class='ocrx_word' id='word_1_266' title='bbox 276 1754 411 1794; x_wconf 80' lang='lat' dir='ltr'>Thmne,</span> <span class='ocrx_word' id='word_1_267' title='bbox 430 1755 585 1792; x_wconf 83' lang='lat' dir='ltr'>Martiris,</span> <span class='ocrx_word' id='word_1_268' title='bbox 604 1755 776 1795; x_wconf 80' lang='lat' dir='ltr'>Glasneye,</span> <span class='ocrx_word' id='word_1_269' title='bbox 800 1754 954 1791; x_wconf 84' lang='lat' dir='ltr'>salutem,</span> <span class='ocrx_word' id='word_1_270' title='bbox 972 1754 1307 1784; x_wconf 85' lang='lat' dir='ltr'>etc.-Attendentes</span> <span class='ocrx_word' id='word_1_271' title='bbox 1332 1753 1534 1792; x_wconf 81' lang='lat' dir='ltr'>presenciam</span> <span class='ocrx_word' id='word_1_272' title='bbox 1559 1757 1655 1784; x_wconf 85' lang='lat' dir='ltr'>tuam</span> 
     </span>
     <span class='ocr_line' id='line_1_33' title="bbox 278 1796 1654 1836; baseline -0.001 -9"><span class='ocrx_word' id='word_1_273' title='bbox 278 1798 371 1828; x_wconf 86' lang='lat' dir='ltr'>nobis</span> <span class='ocrx_word' id='word_1_274' title='bbox 385 1802 417 1828; x_wconf 89' lang='lat' dir='ltr'>et</span> <span class='ocrx_word' id='word_1_275' title='bbox 436 1798 579 1829; x_wconf 84' lang='lat' dir='ltr'>Ecclesie</span> <span class='ocrx_word' id='word_1_276' title='bbox 595 1801 707 1828; x_wconf 88' lang='lat' dir='ltr'>nostre</span> <span class='ocrx_word' id='word_1_277' title='bbox 720 1797 900 1828; x_wconf 84' lang='lat' dir='ltr'>Exoniensi</span> <span class='ocrx_word' id='word_1_278' title='bbox 916 1797 985 1827; x_wconf 76' lang='lat' dir='ltr'>fore</span> <span class='ocrx_word' id='word_1_279' title='bbox 1002 1796 1229 1835; x_wconf 84' lang='lat' dir='ltr'>necessaria-m,</span> <span class='ocrx_word' id='word_1_280' title='bbox 1241 1796 1322 1826; x_wconf 89' lang='lat' dir='ltr'>adeo</span> <span class='ocrx_word' id='word_1_281' title='bbox 1333 1796 1423 1836; x_wconf 85' lang='lat' dir='ltr'>quod</span> <span class='ocrx_word' id='word_1_282' title='bbox 1437 1797 1550 1826; x_wconf 81' lang='lat' dir='ltr'>eadem</span> <span class='ocrx_word' id='word_1_283' title='bbox 1568 1807 1654 1827; x_wconf 90' lang='lat' dir='ltr'>com-</span> 
     </span>
     <span class='ocr_line' id='line_1_34' title="bbox 278 1840 1655 1880; baseline -0.001 -9"><span class='ocrx_word' id='word_1_284' title='bbox 278 1842 373 1871; x_wconf 87' lang='lat' dir='ltr'>mode</span> <span class='ocrx_word' id='word_1_285' title='bbox 391 1852 498 1872; x_wconf 87' lang='lat' dir='ltr'>carere</span> <span class='ocrx_word' id='word_1_286' title='bbox 523 1852 588 1871; x_wconf 90' lang='lat' dir='ltr'>non</span> <span class='ocrx_word' id='word_1_287' title='bbox 605 1841 753 1871; x_wconf 80' lang='lat' dir='ltr'>valemus</span> <span class='ocrx_word' id='word_1_288' title='bbox 771 1852 777 1879; x_wconf 86' lang='lat'><em>;</em></span> <span class='ocrx_word' id='word_1_289' title='bbox 802 1841 879 1871; x_wconf 88' lang='lat' dir='ltr'>hinc</span> <span class='ocrx_word' id='word_1_290' title='bbox 896 1843 947 1870; x_wconf 87' lang='lat' dir='ltr'>est</span> <span class='ocrx_word' id='word_1_291' title='bbox 970 1840 1072 1880; x_wconf 81' lang='lat' dir='ltr'>quod,</span> <span class='ocrx_word' id='word_1_292' title='bbox 1091 1840 1252 1879; x_wconf 87' lang='lat' dir='ltr'>quamdiu</span> <span class='ocrx_word' id='word_1_293' title='bbox 1271 1840 1303 1869; x_wconf 89' lang='lat' dir='ltr'>in</span> <span class='ocrx_word' id='word_1_294' title='bbox 1322 1840 1444 1870; x_wconf 88' lang='lat' dir='ltr'>nostris</span> <span class='ocrx_word' id='word_1_295' title='bbox 1461 1843 1494 1870; x_wconf 87' lang='lat' dir='ltr'>et</span> <span class='ocrx_word' id='word_1_296' title='bbox 1512 1840 1655 1870; x_wconf 86' lang='lat' dir='ltr'>Ecclesie</span> 
     </span>
     <span class='ocr_line' id='line_1_35' title="bbox 277 1883 1654 1923; baseline 0 -9"><span class='ocrx_word' id='word_1_297' title='bbox 277 1889 390 1915; x_wconf 83' lang='lat' dir='ltr'>nostre</span> <span class='ocrx_word' id='word_1_298' title='bbox 407 1885 603 1915; x_wconf 80' lang='lat' dir='ltr'>Exoniensis</span> <span class='ocrx_word' id='word_1_299' title='bbox 621 1885 838 1915; x_wconf 72' lang='lat' dir='ltr'>familiaribus</span> <span class='ocrx_word' id='word_1_300' title='bbox 855 1883 1021 1923; x_wconf 83' lang='lat' dir='ltr'>obsequiis</span> <span class='ocrx_word' id='word_1_301' title='bbox 1038 1883 1180 1922; x_wconf 75' lang='lat' dir='ltr'>insistas,</span> <span class='ocrx_word' id='word_1_302' title='bbox 1195 1883 1245 1913; x_wconf 90' lang='lat' dir='ltr'>vel</span> <span class='ocrx_word' id='word_1_303' title='bbox 1263 1883 1295 1913; x_wconf 90' lang='lat' dir='ltr'>in</span> <span class='ocrx_word' id='word_1_304' title='bbox 1315 1883 1415 1914; x_wconf 81' lang='lat' dir='ltr'>Curia</span> <span class='ocrx_word' id='word_1_305' title='bbox 1432 1883 1581 1913; x_wconf 82' lang='lat' dir='ltr'>Romana</span> <span class='ocrx_word' id='word_1_306' title='bbox 1596 1894 1654 1914; x_wconf 86' lang='lat' dir='ltr'>seu</span> 
     </span>
     <span class='ocr_line' id='line_1_36' title="bbox 276 1926 1653 1968; baseline -0.001 -10"><span class='ocrx_word' id='word_1_307' title='bbox 276 1928 339 1958; x_wconf 83' lang='lat' dir='ltr'>alia</span> <span class='ocrx_word' id='word_1_308' title='bbox 352 1938 562 1968; x_wconf 87' lang='lat' dir='ltr'>quacumque</span> <span class='ocrx_word' id='word_1_309' title='bbox 579 1938 637 1967; x_wconf 86' lang='lat' dir='ltr'>pro</span> <span class='ocrx_word' id='word_1_310' title='bbox 654 1928 727 1968; x_wconf 82' lang='lat' dir='ltr'>jure</span> <span class='ocrx_word' id='word_1_311' title='bbox 742 1926 981 1958; x_wconf 82' lang='lat' dir='ltr'>Beneficiorum</span> <span class='ocrx_word' id='word_1_312' title='bbox 999 1931 1135 1957; x_wconf 89' lang='lat' dir='ltr'>tuorum</span> <span class='ocrx_word' id='word_1_313' title='bbox 1153 1927 1419 1966; x_wconf 86' lang='lat' dir='ltr'>supradictorum</span> <span class='ocrx_word' id='word_1_314' title='bbox 1436 1927 1653 1966; x_wconf 76' lang='lat' dir='ltr'>prosequaris,</span> 
     </span>
     <span class='ocr_line' id='line_1_37' title="bbox 276 1969 1653 2011; baseline -0.001 -10"><span class='ocrx_word' id='word_1_315' title='bbox 276 1982 334 2001; x_wconf 86' lang='lat' dir='ltr'>seu</span> <span class='ocrx_word' id='word_1_316' title='bbox 352 1982 451 2011; x_wconf 85' lang='lat' dir='ltr'>super</span> <span class='ocrx_word' id='word_1_317' title='bbox 469 1971 592 2001; x_wconf 86' lang='lat' dir='ltr'>eisdem</span> <span class='ocrx_word' id='word_1_318' title='bbox 610 1971 703 2001; x_wconf 87' lang='lat' dir='ltr'>litem</span> <span class='ocrx_word' id='word_1_319' title='bbox 721 1971 869 2011; x_wconf 83' lang='lat' dir='ltr'>paciaris,</span> <span class='ocrx_word' id='word_1_320' title='bbox 886 1970 927 2000; x_wconf 86' lang='lat' dir='ltr'>ab</span> <span class='ocrx_word' id='word_1_321' title='bbox 951 1969 1146 2010; x_wconf 85' lang='lat' dir='ltr'>hujusmodi</span> <span class='ocrx_word' id='word_1_322' title='bbox 1164 1969 1335 2000; x_wconf 83' lang='lat' dir='ltr'>Beneficiis</span> <span class='ocrx_word' id='word_1_323' title='bbox 1359 1970 1427 2000; x_wconf 81' lang='lat' dir='ltr'>tuis</span> <span class='ocrx_word' id='word_1_324' title='bbox 1445 1974 1477 2000; x_wconf 85' lang='lat' dir='ltr'>te</span> <span class='ocrx_word' id='word_1_325' title='bbox 1493 1970 1583 2000; x_wconf 88' lang='lat' dir='ltr'>licite</span> <span class='ocrx_word' id='word_1_326' title='bbox 1599 1971 1653 2001; x_wconf 85' lang='lat' dir='ltr'>ab·</span> 
     </span>
     <span class='ocr_line' id='line_1_38' title="bbox 277 2013 1654 2054; baseline -0.001 -9"><span class='ocrx_word' id='word_1_327' title='bbox 277 2018 420 2052; x_wconf 87' lang='lat' dir='ltr'>sentare,</span> <span class='ocrx_word' id='word_1_328' title='bbox 439 2025 474 2044; x_wconf 84' lang='lat' dir='ltr'>ac</span> <span class='ocrx_word' id='word_1_329' title='bbox 490 2014 625 2045; x_wconf 83' lang='lat' dir='ltr'>interim</span> <span class='ocrx_word' id='word_1_330' title='bbox 641 2014 770 2054; x_wconf 79' lang='lat' dir='ltr'>integre</span> <span class='ocrx_word' id='word_1_331' title='bbox 786 2014 1051 2051; x_wconf 76' lang='lat' dir='ltr'>distribuciones,</span> <span class='ocrx_word' id='word_1_332' title='bbox 1068 2016 1137 2043; x_wconf 84' lang='lat' dir='ltr'>tam</span> <span class='ocrx_word' id='word_1_333' title='bbox 1150 2023 1345 2043; x_wconf 86' lang='lat' dir='ltr'>communes</span> <span class='ocrx_word' id='word_1_334' title='bbox 1358 2023 1457 2053; x_wconf 83' lang='lat' dir='ltr'>quam</span> <span class='ocrx_word' id='word_1_335' title='bbox 1473 2013 1654 2053; x_wconf 80' lang='lat' dir='ltr'>singulares</span> 
     </span>
     <span class='ocr_line' id='line_1_39' title="bbox 278 2057 1654 2098; baseline -0.001 -10"><span class='ocrx_word' id='word_1_336' title='bbox 278 2061 312 2088; x_wconf 91' lang='lat' dir='ltr'>et</span> <span class='ocrx_word' id='word_1_337' title='bbox 322 2057 503 2088; x_wconf 87' lang='lat' dir='ltr'>cotidianas</span> <span class='ocrx_word' id='word_1_338' title='bbox 515 2058 710 2088; x_wconf 84' lang='lat' dir='ltr'>dividendas</span> <span class='ocrx_word' id='word_1_339' title='bbox 723 2067 933 2098; x_wconf 87' lang='lat' dir='ltr'>quocumque</span> <span class='ocrx_word' id='word_1_340' title='bbox 947 2057 1080 2086; x_wconf 85' lang='lat' dir='ltr'>nomine</span> <span class='ocrx_word' id='word_1_341' title='bbox 1092 2061 1378 2096; x_wconf 77' lang='lat' dir='ltr'>nuncuparentur,</span> <span class='ocrx_word' id='word_1_342' title='bbox 1391 2066 1516 2086; x_wconf 84' lang='lat' dir='ltr'>necnon</span> <span class='ocrx_word' id='word_1_343' title='bbox 1529 2060 1654 2087; x_wconf 80' lang='lat' dir='ltr'>ceteros</span> 
     </span>
     <span class='ocr_line' id='line_1_40' title="bbox 276 2099 1655 2141; baseline -0.001 -10"><span class='ocrx_word' id='word_1_344' title='bbox 276 2101 427 2131; x_wconf 85' lang='lat' dir='ltr'>redditus</span> <span class='ocrx_word' id='word_1_345' title='bbox 444 2104 478 2131; x_wconf 87' lang='lat' dir='ltr'>et</span> <span class='ocrx_word' id='word_1_346' title='bbox 494 2104 674 2141; x_wconf 85' lang='lat' dir='ltr'>proventus</span> <span class='ocrx_word' id='word_1_347' title='bbox 697 2110 926 2141; x_wconf 84' lang='lat' dir='ltr'>quoscumque</span> <span class='ocrx_word' id='word_1_348' title='bbox 952 2100 985 2130; x_wconf 89' lang='lat' dir='ltr'>in</span> <span class='ocrx_word' id='word_1_349' title='bbox 1011 2100 1280 2140; x_wconf 85' lang='lat' dir='ltr'>quibuscumque</span> <span class='ocrx_word' id='word_1_350' title='bbox 1303 2099 1403 2130; x_wconf 87' lang='lat' dir='ltr'>rebus</span> <span class='ocrx_word' id='word_1_351' title='bbox 1419 2101 1604 2130; x_wconf 84' lang='lat' dir='ltr'>consistant</span> <span class='ocrx_word' id='word_1_352' title='bbox 1620 2104 1655 2130; x_wconf 89' lang='lat' dir='ltr'>et</span> 
     </span>
     <span class='ocr_line' id='line_1_41' title="bbox 278 2143 1653 2185; baseline 0 -11"><span class='ocrx_word' id='word_1_353' title='bbox 278 2144 565 2185; x_wconf 82' lang='lat' dir='ltr'>qualitercumque</span> <span class='ocrx_word' id='word_1_354' title='bbox 582 2144 771 2183; x_wconf 84' lang='lat' dir='ltr'>obveniant,</span> <span class='ocrx_word' id='word_1_355' title='bbox 789 2144 877 2174; x_wconf 84' lang='lat' dir='ltr'>licite</span> <span class='ocrx_word' id='word_1_356' title='bbox 895 2143 1059 2183; x_wconf 86' lang='lat' dir='ltr'>percipere</span> <span class='ocrx_word' id='word_1_357' title='bbox 1076 2146 1109 2173; x_wconf 85' lang='lat' dir='ltr'>et</span> <span class='ocrx_word' id='word_1_358' title='bbox 1125 2143 1277 2182; x_wconf 85' lang='lat' dir='ltr'>optinere</span> <span class='ocrx_word' id='word_1_359' title='bbox 1290 2143 1406 2181; x_wconf 83' lang='lat' dir='ltr'>valeas,</span> <span class='ocrx_word' id='word_1_360' title='bbox 1418 2153 1455 2173; x_wconf 83' lang='lat' dir='ltr'>ac</span> <span class='ocrx_word' id='word_1_361' title='bbox 1471 2143 1497 2173; x_wconf 89' lang='lat' dir='ltr'>si</span> <span class='ocrx_word' id='word_1_362' title='bbox 1511 2143 1653 2174; x_wconf 82' lang='lat' dir='ltr'>residen-</span> 
     </span>
     <span class='ocr_line' id='line_1_42' title="bbox 277 2186 1653 2227; baseline 0 -10"><span class='ocrx_word' id='word_1_363' title='bbox 277 2188 359 2217; x_wconf 87' lang='lat' dir='ltr'>ciam</span> <span class='ocrx_word' id='word_1_364' title='bbox 381 2188 416 2217; x_wconf 89' lang='lat' dir='ltr'>in</span> <span class='ocrx_word' id='word_1_365' title='bbox 442 2187 585 2218; x_wconf 84' lang='lat' dir='ltr'>Ecclesia</span> <span class='ocrx_word' id='word_1_366' title='bbox 611 2188 756 2226; x_wconf 82' lang='lat' dir='ltr'>predicta</span> <span class='ocrx_word' id='word_1_367' title='bbox 780 2186 984 2227; x_wconf 79' lang='lat' dir='ltr'>personalem</span> <span class='ocrx_word' id='word_1_368' title='bbox 1007 2186 1130 2216; x_wconf 81' lang='lat' dir='ltr'>faceres</span> <span class='ocrx_word' id='word_1_369' title='bbox 1162 2196 1199 2216; x_wconf 86' lang='lat' dir='ltr'>ac</span> <span class='ocrx_word' id='word_1_370' title='bbox 1223 2186 1352 2216; x_wconf 85' lang='lat' dir='ltr'>Divinis</span> <span class='ocrx_word' id='word_1_371' title='bbox 1377 2186 1565 2224; x_wconf 87' lang='lat' dir='ltr'>interesses,</span> <span class='ocrx_word' id='word_1_372' title='bbox 1591 2187 1653 2217; x_wconf 84' lang='lat' dir='ltr'>tibi</span> 
     </span>
     <span class='ocr_line' id='line_1_43' title="bbox 278 2229 1654 2271; baseline 0 -11"><span class='ocrx_word' id='word_1_373' title='bbox 278 2231 463 2261; x_wconf 85' lang='lat' dir='ltr'>Licenciam</span> <span class='ocrx_word' id='word_1_374' title='bbox 481 2231 692 2261; x_wconf 82' lang='lat' dir='ltr'>concedimus</span> <span class='ocrx_word' id='word_1_375' title='bbox 709 2230 893 2271; x_wconf 81' lang='lat' dir='ltr'>specialem,</span> <span class='ocrx_word' id='word_1_376' title='bbox 911 2233 946 2260; x_wconf 88' lang='lat' dir='ltr'>et</span> <span class='ocrx_word' id='word_1_377' title='bbox 963 2233 1072 2260; x_wconf 87' lang='lat' dir='ltr'>tecum</span> <span class='ocrx_word' id='word_1_378' title='bbox 1090 2239 1189 2268; x_wconf 89' lang='lat' dir='ltr'>super</span> <span class='ocrx_word' id='word_1_379' title='bbox 1205 2229 1340 2266; x_wconf 85' lang='lat' dir='ltr'>eisdem,</span> <span class='ocrx_word' id='word_1_380' title='bbox 1358 2239 1424 2259; x_wconf 88' lang='lat' dir='ltr'>non</span> <span class='ocrx_word' id='word_1_381' title='bbox 1441 2229 1654 2260; x_wconf 82' lang='lat' dir='ltr'>obstantibus</span> 
     </span>
     <span class='ocr_line' id='line_1_44' title="bbox 279 2272 1652 2314; baseline -0.001 -10"><span class='ocrx_word' id='word_1_382' title='bbox 279 2274 546 2314; x_wconf 84' lang='lat' dir='ltr'>quibuscumque</span> <span class='ocrx_word' id='word_1_383' title='bbox 563 2274 709 2304; x_wconf 80' lang='lat' dir='ltr'>Statutis</span> <span class='ocrx_word' id='word_1_384' title='bbox 725 2275 793 2304; x_wconf 88' lang='lat' dir='ltr'>sive</span> <span class='ocrx_word' id='word_1_385' title='bbox 811 2272 1088 2304; x_wconf 79' lang='lat' dir='ltr'>Ordinacionibus</span> <span class='ocrx_word' id='word_1_386' title='bbox 1100 2273 1187 2302; x_wconf 84' lang='lat' dir='ltr'>dicte</span> <span class='ocrx_word' id='word_1_387' title='bbox 1205 2272 1349 2302; x_wconf 86' lang='lat' dir='ltr'>Ecclesie</span> <span class='ocrx_word' id='word_1_388' title='bbox 1363 2282 1419 2311; x_wconf 90' lang='lat' dir='ltr'>per</span> <span class='ocrx_word' id='word_1_389' title='bbox 1430 2276 1559 2303; x_wconf 80' lang='lat' dir='ltr'>nostros</span> <span class='ocrx_word' id='word_1_390' title='bbox 1578 2273 1652 2303; x_wconf 83' lang='lat' dir='ltr'>Pre-</span> 
     </span>
     <span class='ocr_line' id='line_1_45' title="bbox 278 2315 1653 2355; baseline -0.001 -8"><span class='ocrx_word' id='word_1_391' title='bbox 278 2319 461 2347; x_wconf 78' lang='lat' dir='ltr'>decessores</span> <span class='ocrx_word' id='word_1_392' title='bbox 477 2317 585 2355; x_wconf 81' lang='lat' dir='ltr'>edit-is,</span> <span class='ocrx_word' id='word_1_393' title='bbox 603 2321 717 2347; x_wconf 90' lang='lat' dir='ltr'>tenore</span> <span class='ocrx_word' id='word_1_394' title='bbox 734 2316 949 2347; x_wconf 85' lang='lat' dir='ltr'>Presencium</span> <span class='ocrx_word' id='word_1_395' title='bbox 960 2327 999 2346; x_wconf 87' lang='lat' dir='ltr'>ex</span> <span class='ocrx_word' id='word_1_396' title='bbox 1013 2319 1102 2346; x_wconf 81' lang='lat' dir='ltr'>certa</span> <span class='ocrx_word' id='word_1_397' title='bbox 1118 2318 1231 2345; x_wconf 82' lang='lat' dir='ltr'>nostra</span> <span class='ocrx_word' id='word_1_398' title='bbox 1247 2315 1386 2346; x_wconf 89' lang='lat' dir='ltr'>sciencia</span> <span class='ocrx_word' id='word_1_399' title='bbox 1399 2315 1629 2355; x_wconf 84' lang='lat' dir='ltr'>dispensamus</span> <span class='ocrx_word' id='word_1_400' title='bbox 1645 2326 1653 2353; x_wconf 89' lang='grc'><strong>;</strong></span> 
     </span>
     <span class='ocr_line' id='line_1_46' title="bbox 277 2358 1651 2400; baseline 0.001 -11"><span class='ocrx_word' id='word_1_401' title='bbox 277 2360 435 2400; x_wconf 88' lang='lat' dir='ltr'>quodque</span> <span class='ocrx_word' id='word_1_402' title='bbox 453 2360 626 2391; x_wconf 86' lang='lat' dir='ltr'>Canonicis</span> <span class='ocrx_word' id='word_1_403' title='bbox 644 2360 806 2390; x_wconf 85' lang='lat' dir='ltr'>universis</span> <span class='ocrx_word' id='word_1_404' title='bbox 823 2363 857 2389; x_wconf 88' lang='lat' dir='ltr'>et</span> <span class='ocrx_word' id='word_1_405' title='bbox 873 2359 1012 2399; x_wconf 82' lang='lat' dir='ltr'>singulis</span> <span class='ocrx_word' id='word_1_406' title='bbox 1029 2359 1063 2388; x_wconf 90' lang='lat' dir='ltr'>in</span> <span class='ocrx_word' id='word_1_407' title='bbox 1081 2358 1226 2389; x_wconf 88' lang='lat' dir='ltr'>Ecclesia</span> <span class='ocrx_word' id='word_1_408' title='bbox 1249 2361 1364 2389; x_wconf 86' lang='lat' dir='ltr'>nostra</span> <span class='ocrx_word' id='word_1_409' title='bbox 1383 2358 1563 2398; x_wconf 83' lang='lat' dir='ltr'>Collegiata</span> <span class='ocrx_word' id='word_1_410' title='bbox 1581 2370 1651 2399; x_wconf 89' lang='lat' dir='ltr'>pre—</span> 
     </span>
     <span class='ocr_line' id='line_1_47' title="bbox 278 2401 1652 2443; baseline 0 -10"><span class='ocrx_word' id='word_1_411' title='bbox 278 2403 376 2441; x_wconf 81' lang='lat' dir='ltr'>dicta,</span> <span class='ocrx_word' id='word_1_412' title='bbox 393 2403 426 2433; x_wconf 90' lang='lat' dir='ltr'>in</span> <span class='ocrx_word' id='word_1_413' title='bbox 445 2403 588 2443; x_wconf 79' lang='lat' dir='ltr'>presenti</span> <span class='ocrx_word' id='word_1_414' title='bbox 604 2407 638 2433; x_wconf 91' lang='lat' dir='ltr'>et</span> <span class='ocrx_word' id='word_1_415' title='bbox 661 2403 695 2434; x_wconf 90' lang='lat' dir='ltr'>in</span> <span class='ocrx_word' id='word_1_416' title='bbox 719 2403 874 2434; x_wconf 85' lang='lat' dir='ltr'>futurum</span> <span class='ocrx_word' id='word_1_417' title='bbox 899 2402 1133 2439; x_wconf 86' lang='lat' dir='ltr'>residentibus,</span> <span class='ocrx_word' id='word_1_418' title='bbox 1158 2402 1280 2431; x_wconf 90' lang='lat' dir='ltr'>nostris</span> <span class='ocrx_word' id='word_1_419' title='bbox 1304 2401 1514 2441; x_wconf 89' lang='lat' dir='ltr'>presentibus</span> <span class='ocrx_word' id='word_1_420' title='bbox 1533 2402 1652 2433; x_wconf 85' lang='lat' dir='ltr'>Literis</span> 
     </span>
     <span class='ocr_line' id='line_1_48' title="bbox 277 2444 1652 2486; baseline 0 -10"><span class='ocrx_word' id='word_1_421' title='bbox 277 2446 395 2476; x_wconf 87' lang='lat' dir='ltr'>damus</span> <span class='ocrx_word' id='word_1_422' title='bbox 420 2446 453 2476; x_wconf 89' lang='lat' dir='ltr'>in</span> <span class='ocrx_word' id='word_1_423' title='bbox 484 2447 647 2486; x_wconf 83' lang='lat' dir='ltr'>preceptis</span> <span class='ocrx_word' id='word_1_424' title='bbox 673 2447 763 2486; x_wconf 90' lang='lat' dir='ltr'>quod</span> <span class='ocrx_word' id='word_1_425' title='bbox 789 2445 860 2484; x_wconf 85' lang='lat' dir='ltr'>tibi,</span> <span class='ocrx_word' id='word_1_426' title='bbox 895 2448 934 2475; x_wconf 87' lang='lat' dir='ltr'>ut</span> <span class='ocrx_word' id='word_1_427' title='bbox 960 2445 1057 2475; x_wconf 81' lang='lat' dir='ltr'>alteri</span> <span class='ocrx_word' id='word_1_428' title='bbox 1088 2445 1304 2484; x_wconf 83' lang='lat' dir='ltr'>personaliter</span> <span class='ocrx_word' id='word_1_429' title='bbox 1331 2445 1363 2474; x_wconf 89' lang='lat' dir='ltr'>in</span> <span class='ocrx_word' id='word_1_430' title='bbox 1390 2444 1479 2474; x_wconf 86' lang='lat' dir='ltr'>dicta</span> <span class='ocrx_word' id='word_1_431' title='bbox 1511 2446 1652 2476; x_wconf 85' lang='lat' dir='ltr'>Ecclesia</span> 
     </span>
     <span class='ocr_line' id='line_1_49' title="bbox 278 2487 1653 2527; baseline 0 -8"><span class='ocrx_word' id='word_1_432' title='bbox 278 2489 437 2519; x_wconf 88' lang='lat' dir='ltr'>residenti</span> <span class='ocrx_word' id='word_1_433' title='bbox 461 2494 494 2519; x_wconf 87' lang='lat' dir='ltr'>et</span> <span class='ocrx_word' id='word_1_434' title='bbox 518 2489 647 2520; x_wconf 79' lang='lat' dir='ltr'>Divinis</span> <span class='ocrx_word' id='word_1_435' title='bbox 680 2490 802 2520; x_wconf 87' lang='lat' dir='ltr'>Officiis</span> <span class='ocrx_word' id='word_1_436' title='bbox 833 2488 1054 2526; x_wconf 65' lang='lat' dir='ltr'>interessenffi,</span> <span class='ocrx_word' id='word_1_437' title='bbox 1087 2488 1128 2518; x_wconf 82' lang='lat' dir='ltr'>de</span> <span class='ocrx_word' id='word_1_438' title='bbox 1159 2487 1327 2527; x_wconf 78' lang='lat' dir='ltr'>premissis</span> <span class='ocrx_word' id='word_1_439' title='bbox 1358 2488 1653 2519; x_wconf 86' lang='lat' dir='ltr'>distribucionibus</span> 
     </span>
     <span class='ocr_line' id='line_1_50' title="bbox 278 2530 1653 2572; baseline 0 -10"><span class='ocrx_word' id='word_1_440' title='bbox 278 2532 440 2562; x_wconf 88' lang='lat' dir='ltr'>universis</span> <span class='ocrx_word' id='word_1_441' title='bbox 456 2535 490 2562; x_wconf 89' lang='lat' dir='ltr'>et</span> <span class='ocrx_word' id='word_1_442' title='bbox 506 2532 654 2572; x_wconf 84' lang='lat' dir='ltr'>singulis,</span> <span class='ocrx_word' id='word_1_443' title='bbox 668 2532 965 2572; x_wconf 87' lang='lat' dir='ltr'>proventubusque</span> <span class='ocrx_word' id='word_1_444' title='bbox 981 2531 1053 2561; x_wconf 85' lang='lat' dir='ltr'>aliis</span> <span class='ocrx_word' id='word_1_445' title='bbox 1069 2531 1110 2560; x_wconf 88' lang='lat' dir='ltr'>de</span> <span class='ocrx_word' id='word_1_446' title='bbox 1123 2530 1244 2570; x_wconf 87' lang='lat' dir='ltr'>quibus</span> <span class='ocrx_word' id='word_1_447' title='bbox 1262 2530 1459 2570; x_wconf 87' lang='lat' dir='ltr'>premissum</span> <span class='ocrx_word' id='word_1_448' title='bbox 1477 2535 1528 2561; x_wconf 90' lang='lat' dir='ltr'>est</span> <span class='ocrx_word' id='word_1_449' title='bbox 1541 2532 1653 2562; x_wconf 90' lang='lat' dir='ltr'>debite</span> 
     </span>
     <span class='ocr_line' id='line_1_51' title="bbox 278 2574 1651 2615; baseline -0.001 -9"><span class='ocrx_word' id='word_1_450' title='bbox 278 2576 499 2615; x_wconf 83' lang='lat' dir='ltr'>respondeant</span> <span class='ocrx_word' id='word_1_451' title='bbox 516 2578 549 2605; x_wconf 90' lang='lat' dir='ltr'>et</span> <span class='ocrx_word' id='word_1_452' title='bbox 564 2576 692 2615; x_wconf 86' lang='lat' dir='ltr'>integre</span> <span class='ocrx_word' id='word_1_453' title='bbox 708 2575 914 2606; x_wconf 83' lang='lat' dir='ltr'>satisfaciant</span> <span class='ocrx_word' id='word_1_454' title='bbox 933 2575 973 2604; x_wconf 83' lang='lat' dir='ltr'>de</span> <span class='ocrx_word' id='word_1_455' title='bbox 997 2574 1131 2612; x_wconf 88' lang='lat' dir='ltr'>eisdem,</span> <span class='ocrx_word' id='word_1_456' title='bbox 1149 2574 1299 2603; x_wconf 85' lang='lat' dir='ltr'>absencia</span> <span class='ocrx_word' id='word_1_457' title='bbox 1323 2578 1382 2604; x_wconf 82' lang='lat' dir='ltr'>tua</span> <span class='ocrx_word' id='word_1_458' title='bbox 1406 2584 1470 2604; x_wconf 91' lang='lat' dir='ltr'>non</span> <span class='ocrx_word' id='word_1_459' title='bbox 1488 2575 1651 2614; x_wconf 85' lang='lat' dir='ltr'>obstante,</span> 
     </span>
     <span class='ocr_line' id='line_1_52' title="bbox 278 2616 1654 2658; baseline 0 -9"><span class='ocrx_word' id='word_1_460' title='bbox 278 2621 318 2649; x_wconf 85' lang='lat' dir='ltr'>ut</span> <span class='ocrx_word' id='word_1_461' title='bbox 342 2618 550 2658; x_wconf 86' lang='lat' dir='ltr'>premittitur</span> <span class='ocrx_word' id='word_1_462' title='bbox 573 2618 874 2649; x_wconf 77' lang='lat' dir='ltr'>causata.—Date(l</span> <span class='ocrx_word' id='word_1_463' title='bbox 897 2620 934 2648; x_wconf 87' lang='lat' dir='ltr'>at</span> <span class='ocrx_word' id='word_1_464' title='bbox 958 2617 1127 2654; x_wconf 82' lang='lat' dir='ltr'>Crediton,</span> <span class='ocrx_word' id='word_1_465' title='bbox 1149 2618 1187 2647; x_wconf 89' lang='lat'>16</span> <span class='ocrx_word' id='word_1_466' title='bbox 1206 2616 1356 2647; x_wconf 86' lang='lat' dir='ltr'>October.</span> <span class='ocrx_word' id='word_1_467' title='bbox 1402 2617 1495 2656; x_wconf 83' lang='lat' dir='ltr'>[This</span> <span class='ocrx_word' id='word_1_468' title='bbox 1512 2618 1610 2649; x_wconf 83' lang='lat' dir='ltr'>letter</span> <span class='ocrx_word' id='word_1_469' title='bbox 1627 2619 1654 2649; x_wconf 89' lang='lat' dir='ltr'>is</span> 
     </span>
     <span class='ocr_line' id='line_1_53' title="bbox 278 2660 1654 2701; baseline 0.001 -10"><span class='ocrx_word' id='word_1_470' title='bbox 278 2661 411 2692; x_wconf 87' lang='lat' dir='ltr'>written</span> <span class='ocrx_word' id='word_1_471' title='bbox 427 2671 469 2691; x_wconf 91' lang='lat' dir='ltr'>on</span> <span class='ocrx_word' id='word_1_472' title='bbox 486 2672 504 2691; x_wconf 86' lang='lat' dir='ltr'>a</span> <span class='ocrx_word' id='word_1_473' title='bbox 521 2661 582 2701; x_wconf 87' lang='lat' dir='ltr'>slip</span> <span class='ocrx_word' id='word_1_474' title='bbox 599 2661 632 2691; x_wconf 72' lang='lat' dir='ltr'>of</span> <span class='ocrx_word' id='word_1_475' title='bbox 649 2662 782 2700; x_wconf 88' lang='lat' dir='ltr'>vellum,</span> <span class='ocrx_word' id='word_1_476' title='bbox 796 2661 904 2691; x_wconf 84' lang='lat' dir='ltr'>which</span> <span class='ocrx_word' id='word_1_477' title='bbox 922 2660 979 2690; x_wconf 82' lang='lat' dir='ltr'>has</span> <span class='ocrx_word' id='word_1_478' title='bbox 993 2660 1074 2689; x_wconf 86' lang='lat' dir='ltr'>been</span> <span class='ocrx_word' id='word_1_479' title='bbox 1092 2660 1205 2689; x_wconf 86' lang='lat' dir='ltr'>bound</span> <span class='ocrx_word' id='word_1_480' title='bbox 1222 2660 1256 2690; x_wconf 89' lang='lat' dir='ltr'>in</span> <span class='ocrx_word' id='word_1_481' title='bbox 1275 2660 1423 2690; x_wconf 86' lang='lat' dir='ltr'>between</span> <span class='ocrx_word' id='word_1_482' title='bbox 1439 2661 1535 2692; x_wconf 85' lang='lat' dir='ltr'>folios</span> <span class='ocrx_word' id='word_1_483' title='bbox 1552 2663 1570 2693; x_wconf 85' lang='lat'><strong>3</strong></span> <span class='ocrx_word' id='word_1_484' title='bbox 1587 2664 1654 2693; x_wconf 89' lang='lat' dir='ltr'>and</span> 
     </span>
     <span class='ocr_line' id='line_1_54' title="bbox 279 2701 1152 2743; baseline -0.003 -8"><span class='ocrx_word' id='word_1_485' title='bbox 279 2706 298 2735; x_wconf 88' lang='lat'>4</span> <span class='ocrx_word' id='word_1_486' title='bbox 314 2704 348 2735; x_wconf 77' lang='lat' dir='ltr'>of</span> <span class='ocrx_word' id='word_1_487' title='bbox 370 2704 429 2735; x_wconf 87' lang='lat' dir='ltr'>the</span> <span class='ocrx_word' id='word_1_488' title='bbox 445 2704 596 2743; x_wconf 85' lang='lat' dir='ltr'>Register</span> <span class='ocrx_word' id='word_1_489' title='bbox 612 2704 646 2734; x_wconf 82' lang='lat' dir='ltr'>of</span> <span class='ocrx_word' id='word_1_490' title='bbox 669 2705 773 2742; x_wconf 82' lang='lat' dir='ltr'>Royal</span> <span class='ocrx_word' id='word_1_491' title='bbox 792 2705 921 2734; x_wconf 89' lang='lat' dir='ltr'>Letters</span> <span class='ocrx_word' id='word_1_492' title='bbox 937 2704 1002 2733; x_wconf 86' lang='lat' dir='ltr'>and</span> <span class='ocrx_word' id='word_1_493' title='bbox 1019 2701 1152 2742; x_wconf 85' lang='lat' dir='ltr'>Writs.]</span> 
     </span>
    </p>
   </div>
   <div class='ocr_carea' id='block_1_9' title="bbox 128 2776 1657 2861">
    <p class='ocr_par' dir='ltr' id='par_1_14' title="bbox 128 2776 1657 2861">
     <span class='ocr_line' id='line_1_55' title="bbox 128 2776 1655 2820; baseline 0 -10"><span class='ocrx_word' id='word_1_494' title='bbox 128 2779 140 2798; x_wconf 77' lang='lat'>²</span> <span class='ocrx_word' id='word_1_495' title='bbox 157 2780 241 2811; x_wconf 91' lang='lat' dir='ltr'>Now</span> <span class='ocrx_word' id='word_1_496' title='bbox 257 2778 444 2818; x_wconf 83' lang='lat' dir='ltr'>commonly</span> <span class='ocrx_word' id='word_1_497' title='bbox 461 2778 582 2808; x_wconf 90' lang='lat' dir='ltr'>known</span> <span class='ocrx_word' id='word_1_498' title='bbox 599 2789 632 2808; x_wconf 85' lang='lat' dir='ltr'>as</span> <span class='ocrx_word' id='word_1_499' title='bbox 649 2778 777 2809; x_wconf 85' lang='lat' dir='ltr'>Tresco.</span> <span class='ocrx_word' id='word_1_500' title='bbox 824 2778 857 2808; x_wconf 85' lang='lat' dir='ltr'>It</span> <span class='ocrx_word' id='word_1_501' title='bbox 968 2776 1073 2807; x_wconf 85' lang='lat' dir='ltr'>called</span> <span class='ocrx_word' id='word_1_502' title='bbox 1090 2776 1108 2790; x_wconf 90' lang='lat'><strong>“</strong></span> <span class='ocrx_word' id='word_1_503' title='bbox 1121 2777 1238 2807; x_wconf 85' lang='lat' dir='ltr'>Tresco</span> <span class='ocrx_word' id='word_1_504' title='bbox 1256 2777 1405 2817; x_wconf 85' lang='lat' dir='ltr'>Abbey.¹’</span> <span class='ocrx_word' id='word_1_505' title='bbox 1451 2777 1520 2808; x_wconf 89' lang='lat' dir='ltr'>The</span> <span class='ocrx_word' id='word_1_506' title='bbox 1539 2779 1655 2820; x_wconf 86' lang='lat' dir='ltr'>Priory</span> 
     </span>
     <span class='ocr_line' id='line_1_56' title="bbox 172 2819 1657 2861; baseline 0.001 -8"><span class='ocrx_word' id='word_1_507' title='bbox 172 2822 323 2854; x_wconf 81' lang='lat' dir='ltr'>contains</span> <span class='ocrx_word' id='word_1_508' title='bbox 346 2822 404 2853; x_wconf 91' lang='lat' dir='ltr'>the</span> <span class='ocrx_word' id='word_1_509' title='bbox 427 2821 594 2852; x_wconf 84' lang='lat' dir='ltr'>residence</span> <span class='ocrx_word' id='word_1_510' title='bbox 617 2821 650 2851; x_wconf 78' lang='lat' dir='ltr'>of</span> <span class='ocrx_word' id='word_1_511' title='bbox 672 2821 730 2852; x_wconf 88' lang='lat' dir='ltr'>the</span> <span class='ocrx_word' id='word_1_512' title='bbox 754 2821 855 2852; x_wconf 86' lang='lat' dir='ltr'>Lord-</span> <span class='ocrx_word' id='word_1_513' title='bbox 969 2820 1002 2850; x_wconf 75' lang='lat' dir='ltr'>of</span> <span class='ocrx_word' id='word_1_514' title='bbox 1033 2820 1080 2850; x_wconf 87' lang='lat' dir='ltr'>St.</span> <span class='ocrx_word' id='word_1_515' title='bbox 1112 2819 1268 2850; x_wconf 81' lang='lat' dir='ltr'>Nicholas</span> <span class='ocrx_word' id='word_1_516' title='bbox 1298 2830 1363 2851; x_wconf 85' lang='lat' dir='ltr'>was</span> <span class='ocrx_word' id='word_1_517' title='bbox 1393 2821 1585 2861; x_wconf 83' lang='lat' dir='ltr'>dependent</span> <span class='ocrx_word' id='word_1_518' title='bbox 1615 2834 1657 2854; x_wconf 91' lang='lat' dir='ltr'>on</span> 
     </span>
    </p>
   </div>
   <div class='ocr_carea' id='block_1_10' title="bbox 174 2862 1296 2906">
    <p class='ocr_par' dir='ltr' id='par_1_15' title="bbox 174 2862 1296 2906">
     <span class='ocr_line' id='line_1_57' title="bbox 174 2862 1296 2906; baseline -0.002 -10"><span class='ocrx_word' id='word_1_519' title='bbox 174 2865 362 2906; x_wconf 85' lang='lat' dir='ltr'>Proprietor</span> <span class='ocrx_word' id='word_1_520' title='bbox 385 2864 418 2895; x_wconf 76' lang='lat' dir='ltr'>of</span> <span class='ocrx_word' id='word_1_521' title='bbox 442 2863 500 2895; x_wconf 91' lang='lat' dir='ltr'>the</span> <span class='ocrx_word' id='word_1_522' title='bbox 528 2863 669 2903; x_wconf 83' lang='lat' dir='ltr'>Islands,</span> <span class='ocrx_word' id='word_1_523' title='bbox 697 2863 856 2904; x_wconf 84' lang='lat' dir='ltr'>absurdly</span> <span class='ocrx_word' id='word_1_524' title='bbox 969 2863 1145 2893; x_wconf 85' lang='lat' dir='ltr'>Tavistock</span> <span class='ocrx_word' id='word_1_525' title='bbox 1169 2862 1296 2904; x_wconf 82' lang='lat' dir='ltr'>Abbey.</span> 
     </span>
    </p>
   </div>
  </div>
 </body>
</html>
