1987 3062
435 276 726 309 RselsTRUM
764 273 1227 309 COMMUNE—-ANNO
1266 263 1326 306 30.
1570 262 1661 305 301

129 380 204 440 {³37}
243 382 340 420 East
359 381 563 430 Allington
578 394 588 428 3
609 381 855 431 Oontumacy
874 380 951 417 and
973 379 1207 416 submission
1227 379 1268 415 of
1287 377 1354 415 the
1376 378 1585 423 Rector‚—

131 447 195 474 Vol,
210 435 280 474 1‚[i]
298 435 593 473 Excellentissimo,
611 438 683 473 etc„
704 435 845 465 Domino
864 434 1036 472 Edwardo‚
1054 438 1126 471 etc„
1143 432 1177 462 in
1198 431 1399 462 Cancellaria
1423 442 1491 469 sua,
1509 431 1664 470 Thomas,

282 483 355 518 etc„
383 479 537 516 salutem,
561 479 766 509 etc—Licet
788 478 868 508 alias
890 476 1095 508 Excellencie
1120 479 1229 506 vestre
1252 475 1463 506 rebellionem
1489 475 1665 515 cujusdam

283 522 419 553 Roberti
435 522 621 561 Trethewy,
634 522 782 552 Rectoris
799 521 940 551 Ecclesie
957 521 997 550 de
1014 520 1216 560 Alyngtone,
1232 519 1536 558 significaverimus,
1552 523 1666 548 contra

283 566 393 606 ipsum
410 565 566 596 secularis
582 565 707 595 brachii
724 564 886 595 auxilium
904 564 1096 602 invocando,
1115 567 1149 593 et
1163 563 1273 593 dictus
1293 562 1457 592 Robertus
1475 561 1517 592 ad
1534 561 1664 601 Signifi-

283 609 447 640 cacionem
465 612 613 639 nostram
632 608 827 648 hujusmodi
844 618 901 648 per
919 608 1021 637 Breve
1039 610 1189 637 vestrum
1207 606 1347 645 Regium
1365 605 1516 636 extiterit
1532 605 1665 635 carceri-

284 653 346 683 bus
359 652 568 692 mancipatus
585 662 593 687 ;
611 661 736 690 verum,
754 651 832 692 quia
846 650 995 689 prefatus
1009 650 1187 686 Robertus,
1200 650 1238 679 ad
1255 650 1376 680 Sancte
1391 647 1509 679 Matris
1523 648 1667 679 Ecclesie

283 696 447 736 gremium
464 695 603 733 rediens,
620 705 639 725 a
655 695 831 726 Sentencia
854 692 1217 725 Excommunicacionis
1241 693 1386 733 Majoris,
1404 702 1469 732 qua
1487 702 1543 732 per
1560 702 1667 722 unum

284 749 409 770 annum
435 742 469 769 et
493 738 589 774 ultra,
615 740 751 778 propter
774 737 1000 768 contumacias
1024 747 1100 767 suas
1123 740 1157 766 et
1180 736 1320 766 offensas
1343 736 1516 766 involutus
1540 735 1666 773 extitit,

286 782 461 813 humilime
477 792 494 812 a
512 782 606 812 nobis
624 782 720 821 petiit
736 792 770 812 se
786 781 912 811 absolvi
930 791 936 817 3
963 790 1089 820 nosque
1106 780 1248 810 eundem
1266 779 1312 810 sic
1330 782 1510 819 petentem,
1528 783 1562 808 et
1577 778 1666 819 jura-

286 830 439 857 mentum
456 825 622 865 corporale
639 825 680 855 de
696 835 734 855 eo
751 824 791 854 de
807 824 954 864 parendo
970 824 1039 864 juri
1056 826 1091 854 et
1110 823 1275 854 Mandatis
1293 822 1437 853 Ecclesie
1461 822 1667 862 recipientes,

286 873 422 910 propter
438 868 632 899 rebelliones
648 879 724 899 suas
740 871 775 898 et
791 868 1016 898 contumacias
1032 876 1272 907 quascumque,
1292 876 1310 896 a
1327 866 1504 897 sentencia
1520 866 1669 905 predicta

287 912 490 943 absolvimus
508 912 543 942 in
560 911 673 942 debita
685 911 771 951 juris
784 911 891 941 forma
905 921 912 948 3
932 910 1131 941 Celsitudini
1149 910 1249 949 Regie
1265 909 1491 950 supplicamus
1508 909 1668 949 quatinus

288 967 346 997 pro
361 955 556 986 liberacione
567 955 688 995 prefati
703 954 838 985 Roberti
850 955 884 985 in
896 954 956 984 hac
967 957 1070 994 parte,
1085 957 1124 984 ut
1135 954 1234 983 moris
1245 956 1305 991 est,
1319 953 1475 983 mandare
1486 953 1670 992 dignemini

287 999 439 1040 graciose.
487 998 697 1039 Majestatem
715 998 851 1038 Regiam
868 998 925 1028 diu
943 1002 976 1028 et
993 997 1136 1028 feliciter
1152 999 1326 1027 conservet
1341 1000 1375 1027 et
1391 996 1512 1036 dirigat
1529 996 1562 1026 in
1580 1007 1668 1035 pros-

290 1043 375 1083 peris
392 1043 463 1073 Rex
481 1042 647 1072 Eternusl
667 1042 770 1081 (same
787 1041 889 1080 date).

248 1085 300 1126 [ii]
324 1085 538 1117 Presentibus
562 1086 716 1116 noverint
741 1085 885 1115 universi
908 1084 1008 1125 quod,
1026 1094 1103 1115 cum
1120 1083 1283 1114 Dominus
1302 1083 1466 1114 Robertus
1483 1083 1670 1124 Trethewy,

291 1130 410 1160 Rector
435 1128 578 1159 Ecclesie
601 1128 643 1159 de
671 1129 870 1169 Alyngtone,
896 1131 1032 1168 propter
1054 1127 1251 1158 rebelliones
1281 1137 1357 1157 suas
1385 1131 1418 1158 et
1445 1127 1671 1158 contumacias

292 1182 402 1203 coram
422 1172 527 1210 nobis,
551 1171 687 1209 Thema,
706 1176 777 1210 etc,
796 1171 1011 1212 personaliter
1034 1181 1236 1210 comparem,
1253 1170 1411 1201 submisit
1434 1181 1467 1201 se
1492 1171 1613 1201 nostris
1637 1174 1672 1202 et

293 1215 437 1247 Ecclesie
448 1215 722 1246 Ordinacionibus
739 1218 773 1245 et
789 1215 965 1253 Mandatis,
979 1225 1016 1245 ac
1032 1224 1065 1244 se
1082 1224 1099 1244 a
1118 1214 1292 1245 Sentencia
1307 1214 1672 1245 Excommunicacionis

294 1258 439 1299 Majoris,
463 1269 530 1299 qua
560 1269 619 1298 per
642 1269 748 1289 unum
776 1268 902 1288 annum
931 1262 965 1288 et
996 1258 1094 1294 ultra,
1124 1260 1259 1297 propter
1289 1258 1514 1288 contumacias
1537 1268 1614 1288 suas
1637 1262 1672 1288 et

293 1302 442 1340 offensas,
466 1302 530 1332 rite
553 1302 734 1332 innodatus
757 1302 881 1339 extitit,
900 1301 1034 1341 petierit
1057 1311 1090 1331 se
1113 1301 1250 1338 absolvi,
1270 1301 1399 1331 dictum
1416 1301 1612 1340 Robertum,
1630 1301 1671 1331 ad

294 1346 416 1377 Sancte
440 1345 556 1375 Matris
580 1345 722 1375 Ecclesie
745 1345 909 1385 gremium
932 1344 1106 1375 hnmilime
1130 1344 1336 1378 redeuntem,
1360 1355 1378 1374 a
1402 1345 1578 1375 Sentencia
1600 1355 1671 1385 pre-

293 1389 382 1420 dicta
398 1388 600 1419 absolvimus
616 1388 649 1419 in
667 1388 773 1418 forma
790 1388 934 1419 Ecclesie
950 1391 1117 1426 consueta,
1135 1391 1169 1417 et
1192 1387 1255 1418 sibi
1280 1388 1500 1427 penitenciam
1525 1388 1671 1429 injunxi-

295 1442 379 1470 mus,
397 1442 497 1472 quam
515 1431 633 1470 eidem,
656 1432 841 1462 secundum
861 1431 982 1469 Deum,
997 1431 1106 1461 anime
1122 1441 1181 1461 sue
1203 1431 1316 1469 saluti,
1336 1431 1480 1462 vidimus
1496 1432 1672 1472 injungen-

293 1476 382 1513 dam,
402 1478 436 1506 et
451 1485 552 1515 quam
573 1475 661 1505 idem
688 1474 852 1506 Robertus
868 1474 954 1505 bona
971 1475 1035 1504 fide
1050 1478 1264 1514 peracturum
1289 1474 1430 1504 fideliter
1453 1485 1487 1505 se
1511 1476 1672 1514 promisit.

295 1518 497 1556 Monuimus,
514 1518 660 1558 insuper,
680 1518 823 1548 eundem
841 1518 929 1558 quod
948 1518 989 1548 de
1005 1522 1113 1548 cetero
1130 1528 1164 1548 se
1180 1517 1346 1548 abstineat
1370 1528 1388 1548 a
1411 1518 1534 1549 carnali
1557 1519 1676 1558 copula

294 1565 330 1593 et
359 1562 661 1593 communicacione
688 1564 842 1602 suspecta
873 1571 949 1592 cum
982 1561 1144 1592 Milsanda
1175 1561 1215 1591 de
1248 1561 1363 1599 Erthe,
1393 1562 1531 1592 muliere
1554 1563 1674 1600 soluta,

294 1608 407 1636 nostre
424 1605 579 1643 Diocesis,
597 1605 659 1635 sub
676 1615 759 1645 pena
776 1605 843 1643 Cs.‚
863 1604 997 1635 Fabrice
1016 1604 1158 1634 Ecclesie
1175 1607 1288 1635 nostre
1312 1605 1508 1635 Exoniensis
1532 1605 1675 1636 fideliter

295 1648 594 1689 applicandorum;
618 1648 659 1678 ab
677 1649 767 1679 omni
791 1648 987 1678 execucione
1012 1646 1161 1678 ulteriori
1184 1653 1299 1678 contra
1322 1648 1466 1679 eundem
1490 1649 1675 1680 Robertum

297 1692 533 1733 premissorum
550 1691 717 1722 occasione
733 1691 883 1722 facienda
899 1691 1163 1731 supersedemus,
1188 1695 1221 1722 et
1247 1701 1303 1731 per
1327 1695 1456 1723 nostros
1475 1692 1674 1723 Commissa-

294 1735 361 1766 rios
385 1745 614 1776 quoscumque
641 1735 847 1775 supersederi
875 1735 1041 1773 volumus,
1068 1744 1243 1775 quousque
1266 1735 1362 1765 aliter
1385 1736 1427 1766 de
1451 1746 1488 1766 eo
1512 1736 1675 1766 fuerimus

295 1779 469 1810 informati
487 1779 591 1818 (same
607 1778 710 1816 date).

141 1852 203 1912 {32¹5-
247 1853 513 1892 Convocation
530 1867 540 1901 3
570 1854 805 1892 Mandatum
818 1868 894 1902 pro
917 1854 1196 1893 Convocacz'one
1218 1854 1391 1900 Cleri,—

253 1909 456 1946 Reverendo,
475 1912 552 1946 etc.‚
569 1908 707 1947 Thome‚
726 1911 800 1947 etei,
820 1909 934 1940 Simon
952 1908 1007 1948 [de
1024 1909 1207 1949 Sudbury]‚
1225 1909 1440 1949 permissione
1456 1909 1576 1941 Divina
1591 1910 1675 1940 Lon-

297 1951 465 1982 doniensis
481 1952 674 1992 Episcopus,
691 1952 844 1990 salutem,
862 1952 1099 1983 etc—Literas
1117 1952 1331 1991 Venerabilis,
1349 1956 1424 1991 etc,
1445 1953 1578 1984 Domini
1598 1954 1675 1984 Wil-

293 1995 384 2026 lelmi
402 1993 458 2036 [de
477 1995 689 2035 Wytleseye],
707 1995 767 2026 Dei
784 1995 891 2035 gracia
908 1995 1158 2026 cantuariensis
1183 1996 1440 2036 Arcliiepiscopi,
1459 2000 1533 2035 etc,
1550 1997 1604 2037 iijO
1621 1997 1674 2027 die

297 2038 376 2069 Maii
392 2038 586 2078 recepimus,
603 2038 638 2069 in
655 2038 714 2069 hec
732 2039 1082 2077 verba‚-—Willelmus,
1100 2039 1295 2070 etc—Cum
1310 2049 1417 2077 nos,—
1426 2044 1560 2080 propter
1574 2041 1678 2071 ardua

297 2082 441 2122 quedam
459 2092 565 2121 nuper
580 2092 690 2112 coram
707 2082 811 2120 nobis,
826 2082 1016 2119 Londoniis,
1027 2082 1120 2112 vobis
1136 2082 1249 2121 eciam,
1267 2086 1302 2112 et
1318 2083 1488 2113 nonnullis
1504 2083 1575 2114 aliis
1594 2084 1676 2114 Cou-

147 2125 196 2150 sol.
300 2125 462 2156 fratribus
478 2128 512 2155 et
528 2125 752 2165 Suffraganeis
774 2125 896 2156 nostris
920 2135 957 2156 ac
980 2125 1119 2156 Prelatis
1136 2129 1248 2156 nostre
1272 2125 1522 2157 Cantuariensis
1540 2127 1677 2157 Provin-

303 2168 360 2207 cie,
377 2171 460 2198 tunc
476 2168 599 2198 ibidem
624 2168 760 2199 insimul
783 2169 988 2209 congregatis
1012 2172 1046 2200 et
1070 2169 1288 2209 presentibus,
1307 2170 1456 2209 exposita
1472 2173 1507 2200 et
1521 2173 1675 2207 tractata,

301 2215 439 2250 statum,
452 2212 692 2250 necessitatem,
706 2215 741 2243 et
759 2212 941 2243 utilitatem
957 2212 1064 2243 tocius
1081 2212 1261 2252 Anglicane
1279 2213 1432 2251 Ecclesie‚
1445 2213 1678 2251 singularium-

302 2265 368 2294 que
392 2255 621 2292 Personarum,
646 2258 680 2285 et
704 2255 877 2295 presertim
911 2255 1225 2291 Ecclesiasticarum,
1251 2256 1402 2295 ejusdem
1435 2257 1679 2294 concernencia,

304 2308 538 2338 summamque
555 2298 772 2329 celleritatem
787 2298 857 2337 (sic)
882 2302 916 2329 et
939 2299 1078 2329 celerem
1102 2299 1351 2338 expedicionem
1376 2300 1680 2339 requirencia,—de

299 2341 469 2372 communi
486 2341 621 2372 consilio
637 2344 671 2372 et
687 2352 822 2372 assensu
839 2342 956 2372 vestris
973 2346 1006 2372 et
1023 2342 1171 2381 ipsorum
1188 2342 1234 2372 sic
1249 2346 1524 2382 congregatorum
1548 2346 1582 2373 et
1605 2353 1678 2383 pre-

303 2384 460 2422 sencium,
486 2384 656 2415 universos
688 2385 881 2416 confratres
904 2388 938 2415 et
963 2386 1193 2425 Suffraganeos
1225 2388 1366 2422 nostros,
1391 2395 1573 2426 omnesque
1600 2387 1680 2416 alios

305 2427 453 2458 Prelatos
480 2430 515 2458 et
542 2428 637 2458 Viros
665 2428 909 2458 Ecclesiasticos
936 2428 1026 2459 dicte
1056 2432 1169 2458 nostre
1201 2428 1381 2466 Provincie,
1408 2432 1478 2459 tam
1508 2433 1682 2469 exemptos

303 2480 406 2510 quam
433 2480 498 2500 non
522 2474 704 2511 exemptos,
732 2471 906 2511 presertim
929 2471 1015 2501 bona
1038 2474 1072 2502 et
1097 2470 1260 2501 Beneficia
1283 2471 1510 2502 Ecclesiastica
1534 2483 1600 2503 non
1624 2483 1680 2503 ex-

306 2516 419 2553 empta
442 2513 476 2543 in
500 2517 614 2544 nostra
638 2514 870 2545 Cantuariensi
896 2514 1068 2545 Provincia
1091 2514 1238 2554 predicta
1261 2514 1462 2554 optinentes,
1486 2526 1521 2546 ac
1546 2516 1682 2547 Clerum

305 2559 497 2587 nostrarum
514 2556 678 2593 Civitatis,
696 2557 852 2593 Diocesis,
869 2560 905 2588 et
922 2558 1092 2588 Provineie
1110 2557 1315 2598 hujusmodi,
1332 2569 1432 2598 super
1445 2559 1589 2598 negociis
1607 2570 1678 2599 pre-

305 2599 404 2630 dictis
432 2609 498 2629 una
520 2599 692 2630 nobiscum
716 2604 928 2638 tractaturos,
953 2601 994 2630 ad
1018 2601 1106 2630 diem
1130 2604 1165 2630 et
1189 2601 1297 2631 locum
1320 2601 1549 2642 infrascriptos
1572 2613 1683 2633 coram

307 2642 402 2673 nobis
418 2642 600 2673 evocandos
623 2644 876 2681 decreverimus,
900 2647 1000 2682 statu,
1026 2644 1231 2682 necessitate,
1256 2648 1290 2674 et
1315 2644 1462 2675 utilitate
1486 2646 1683 2685 urgentibus

306 2685 538 2725 suprascriptis
558 2696 566 2722 3
598 2686 815 2717 Fraternitati
838 2690 947 2717 vestre
971 2687 1214 2717 committimus
1237 2690 1271 2717 et
1295 2688 1493 2719 mandamus
1523 2689 1684 2728 quatinus

307 2728 426 2767 citetis,
443 2739 502 2759 seu
525 2728 621 2759 citari
643 2729 782 2767 faciatis,
805 2730 1034 2769 peremptorie,
1051 2729 1263 2760 Venerabiles
1288 2730 1429 2769 Fratres,
1455 2732 1684 2772 Coepiscopos,

307 2774 343 2802 et
360 2771 590 2811 Suffraganeos
606 2776 736 2803 nostros
752 2773 932 2810 universos,
958 2775 992 2803 et
1016 2783 1073 2812 per
1096 2783 1151 2803 eos
1174 2773 1332 2811 Abbates,
1354 2774 1491 2813 Priores,
1509 2780 1543 2806 et
1559 2780 1685 2806 ceteros

308 2814 531 2845 Ecclesiarum
547 2814 705 2854 Prelatos,
722 2818 894 2856 exemptos
910 2818 944 2846 et
960 2825 1027 2846 non
1043 2819 1226 2855 exemptos,
1247 2820 1456 2858 memoratos,
1471 2818 1686 2859 Decanosque

311 2855 375 2898 [et]
392 2857 579 2899 Prepositos
601 2858 855 2891 Cathedralium
879 2863 913 2889 et
938 2858 1196 2899 collegiatarum
1221 2859 1443 2893 Ecclesiarum
1467 2865 1579 2893 nostre
1603 2862 1686 2895 Can-
