1987 3062
338 207 432 251 382
536 220 634 252 THE
669 220 911 253 REGISTER
947 221 1008 252 oF
1042 220 1218 253 BISHOP
1252 220 1657 254 BRANTYNGHAM.

336 321 410 363 Α-Ρ-
495 324 592 362 Item,
611 335 630 354 a
646 324 755 355 Johan
777 324 980 356 Hodrefelde
1002 328 1084 365 vynt
1109 325 1232 356 souldz.
1280 325 1377 363 Item,
1395 335 1414 355 a
1430 325 1557 356 Robert
1573 323 1775 364 Skyttysshe
1792 322 1866 354 vint

335 355 409 419 [1313
432 389 461 414 H
495 368 617 397 souldz.
667 369 711 399 Et
727 368 781 408 jeo
797 368 894 398 voille
910 379 950 408 qe
973 369 1003 399 le
1026 379 1100 408 gres
1123 369 1164 399 de
1185 371 1281 400 toutz
1298 379 1367 399 mes
1390 372 1566 399 servauntz
1581 369 1646 399 soit
1662 368 1733 404 fait,
1751 367 1778 397 si
1794 366 1864 397 rien

467 410 470 413 ’
494 411 559 441 soit
574 411 709 441 aderere
726 412 766 441 (16
782 411 856 442 lour
871 412 994 442 salarie.
1044 413 1089 443 Et
1110 412 1164 452 jeo
1188 412 1284 442 voille
1308 422 1348 451 qe
1370 412 1435 442 soit
1458 412 1557 442 offert
1580 415 1615 442 et
1638 421 1711 451 mys
1734 420 1812 440 sour
1834 409 1865 439 le

490 454 575 484 haut
590 459 687 485 autre
703 455 744 484 de
761 455 924 494 Colytone
940 455 1028 485 disze
1044 455 1151 486 livres.
1201 456 1298 493 Item,
1316 465 1394 485 sour
1416 455 1447 485 16
1469 455 1552 485 haut
1575 458 1671 485 autre
1695 454 1736 484 de
1752 453 1865 493 leglise

487 497 528 527 de
544 498 734 528 Tuvertone
751 498 839 528 (lisze
857 509 972 529 marcz.
1020 499 1117 536 Item,
1135 509 1213 529 sour
1235 499 1265 529 le
1289 499 1372 528 haut
1395 501 1491 528 autre
1507 497 1560 528 del
1583 498 1683 537 eglise
1698 495 1863 536 pameliial

487 540 528 569 de
545 545 657 571 nostre
676 541 780 570 Dame
797 541 837 571 (16
854 541 1055 581 Plyinptone
1071 546 1225 572 cess-aunt
1241 542 1364 572 souldz.
1413 542 1511 579 Item,
1528 551 1606 571 sour
1622 541 1652 571 le
1667 540 1750 570 haut
1766 542 1864 570 autre

487 583 539 614 del
564 584 663 623 eglise
686 584 851 623 parochial
876 585 917 614 (16
942 586 1145 625 Exmynstre
1168 589 1322 615 cess-aunt
1345 585 1470 615 souldz.
1516 584 1614 622 Item,
1638 594 1716 614 sour
1732 583 1762 613 le
1779 583 1863 613 haut

485 630 582 657 autre
598 627 649 657 (161
667 627 767 667 eglise
784 628 948 667 parochial
966 628 1007 658 (16
1028 628 1282 668 Dokhamptone
1296 631 1379 668 vynt
1395 627 1518 658 souldz.
1566 627 1664 662 Item,
1681 626 1734 666 jeo
1751 626 1862 656 devise

485 680 504 700 a
527 670 636 700 Johan
657 671 777 700 Warda
802 671 885 710 xiijs.
903 671 985 711 iiijd.
1047 671 1145 709 Item,
1169 682 1188 701 a
1212 672 1319 702 Johan
1347 672 1474 710 Bogger
1497 670 1581 710 xiijs.
1598 670 1679 710 iiijd.
1740 670 1784 700 Et
1807 669 1860 709 jeo

486 713 582 743 voille
607 724 647 753 qe
671 724 749 743 mon
773 714 883 744 devise
907 715 972 745 soit
995 717 1095 745 tenuz
1122 726 1140 745 a.
1164 719 1242 745 touz
1268 725 1375 755 yceux
1398 724 1438 754 qe
1465 717 1566 744 sount
1590 723 1631 743 611
1660 713 1710 743 vie
1736 723 1755 742 a
1782 722 1859 752 mon

485 756 635 796 (lepartir
657 757 699 787 de
723 760 812 788 ceste
835 757 942 789 siecle.
992 759 1036 788 Et
1058 758 1112 798 jeo
1155 758 1230 788 oille
1253 768 1293 798 qe
1316 760 1393 788 tout
1417 758 1448 787 la
1470 757 1602 787 residue
1624 756 1665 786 de
1689 758 1767 786 touz
1791 766 1860 786 mes

484 800 577 830 biens
594 803 628 830 et
644 800 788 831 chateux
805 810 845 840 qe
867 800 933 841 jay,
951 811 991 831 ou
1010 811 1070 840 par
1088 812 1133 831 110
1149 801 1179 831 16
1202 801 1273 831 voie
1298 811 1350 831 me
1374 804 1475 831 sount
1497 800 1611 830 avenir
1634 805 1731 830 outre
1747 809 1803 829 ceo
1819 809 1860 838 qe

482 843 539 883 jay
552 843 662 873 devise
681 854 738 883 par
755 854 808 874 ma
823 844 985 874 fraunche
997 845 1151 875 voluntee
1168 849 1202 875 et
1218 845 1303 874 bone
1321 844 1485 882 memorie,
1502 843 1556 883 jeo
1572 844 1681 873 donne
1697 847 1732 873 et
1748 842 1859 872 devise

482 887 674 926 plenement
690 890 725 918 et
740 887 943 917 entierment
956 897 974 917 a
990 888 1162 927 Margrete,
1180 898 1233 918 ma
1250 887 1428 918 treschiere
1440 887 1641 926 compaigne,
1655 896 1756 916 saunz
1769 885 1860 915 nulle

483 930 692 969 excepcioun.
751 931 794 960 lCt
819 930 874 970 jeo
901 931 998 960 voille
1022 941 1063 970 qe
1089 935 1178 961 ceste
1207 941 1283 961 mon
1315 933 1507 968 testament,
1536 930 1599 960 fait
1623 939 1663 959 en
1690 939 1744 959 ma
1773 928 1858 959 bone

483 973 650 1010 memorie,
667 973 767 1004 estois
783 983 823 1004 en
840 984 875 1003 sa
890 974 979 1004 force
996 974 1022 1004 si
1038 974 1091 1014 jeo
1108 984 1148 1004 ne
1165 974 1235 1004 face
1253 984 1297 1004 un
1314 977 1420 1004 autre.
1471 974 1516 1003 Et
1531 983 1550 1003 a
1565 976 1635 1003 cest
1652 982 1729 1002 mon
1746 971 1858 1002 devise

481 1020 517 1047 et
533 1027 587 1046 ma
603 1017 745 1056 darreyn
758 1019 793 1047 et
808 1017 968 1047 *ξι-(10116116
979 1017 1133 1047 voluntes
1146 1017 1228 1047 faire
1240 1020 1275 1047 et
1287 1017 1493 1056 acompliere,
1507 1016 1560 1056 jeo
1573 1016 1644 1046 face
1656 1018 1691 1046 et
1701 1014 1858 1054 ordeigne

482 1070 552 1090 mes
574 1064 773 1090 executours
798 1060 973 1099 Margrete,
1000 1070 1051 1090 ma
1075 1060 1254 1091 treschiere
1277 1060 1478 1099 compaigne,
1506 1059 1658 1096 William,
1675 1069 1753 1088 mon
1774 1061 1857 1088 tres·

480 1103 608 1133 honure
624 1103 691 1140 fitz,
710 1103 861 1143 Evesque
878 1103 919 1133 (16
941 1103 1131 1141 Herefmrde,
1155 1104 1226 1134 Sire
1243 1103 1370 1134 Robert
1393 1103 1609 1139 Sambourne,
1635 1102 1706 1132 Sire
1733 1101 1856 1132 Robert

480 1146 736 1185 Vaggescombe,
765 1148 799 1176 et
828 1146 898 1177 Sire
923 1146 1062 1176 william
1090 1147 1250 1177 Poutone.
1308 1147 1357 1176 En
1386 1146 1656 1185 tesmoignaunce
1679 1145 1720 1175 de
1747 1144 1857 1184 quelle

480 1189 587 1227 chose,
603 1199 622 1219 a
638 1192 726 1220 ceste
743 1199 796 1219 ma
812 1189 962 1220 darreine
975 1189 1124 1220 volentes
1139 1189 1197 1230 jay
1211 1199 1284 1230 mys
1300 1199 1376 1220 mon
1390 1189 1466 1219 seal.
1516 1189 1610 1219 Done
1622 1199 1641 1218 a
1654 1189 1854 1226 Tuvertone,

480 1233 510 1263 16
525 1232 602 1272 jour
618 1235 653 1263 et
668 1232 723 1263 lan
739 1232 875 1263 susditz.

436 1276 476 1307 IN
499 1276 565 1306 DEI
590 1276 739 1313 NOMINE,
767 1276 1004 1315 AMEN.—Ego,
1030 1276 1128 1316 Hugo
1152 1276 1193 1306 de
1217 1276 1420 1315 Courtenay,
1441 1275 1560 1306 Comes
1583 1274 1740 1312 Devonie,
1765 1274 1854 1314 apud

479 1319 679 1356 Tuvertone,
704 1319 826 1359 xxviij⁰
849 1319 902 1349 (lie
927 1320 1048 1349 mensis
1073 1319 1204 1359 Aprilis,
1230 1320 1326 1350 Anno
1352 1319 1485 1349 Domini
1510 1319 1590 1348 ΜὈΠο
1607 1317 1855 1349 CCCm01xxm0

478 1363 629 1402 septimo,
653 1363 726 1402 lego
749 1363 894 1392 animam
918 1373 1027 1393 meam
1052 1363 1130 1401 Deo,
1155 1366 1190 1393 et
1213 1373 1332 1402 corpus
1356 1372 1467 1392 meum
1496 1362 1538 1392 ad
1566 1361 1794 1401 sepeliendum
1819 1361 1852 1391 in

479 1406 624 1436 Ecclesia
647 1406 840 1436 Cathedrali
864 1406 959 1436 Beati
982 1406 1074 1436 Petri
1100 1406 1286 1443 Exoniensi,
1304 1416 1369 1436 non
1393 1405 1548 1436 obstante
1571 1404 1661 1445 quod
1683 1404 1717 1435 in
1741 1404 1854 1434 Testa-

478 1453 592 1480 mento
609 1459 681 1479 meo
699 1449 799 1489 priori
816 1449 994 1488 legaverim
1011 1459 1130 1489 corpus
1154 1460 1266 1479 meum
1290 1449 1332 1479 ad
1355 1449 1583 1488 sepeliendum
1607 1447 1694 1478 alibi.
1746 1447 1852 1485 Quod,

477 1493 622 1532 quidem,
644 1493 899 1523 Testamentum
923 1503 989 1532 quo
1011 1492 1053 1523 ad
1077 1493 1187 1523 omnia
1210 1493 1272 1523 alia
1299 1492 1332 1522 in
1356 1502 1394 1522 eo
1421 1495 1580 1522 contenta
1604 1491 1677 1521 volo
1702 1490 1854 1521 totaliter

476 1536 652 1566 observari.
701 1536 741 1566 In
757 1536 855 1576 cujus
871 1535 918 1566 rei
936 1536 1167 1566 testimonium
1186 1535 1402 1566 Presentibus
1418 1535 1563 1575 sigillum
1577 1544 1688 1565 meum
1705 1534 1853 1573 apposui.

477 1579 605 1610 Datum
623 1579 702 1616 loco,
720 1579 783 1617 die,
800 1582 835 1609 et
851 1589 938 1609 anno
954 1579 1164 1618 supradictis

433 1623 664 1653 Sextodecimo
688 1623 741 1653 (116
766 1623 886 1652 mensis
903 1623 1006 1659 Junii,
1032 1622 1117 1654 A.D.
1143 1622 1231 1652 Mmo,
1256 1621 1386 1653 000ΠΩΟ
1408 1621 1569 1661 lxxvij¹110‚
1586 1620 1794 1651 insinuatum
1817 1623 1853 1651 et

474 1666 682 1705 publicatum
698 1676 735 1696 ac
752 1665 931 1705 probatum
954 1666 1021 1696 fuit
1038 1666 1292 1696 Testamentum
1308 1665 1571 1704 infrascriptum,
1589 1674 1655 1694 una
1671 1674 1747 1694 cum
1765 1663 1851 1693 codi-

473 1709 547 1739 cillo
562 1709 777 1740 presentibus
787 1719 925 1747 anner
940 1719 1048 1739 coram
1066 1709 1169 1746 nobis,
1182 1709 1318 1746 Thoma,
1332 1708 1392 1738 Dei
1405 1708 1512 1747 gracia
1525 1707 1703 1737 Exoniensi
1722 1707 1852 1746 Episco-

474 1763 525 1792 po,
539 1753 571 1782 in
585 1753 729 1782 Ecclesia
742 1756 855 1782 nostra
867 1752 1058 1783 Cathedrali
1072 1752 1259 1788 Exoniensi,
1273 1755 1307 1782 et
1320 1762 1379 1791 per
1388 1761 1447 1781 nos
1460 1761 1519 1791 pro
1529 1750 1688 1781 tribunali
1702 1751 1855 1780 sedentes

474 1806 534 1835 pro
556 1796 625 1835 ipso
642 1797 859 1826 Testamento
882 1795 1030 1834 legitime
1053 1795 1312 1834 pronunciatum
1331 1806 1337 1832 ;
1366 1794 1606 1824 Executoribus
1622 1793 1851 1832 infrascriptis,

476 1838 624 1878 [juratis]
649 1839 690 1868 ad
714 1838 941 1869 exhibendum
965 1838 1197 1869 Inventarium
1221 1838 1262 1868 (16
1285 1841 1320 1868 et
1344 1848 1443 1877 super
1471 1837 1633 1867 universis
1656 1841 1691 1866 et
1714 1836 1853 1875 singulis

475 1882 625 1922 ejusdem
643 1882 794 1912 defuncti
812 1881 1041 1919 facultatibus,
1060 1881 1239 1912 mobilibus
1255 1884 1290 1911 et
1306 1891 1340 1911 se
1357 1880 1579 1918 moventibus,
1598 1880 1685 1910 infra
1701 1884 1851 1910 nostram

474 1925 653 1956 Civitatem
671 1928 706 1956 et
723 1925 885 1955 Diocesim
904 1925 1128 1955 existentibus
1145 1924 1356 1963 ubicumque.
1404 1924 1543 1963 [Copied
1559 1933 1600 1953 on
1617 1933 1636 1953 a
1652 1923 1752 1953 blank
1770 1933 1852 1963 page

474 1968 507 1998 111
527 1968 585 1999 the
604 1968 755 2008 Register
771 1968 805 1998 of
824 1967 1050 2005 Ordinations,
1067 1968 1138 1998 Vol.
1158 1967 1190 2006 ii,
1209 1967 1267 1998 fol.
1286 1965 1377 2007 ⁴26b.]

322 2019 420 2078 {3³¹5}-
432 2021 679 2058 Confessions
697 2034 705 2066 ;
733 2021 798 2057 Ad
815 2020 1051 2057 audiendum
1074 2020 1395 2068 CoaskssioneS,——

363 2074 368 2079 '
420 2074 527 2112 item,
547 2074 739 2111 Criditonie,
757 2074 813 2113 xxj
832 2073 894 2111 (116,
913 2074 1032 2104 Frater
1047 2073 1217 2104 ‚Iohannes
1235 2074 1412 2111 Laurence,
1431 2072 1525 2103 Prior
1542 2072 1676 2103 Ordinis
1692 2073 1851 2103 Fratrum

477 2118 727 2148 Predicatorum
752 2118 944 2147 Conventus
971 2117 1104 2155 Exonie,
1122 2117 1243 2147 habuit
1269 2117 1454 2147 Licenciam
1477 2116 1520 2146 ad
1543 2116 1748 2146 audiendum
1765 2116 1849 2146 Con-

472 2161 629 2191 fessiones
645 2161 795 2191 omnium
813 2163 847 2191 et
863 2160 1081 2199 singulorum,
1098 2164 1177 2193 etc..
1193 2163 1228 2190 et
1244 2160 1287 2190 ad
1302 2159 1542 2190 absolvendum
1558 2160 1690 2189 eosdem
1713 2159 1747 2189 in
1770 2159 1849 2189 casi-

471 2204 533 2235 bus
550 2205 693 2235 Domino
710 2204 906 2241 reservatis;
930 2203 1060 2234 casibus
1075 2203 1243 2234 consuetis
1266 2203 1445 2234 dumtaxat
1468 2203 1614 2243 exceptis
1631 2212 1639 2240 ;
1661 2212 1720 2242 per
1742 2212 1849 2233 unum

470 2258 597 2278 annum
613 2248 822 2278 duraturam.

317 2299 401 2358 ἐξω
428 2301 631 2339 Braunton
653 2315 660 2345 ;
695 2302 756 2338 Sir
775 2301 879 2338 John
901 2301 1194 2345 Godmerstone,
1215 2301 1331 2346 V.‚-

342 2353 363 2358 ’“
472 2357 608 2387 Licence
630 2356 665 2386 of
687 2355 939 2385 non-residence
962 2355 1015 2385 for
1038 2358 1106 2385 two
1128 2364 1224 2394 years
1241 2365 1248 2391 ;
1274 2355 1292 2368 “
1305 2354 1396 2391 dum,
1413 2357 1538 2391 tamen,
1555 2353 1689 2384 steterit
1705 2353 1739 2384 in
1756 2353 1846 2384 obse·

472 2400 558 2439 quiis
576 2399 709 2429 Domini
733 2398 895 2429 ι1011611015
913 2398 1083 2437 [Gilbert],
1102 2397 1357 2429 Herefordensis
1382 2397 1543 2437 Episcopi,
1568 2406 1628 2436 per
1649 2397 1739 2427 idem
1762 2399 1844 2427 tem·

467 2453 530 2482 pus
541 2443 558 2454 '’
578 2442 740 2481 (London,
760 2442 798 2472 15
815 2441 919 2482 July).

425 2496 481 2533 St.
506 2496 896 2544 Ruan—Lanyhorne3
916 2495 1063 2531 Martin
1086 2494 1344 2540 Ercedeakne,
1368 2494 1599 2539 subdeacon,
1622 2494 1738 2539 R„—

426 2549 656 2590 Dispensation
672 2561 679 2580 :
705 2549 955 2580 non-residence
971 2548 1024 2578 for
1040 2550 1106 2579 two
1121 2558 1226 2588 years,
1244 2552 1279 2579 to
1295 2548 1396 2588 study
1414 2547 1576 2587 (London,
1597 2548 1635 2578 16
1651 2547 1756 2588 July).

317 2602 375 2628 Au·
428 2604 789 2652 Bratton-Fleming
810 2600 1026 2654 [Brattone,
1049 2599 1149 2653 MS]
1167 2615 1176 2648 ;
1206 2602 1354 2638 Master
1374 2602 1546 2638 William
1575 2601 1705 2651 Cridy,
1728 2602 1842 2646 R,—

316 2643 385 2694 ξὲἓ
428 2659 566 2689 11166066
583 2658 617 2687 of
632 2657 883 2687 non—residence
895 2656 947 2686 for
962 2666 981 2685 a
996 2665 1084 2696 year,
1098 2659 1133 2686 to
1150 2656 1262 2695 study,
1274 2655 1360 2686 from
1378 2657 1396 2686 5
1414 2655 1486 2686 Oct.
1501 2655 1664 2694 (London,
1679 2656 1718 2686 28
1731 2654 1840 2694 Aug.).

316 2712 389 2742 [V0¹·
427 2714 483 2750 St.
507 2711 707 2749 German’s
729 2712 865 2760 Priory
879 2724 889 2757 3
919 2710 981 2747 Ad
1000 2710 1214 2759 eligendum
1245 2709 1516 2758 Coadjutorem
1543 2709 1681 2746 Priori
1708 2708 1841 2746 Sancti

317 2746 371 2776 11.]
479 2765 730 2810 Germani,—

425 2820 577 2857 Thomas,
608 2822 683 2856 etc„
711 2818 877 2859 Magistris
903 2818 1068 2850 Willelmo
1091 2817 1274 2859 TrevellyS‚
1301 2817 1399 2848 Saere
1430 2817 1553 2857 Pagine
1580 2815 1771 2854 Professori,
1802 2825 1839 2846 ac
