1987 3062
271 228 365 272 250
471 239 569 272 THE
605 239 844 273 REGISTER
880 240 938 272 OF
980 239 1155 273 BISHOP
1196 240 1593 276 BRANTYNGHAM.

269 344 344 370 Α-Ὸ·
423 346 592 387 quatinus,
610 347 697 378 infra
712 347 812 378 unius
829 347 950 377 mensis
966 345 1114 385 spacium
1130 356 1149 376 a
1164 345 1289 377 noticia
1305 347 1467 386 presentis
1490 347 1596 378 nostri
1621 348 1797 379 Processus

270 377 356 437 {illl}
422 400 459 421 ac
475 390 508 421 in
525 401 563 421 00
579 394 824 429 contentorum,
842 401 898 420 seu
916 389 1134 429 requisicione
1150 399 1249 429 super
1265 389 1324 420 hec
1340 391 1429 421 facta
1440 391 1583 430 inantea,
1600 394 1796 431 computan-

326 431 331 437 '
360 433 367 439 '
422 434 659 474 dum,—-quod,
673 435 820 474 quidem,
840 434 987 473 spacium
1000 433 1047 463 eis
1063 433 1217 463 omnibus
1233 436 1268 464 et
1284 433 1422 474 singulis
1437 445 1497 474 pro
1512 435 1629 474 primo,
1643 434 1797 472 secundO,

421 480 456 507 et
472 477 576 508 tercio
594 478 817 517 peremptorio
834 477 978 508 termino
994 487 1030 506 ac
1055 476 1240 506 Monicione
1265 477 1429 508 Canonica
1445 481 1561 508 tenore
1584 478 1798 509 Presencium

421 521 785 560 assignamus—vobis,
810 531 867 551 seu
892 521 947 550 alii
970 520 1022 550 vel
1045 520 1126 557 aliis,
1151 520 1193 550 ad
1217 520 1276 550 hec
1299 524 1411 551 vestro
1434 521 1580 561 periculo
1604 521 1798 561 deputando

421 564 473 594 vel
497 564 710 603 deputandis,
737 575 796 604 pro
819 563 1014 603 hujusmodi
1045 563 1167 593 nostris
1199 564 1490 603 procuracionibus
1513 568 1548 595 et
1571 565 1701 595 racione
1724 575 1796 604 pro-

421 607 632 638 curacionum
659 608 821 647 presentis
845 607 944 647 primi
967 607 1055 645 anni,
1073 607 1195 646 quibus
1218 607 1373 638 videlicet
1396 608 1623 648 predictorum
1647 608 1799 647 superius

422 651 673 690 designatorum
704 655 835 691 partem
867 661 962 681 suam
994 651 1035 680 de
1066 651 1164 681 dictis
1195 650 1326 681 duabus
1349 651 1502 690 partibus
1526 651 1693 682 dictarum
1724 661 1796 690 pro-

421 695 633 725 curacionum
658 698 784 734 quanta
808 695 915 735 major
938 704 1069 724 summa
1091 694 1171 724 alias
1194 694 1227 724 in
1246 694 1448 734 Episcopatu
1464 697 1576 725 vestro
1600 706 1658 734 pro
1681 694 1797 734 hujus-

422 738 512 768 modi
542 738 834 777 procuracionibus
858 738 958 768 unius
985 738 1109 777 integri
1131 738 1210 768 anni
1234 738 1351 768 extitit
1374 738 1544 778 persoluta
1566 739 1691 778 absque
1714 738 1797 768 diffi-

421 781 549 812 cultate
580 782 757 821 persolvat.
818 781 891 820 Vos,
917 791 1058 821 quoque,
1084 781 1267 811 Dominum
1291 781 1503 821 Episcopum,
1530 782 1688 820 Vicarios,
1722 781 1797 812 Offi-

422 824 528 862 ciales,
568 825 620 855 vel
655 825 882 855 locatenentes
920 824 1095 864 predictos,
1134 828 1169 855 et
1206 828 1357 855 vestrum
1397 825 1593 865 quemlibet,
1628 825 1727 855 modo
1765 829 1800 855 et

421 868 528 898 forma
566 868 725 908 predictis
766 868 968 908 requirimus
1006 870 1042 898 et
1080 878 1264 906 monemus,
1295 868 1454 908 vobisque
1492 869 1728 899 nichilominus
1766 871 1801 899 et

422 914 573 942 vestrum
597 912 743 950 cuilibet,
771 912 982 942 Auctoritate
1006 911 1164 951 predicta,
1189 911 1407 952 injungimus,
1432 915 1505 950 etc.,
1523 913 1694 952 quatinus,
1713 911 1801 942 infra

423 955 522 985 unius
547 956 669 985 mensis
693 955 841 995 spacium
858 966 876 985 a
894 955 947 985 die
962 954 1163 994 recepcionis
1181 955 1393 985 Presencium
1418 956 1692 995 computandum,
1710 955 1799 996 quod

422 998 571 1038 spacium
589 999 692 1036 vobis,
712 1002 746 1029 et
763 1004 913 1030 vestrum
932 998 1079 1036 cuilibet,
1097 1009 1156 1038 pro
1173 999 1398 1038 peremptorio
1415 999 1560 1029 termino
1576 1010 1613 1029 ac
1631 999 1798 1030 Canonica

425 1042 610 1072 Monicione
633 1043 848 1081 assignamus,
874 1045 1063 1082 presentem
1090 1045 1242 1072 nostrum
1269 1042 1463 1072 Processum
1481 1046 1515 1073 et
1531 1045 1691 1073 contenta
1710 1042 1743 1072 in
1762 1052 1799 1072 eo

422 1085 465 1115 ad
481 1085 638 1115 noticiam
657 1086 807 1116 omnium
824 1089 859 1116 et
883 1086 1091 1125 singulorum
1115 1085 1282 1115 dictarum
1307 1085 1463 1116 Civitatis
1486 1089 1521 1116 et
1545 1085 1691 1116 Diocesis
1715 1095 1797 1124 quos

421 1139 556 1168 presens
575 1129 686 1168 tangit
703 1130 877 1168 negocium
900 1129 1073 1166 deducere,
1098 1128 1261 1168 ipsosque,
1286 1139 1345 1168 per
1368 1140 1424 1159 vos
1441 1129 1493 1159 vel
1509 1129 1611 1160 alium
1629 1139 1687 1159 seu
1704 1129 1794 1166 alios,

420 1172 591 1211 requirere
607 1182 707 1212 super
724 1172 786 1202 hiis
803 1172 915 1202 debite
932 1176 966 1202 et
982 1171 1122 1202 sollicite
1145 1172 1341 1211 procuretis,
1365 1172 1554 1203 adhibendo
1585 1172 1795 1212 diligencia-m

423 1215 573 1246 debitam
591 1216 622 1245 in
641 1216 824 1255 colligendo
841 1220 875 1246 et
892 1215 1080 1255 recipiendo
1097 1216 1271 1255 pecuniam
1289 1215 1565 1255 procuracionum
1588 1215 1794 1256 hujusmodi,

422 1269 459 1289 ac
477 1259 687 1297 Collectores,
706 1269 763 1289 seu
777 1259 1041 1296 subcollectores,
1058 1269 1141 1298 quos
1157 1259 1199 1289 ad
1216 1259 1276 1290 hoc
1293 1259 1546 1299 deputaveritis,
1568 1259 1737 1290 reddendo
1753 1259 1795 1289 ad

421 1302 483 1333 hoc
506 1302 673 1333 sollicitos.
721 1303 871 1342 Insuper,
897 1306 1020 1339 tamen,
1038 1302 1225 1341 predictam
1248 1303 1423 1342 pecuniam
1447 1303 1582 1343 majoris
1605 1313 1735 1333 summe
1751 1303 1794 1333 ad

420 1356 519 1386 quam
538 1346 571 1376 in
590 1346 736 1377 Civitate
750 1349 784 1377 et
798 1347 927 1377 Diocesi
941 1346 1098 1385 predictis
1111 1346 1306 1386 hujusmodi
1319 1346 1384 1376 due
1396 1350 1508 1387 partes
1519 1347 1794 1386 procuracionum

421 1390 585 1429 presentis
602 1389 701 1430 primi
725 1390 802 1420 anni
826 1389 1022 1427 ascendunt,
1048 1400 1114 1420 una
1137 1400 1214 1420 cum
1238 1394 1334 1430 parte
1357 1390 1487 1421 racione
1511 1390 1696 1429 fructuum,
1720 1391 1793 1421 red-

420 1433 565 1472 dituum,
586 1436 819 1472 proventuum,
833 1437 868 1464 et
884 1433 1125 1463 obvencionum
1143 1436 1341 1471 vestrarum,
1358 1444 1416 1464 seu
1433 1434 1473 1464 ad
1488 1444 1634 1464 mensam
1650 1437 1796 1465 vestram

271 1476 320 1502 fol.
423 1476 651 1516 Episcopalem
678 1480 861 1516 spectante,
890 1487 948 1507 vos
976 1487 1036 1516 pro
1062 1476 1160 1507 dictis
1190 1477 1321 1507 duabus
1348 1477 1501 1516 partibus
1527 1477 1695 1508 dictorum
1720 1488 1793 1518 pro-

270 1511 330 1536 16b.
423 1520 636 1550 curacionum
654 1520 818 1560 presentis
836 1520 934 1560 primi
950 1520 1029 1550 anni
1045 1520 1327 1560 contingentibus,
1351 1521 1439 1551 infra
1463 1521 1546 1551 duos
1562 1531 1691 1551 menses
1707 1531 1726 1551 a
1742 1521 1795 1551 die

421 1563 543 1594 noticie
554 1564 717 1603 presentis
730 1564 837 1594 nostri
850 1565 1026 1594 Processus
1037 1564 1187 1604 proximo
1200 1568 1387 1604 sequentes,
1402 1575 1484 1604 quos
1495 1564 1587 1595 vobis
1605 1575 1663 1604 pro
1675 1564 1792 1604 prim0‚

421 1607 575 1645 secundo,
589 1610 660 1645 etc.,
673 1607 864 1647 prefigitnus
882 1618 918 1638 ac
934 1607 1037 1638 eciam
1050 1607 1265 1647 assignamus,
1283 1608 1325 1637 ad
1343 1608 1524 1638 Civitatem
1537 1608 1794 1646 Londoniarum,

421 1651 541 1681 vestris
557 1654 592 1681 et
607 1651 755 1690 ipsorum
773 1651 965 1691 sumptibus
981 1654 1016 1682 et
1038 1651 1202 1690 expensis,
1228 1654 1305 1682 tute
1329 1651 1482 1682 mittatis,
1531 1651 1680 1682 Scientes
1706 1652 1795 1691 quod

421 1704 564 1734 expense
581 1694 777 1734 hujusmodi
798 1695 839 1724 ad
858 1698 990 1725 tantam
1014 1704 1179 1724 summam
1204 1705 1416 1734 nequaquam
1434 1695 1616 1725 ascendent
1631 1695 1673 1725 ad
1690 1705 1793 1735 quan-

421 1740 496 1768 tum
515 1738 732 1768 ascenderent
748 1738 803 1768 ille
820 1747 911 1778 quas,
927 1737 1026 1777 juxta
1042 1740 1245 1777 potestatem
1263 1738 1357 1768 nobis
1374 1749 1391 1768 a
1409 1738 1494 1769 Sede
1512 1738 1701 1778 Apostolica
1718 1748 1793 1769 con-

424 1790 559 1818 cessam,
576 1791 634 1811 vos
650 1783 822 1820 oporteret
837 1781 959 1817 subire,
980 1781 1202 1811 ministrando
1218 1782 1401 1811 necessaria
1418 1781 1556 1812 Nunciis
1574 1781 1697 1812 nostris
1713 1792 1796 1822 quos

423 1824 591 1854 occasione
615 1823 810 1863 hujusmodi
833 1834 892 1854 nos
915 1824 958 1854 ad
978 1834 1035 1854 vos
1059 1824 1232 1864 continget
1255 1824 1447 1862 destinare;
1479 1825 1671 1865 dictamque
1688 1828 1796 1856 totam

424 1867 599 1907 pecuniam
630 1867 718 1897 infra
750 1867 900 1897 eundum
931 1867 1115 1898 terminum
1148 1867 1401 1897 Venerabilibus
1429 1871 1463 1898 et
1493 1868 1666 1907 Religiosis
1692 1868 1794 1906 Viris,

422 1911 587 1941 Lewensis
611 1914 646 1941 et
670 1911 711 1941 de
736 1911 1004 1950 Bermundeseye
1030 1911 1243 1941 Prioratuum
1262 1911 1442 1949 Prioribus,
1461 1912 1737 1942 Procuratoribus
1761 1915 1796 1942 et

425 1953 666 1994 Receptoribus
695 1954 828 1992 nostris,
853 1954 895 1984 ad
919 1953 980 1984 hoc
1003 1954 1189 1993 specialiter
1211 1954 1416 1992 constitutis,
1444 1955 1586 1994 persolvi
1609 1955 1739 1986 faciatis
1762 1958 1797 1985 et

424 1997 527 2028 eciam
543 1997 712 2036 assignari,
731 1997 781 2027 vel
798 2007 870 2027 eam
887 1997 929 2027 ad
945 1997 1053 2027 locum
1071 1997 1129 2027 ubi
1145 1997 1324 2037 contigerit
1341 2008 1400 2028 nos
1416 2001 1498 2028 tunc
1511 2009 1589 2036 esse,
1603 1999 1631 2029 si
1642 1998 1794 2029 malueri-

425 2041 478 2079 tis,
493 2044 532 2071 nt
549 2040 770 2080 premittitur,
788 2040 973 2071 destinetis.
1021 2040 1252 2071 Certificantes
1268 2051 1327 2080 per
1342 2044 1470 2072 vestras
1486 2045 1640 2081 patentes
1657 2042 1794 2079 Literas,

423 2094 481 2115 seu
506 2084 682 2114 Publicum
706 2084 986 2121 Instrumentum,
1005 2094 1072 2122 nos,
1090 2084 1141 2114 vel
1158 2084 1287 2115 dictum
1306 2085 1557 2115 Procuratorem
1574 2088 1738 2125 nostrum,
1755 2085 1796 2116 de

423 2127 477 2157 die
492 2127 692 2167 recepcionis
710 2127 931 2165 Presencium,
949 2127 990 2157 de
1008 2127 1105 2158 modo
1122 2130 1157 2158 et
1169 2128 1417 2167 quantitatibus
1439 2129 1703 2168 imposicionum,
1722 2132 1793 2159 tax-

422 2171 586 2209 acionum,
604 2174 639 2202 et
655 2171 862 2202 solucionum
874 2181 911 2201 ac
924 2170 1160 2201 Beneficiorum
1175 2181 1322 2209 suorum,
1337 2182 1394 2211 per
1404 2172 1532 2202 rotulos
1544 2183 1602 2203 seu
1616 2176 1795 2212 quaternos

423 2214 485 2245 sub
503 2214 687 2254 Episcopali
703 2218 763 2245 aut
780 2214 878 2246 Curie
904 2213 1104 2254 Episcopalis
1127 2214 1233 2253 sigillo
1257 2215 1409 2253 inclusos,
1427 2218 1461 2245 et
1484 2217 1525 2246 de
1548 2217 1703 2247 omnibus
1726 2217 1797 2248 aliis

422 2262 456 2288 et
475 2257 613 2297 singulis
630 2268 695 2298 que
718 2257 860 2288 feceritis
883 2257 916 2288 in
934 2257 1109 2297 premissis.
1157 2257 1323 2297 Alioquin,
1341 2259 1368 2288 si
1384 2269 1450 2297 vos,
1467 2263 1527 2289 aut
1542 2260 1699 2298 Abbates,
1717 2263 1796 2299 etc.,

422 2301 573 2341 superius
589 2301 761 2341 designati,
773 2311 829 2331 seu
847 2311 930 2341 quos
946 2300 1140 2340 hujusmodi
1157 2301 1328 2340 negocium
1346 2302 1464 2342 tangit,
1478 2306 1538 2333 aut
1554 2314 1666 2333 eorum
1684 2304 1796 2343 aliqui,

422 2345 455 2375 in
473 2345 640 2384 premissis
656 2350 716 2375 aut
732 2344 966 2385 premissorum
983 2344 1094 2383 aliquo
1106 2345 1364 2374 contradictores
1381 2356 1437 2375 seu
1451 2346 1679 2377 inobedientes
1696 2347 1794 2378 fueri-

422 2388 466 2418 tis
484 2388 534 2418 vel
547 2388 685 2419 rebelles
703 2399 710 2426 ;
733 2391 793 2418 aut
808 2388 837 2418 si
854 2398 921 2425 vos,
942 2387 992 2417 vel
1010 2387 1208 2418 Collectores
1226 2388 1373 2427 predicti,
1393 2389 1481 2419 ultra
1504 2390 1667 2429 predictas
1691 2401 1794 2430 quan-

423 2431 538 2462 titates
555 2435 589 2462 et
605 2432 791 2462 moderatas
808 2440 966 2471 expensas
982 2441 1064 2471 quas
1080 2430 1247 2461 occasione
1265 2431 1499 2470 premissorum
1516 2433 1587 2463 fieri
1610 2434 1795 2473 contigerit,

422 2485 481 2514 pro
497 2474 621 2505 eisdem
638 2475 769 2506 duabus
785 2475 935 2515 partibus
952 2474 1224 2514 procuracionum
1241 2474 1363 2505 debitis
1386 2486 1444 2515 per
1460 2486 1525 2514 vos,
1544 2487 1601 2507 seu
1625 2477 1727 2507 alium
1744 2476 1796 2507 vel

422 2518 512 2555 alios,
530 2518 672 2549 scienter
687 2518 874 2558 receperitis
897 2528 954 2548 seu
979 2517 1155 2557 exigeritiS,
1173 2521 1328 2556 pretextu
1352 2517 1547 2558 hujusmodi
1570 2523 1683 2550 nostre
1701 2520 1796 2550 Com-

423 2561 596 2599 missionis,
614 2562 707 2592 vobis
724 2561 866 2592 Domino
884 2561 1055 2601 Episcopo,
1072 2561 1125 2591 cui
1148 2561 1182 2590 in
1199 2560 1259 2591 hac
1276 2564 1369 2601 parte
1386 2563 1427 2592 ob
1443 2563 1666 2593 reverenciam
1684 2563 1794 2593 Ponti-

423 2604 523 2635 ficalis
540 2605 712 2644 dignitatis
729 2605 918 2643 deferimus,
935 2604 1043 2644 spacio
1059 2614 1116 2635 sex
1132 2604 1262 2634 dierum
1285 2605 1326 2634 ad
1350 2607 1562 2645 purgandum
1588 2616 1714 2637 moram
1737 2616 1794 2636 seu

422 2647 554 2687 culpam
578 2649 611 2678 in
636 2648 775 2687 singulis
798 2658 899 2688 supra
921 2650 954 2678 et
976 2648 1060 2678 infra
1078 2647 1237 2687 injunctis
1254 2648 1396 2686 indulto,
1414 2652 1448 2679 et
1464 2660 1522 2689 pro
1540 2649 1704 2680 Canonica
1727 2649 1794 2679 Μο-

423 2690 551 2721 nicione
576 2692 743 2731 premissa,
761 2691 787 2722 si
811 2691 1045 2722 nichilominus
1069 2691 1282 2730 perstiteritis
1305 2691 1339 2722 in
1363 2692 1460 2732 culpa
1483 2703 1540 2723 seu
1565 2703 1656 2723 mora
1678 2692 1794 2732 hujus-

423 2734 523 2772 modi,
548 2734 733 2774 ingressum
765 2735 910 2765 Ecclesie
932 2734 1161 2765 interdicimus
1184 2734 1218 2765 in
1242 2734 1305 2764 hiis
1328 2735 1466 2775 Scriptis
1486 2745 1494 2773 ;
1526 2738 1561 2766 et
1583 2736 1611 2766 si
1634 2746 1692 2775 per
1715 2735 1794 2765 alios

421 2787 479 2807 sex
503 2777 571 2808 dies
596 2779 702 2809 dictos
725 2789 782 2808 sex
804 2777 984 2809 inmediate
1007 2780 1193 2817 sequentes,
1210 2778 1301 2817 quod
1317 2778 1409 2809 vobis
1432 2779 1535 2809 eciam
1556 2789 1614 2818 pro
1632 2778 1795 2810 Oanoniea

422 2820 609 2851 Monicione
633 2822 848 2862 assignamus,
873 2821 1097 2852 Interdictum
1121 2820 1315 2861 hujusmodi
1338 2822 1575 2860 sustinueritis,
1595 2832 1652 2852 vos
1675 2822 1708 2852 in
1732 2821 1795 2852 hiis
