1987 3062
374 270 658 302 REGISTRUM
706 267 1165 301 COMMUNE—-ANNO
1195 260 1216 300 1
1227 261 1286 303 5⁰.
1509 259 1600 300 569

67 373 158 421 4¹³}
226 376 258 405 la
281 376 448 415 Mynstre,
474 376 509 405 in
535 376 718 411 Cornubia,
738 378 933 412 vacantem,
958 378 994 405 et
1019 375 1063 405 ad
1094 375 1202 414 ipsius
1231 375 1369 404 Domini
1400 375 1604 405 Exoniensis

68 408 167 465 ξῆῇᾼῖ·
227 420 386 459 Episcopi
413 420 642 450 Collacionem
670 420 825 457 legitime
853 419 1077 455 devolutum3
1109 419 1176 458 qui,
1205 419 1354 458 quidem,
1385 419 1507 448 Frater
1539 419 1602 448 Ge-

124 461 129 466 “
163 461 168 466 ’
226 464 337 494 hellus
352 464 483 503 juravit
500 464 612 493 eidem
631 464 778 493 Domino
793 464 962 502 Episcopo
979 463 1236 499 obedienciam,
1250 467 1284 493 et
1301 463 1451 502 optinuit
1470 463 1604 492 Literas

225 507 430 537 Collacionis
454 511 489 537 et
514 508 734 537 Induccionis
758 508 794 537 in
817 507 931 537 forma
955 507 1140 537 communi.
1188 508 1289 543 Item,
1315 507 1545 546 comperimus
1569 507 1605 535 in

224 551 345 581 eodem
369 552 459 591 quod
484 552 660 590 predictus
688 551 856 582 Dominus
881 551 1070 589 JohanneS,
1087 554 1163 588 etc„
1188 551 1280 590 apud
1309 551 1417 590 Clyst,
1442 550 1606 580 vicesimo

225 595 279 624 die
305 590 528 635 Septembris
554 596 638 625 A.D.
657 596 718 625 Mo.
737 595 867 625 CCCmo
890 595 1156 634 quadragesimo
1179 595 1301 634 primo,
1319 594 1467 624 contulit
1493 594 1605 623 Fratri

225 639 397 669 Willelmo
421 640 462 669 de
487 640 520 670 la
545 639 658 673 Hune.
678 639 857 677 Monacho‚
875 639 1015 669 Ordinis
1041 639 1159 669 Sancti
1186 639 1376 673 Benedicti,
1401 638 1604 677 presbitero,

225 693 386 722 expresse
402 683 569 723 professo,
587 684 783 713 Prioratum
802 684 873 713 sive
891 683 1082 713 Ecclesiam
1101 683 1339 713 Parochialem
1364 683 1406 712 de
1423 682 1605 718 Talkarne,

225 727 311 757 alias
336 728 377 757 (le
402 728 435 758 la
461 728 628 767 Mynstre,
646 730 839 763 vacantem,
857 730 891 757 et
908 727 951 757 ad
968 727 1077 766 ipsius
1095 727 1255 766 Episcopi
1274 726 1506 756 Collacionem
1524 726 1605 763 legi-

225 771 308 801 time
331 772 543 809 devolutum,
569 782 631 810 pro
655 781 695 801 eo
719 771 809 810 quod
835 771 952 801 Abbas
977 771 1178 800 Monasterii
1205 771 1411 800 Sanctorum
1437 770 1547 807 Sergii
1571 772 1607 799 et

227 815 343 852 Bachi,
361 816 469 854 ipsius
487 815 639 845 Ecclesie
664 815 735 845 sive
760 815 939 845 Prioratus
964 815 1146 852 Patronus,
1166 815 1374 845 Monachum
1399 814 1533 844 notorie
1558 814 1606 843 in-

225 859 379 897 dignum,
391 865 426 889 et
443 862 516 889 tam
533 859 569 888 in
585 859 769 889 literatura
781 869 885 898 quam
902 859 979 888 aliis
996 859 1193 889 evidentem
1210 859 1406 898 pacientem
1420 858 1608 893 defectum,

224 906 327 941 prout
345 913 461 933 coram
478 903 599 933 eodem
625 903 772 932 Domino
798 903 968 942 Episcopo
991 903 1204 942 judicialiter
1227 903 1296 932 fuit
1321 905 1548 941 compertum,
1573 902 1609 930 in

228 947 287 976 illa
303 947 487 977 vacacione
504 947 641 986 prefato
659 947 829 986 Episcopo
853 947 1004 976 scienter
1027 947 1254 986 presentavit.
1303 947 1347 976 Et
1371 947 1463 976 idem
1490 946 1612 975 Frater

228 991 419 1021 Willelmus
436 991 591 1030 prestitit
612 991 819 1021 Obediencie
842 991 1081 1030 juramentum
1105 994 1140 1020 et
1164 991 1317 1020 obtinuit
1342 991 1477 1020 Literas
1503 989 1611 1019 Colla-

229 1035 337 1065 cionis
353 1037 389 1065 et
406 1035 637 1070 Induccionis,
655 1035 805 1064 directas
822 1035 1076 1064 Archidiacono
1095 1034 1278 1071 Cornubie,
1296 1035 1349 1063 vel
1363 1035 1440 1074 ejus
1457 1033 1613 1063 officiali.

231 1079 332 1115 Item,
357 1079 588 1118 comperimus
612 1079 647 1108 in
672 1079 794 1108 eodem
818 1079 919 1118 quod,
945 1081 1067 1109 octavo
1092 1079 1147 1108 die
1171 1079 1266 1113 Julii,
1284 1079 1369 1108 A.D.
1396 1079 1456 1108 Mo.
1484 1077 1614 1107 CCan

227 1123 493 1162 quadragesimo
518 1133 618 1160 nono,
644 1123 736 1162 apud
766 1123 1022 1161 Chuddeleghe,
1048 1123 1172 1152 Frater
1197 1122 1403 1152 Guillelmus
1428 1120 1615 1151 Dec-imarii

227 1167 400 1197 admissus
416 1167 485 1197 fuit
502 1177 564 1206 per
580 1169 812 1196 memoratum
833 1167 1020 1196 Dominum
1038 1167 1244 1202 Johannem,
1262 1168 1338 1202 etc„
1356 1166 1400 1196 ad
1419 1166 1616 1195 Prioratum

71 1206 115 1232 f0¹·
227 1210 269 1240 de
289 1211 322 1240 la
347 1211 515 1250 Mynstre,
538 1213 732 1247 vacantem,
750 1214 785 1240 et
809 1211 993 1240 institutus
1017 1211 1053 1239 in
1079 1211 1210 1247 eodem,
1240 1211 1283 1240 ad
1312 1209 1616 1240 Presentacionem

72 1240 147 1265 mgb·
227 1255 376 1285 Abbatis
400 1258 435 1285 et
460 1255 661 1285 Conventus
679 1254 881 1284 Monasterii
906 1254 1111 1284 Sanctorum
1131 1254 1242 1293 Sergii
1266 1257 1301 1283 et
1321 1254 1438 1289 Bachi,
1455 1263 1616 1283 verorum

230 1298 313 1328 dicti
342 1299 522 1329 Prioratus
548 1299 801 1335 Patronorum;
834 1298 902 1337 qui,
936 1299 1086 1338 quidem,
1120 1298 1243 1328 Frater
1268 1298 1462 1327 Willelmus
1486 1297 1617 1337 juravit

231 1342 488 1379 Obedienciam,
506 1345 541 1372 et
558 1343 709 1382 optinuit
730 1342 865 1372 Literas
889 1342 1131 1372 Institucionis
1155 1345 1190 1371 et
1214 1342 1436 1371 Induccionis
1453 1341 1486 1370 in
1505 1341 1618 1370 forma

231 1387 417 1417 communi.
464 1388 566 1422 Item„
585 1387 816 1425 comperimus
833 1386 868 1415 in
887 1386 1047 1425 Registro
1064 1386 1106 1415 de
1123 1388 1279 1425 tempore
1298 1388 1427 1422 nostro,
1445 1385 1535 1424 quod
1546 1394 1619 1421 n03‚

232 1431 324 1469 apud
339 1431 447 1470 Clyst,
459 1431 664 1460 duodecimo
677 1430 732 1460 die
746 1430 876 1459 mensis
895 1430 1026 1464 Marcii,
1042 1430 1126 1460 A.D.
1142 1430 1203 1460 ΜΟ.
1222 1429 1354 1459 CCC¹¹¹0
1370 1430 1473 1458 lxxffl0
1486 1431 1620 1468 quarto,

233 1475 445 1504 contulimus
463 1475 660 1504 Prioratum
678 1475 720 1504 de
736 1474 770 1504 la
796 1474 963 1513 Mynstre,
981 1474 1017 1503 in
1040 1473 1225 1510 Cornubia,
1242 1483 1305 1512 per
1320 1476 1469 1503 mortem
1489 1472 1621 1502 Fratris

235 1518 399 1548 Gulielmi
417 1518 614 1555 Decimarii,
631 1518 805 1557 quondam
823 1517 983 1548 Monachi
1006 1518 1207 1547 Monasterii
1226 1517 1432 1547 Sanctorum
1458 1516 1568 1553 Sergii
1586 1518 1621 1545 et

234 1562 352 1599 Bachi,
381 1572 486 1601 prope
511 1562 762 1600 Andegaviam,
787 1564 862 1599 etc.,
887 1561 1002 1591 ultimi
1027 1561 1183 1601 ejusdem
1210 1561 1390 1590 Prioratus
1412 1561 1541 1590 Prioris
1564 1570 1620 1589 va-

234 1608 383 1643 cantem,
401 1610 436 1636 et
460 1606 503 1636 ad
527 1608 683 1636 nostram
709 1605 952 1643 Collacionem,
977 1615 1039 1644 per
1060 1605 1195 1644 lapsum
1217 1605 1394 1643 temporis,
1422 1605 1499 1644 jure
1524 1604 1623 1633 nobis

234 1649 390 1689 legitime
403 1650 575 1687 devoluto,
593 1650 653 1679 illa
669 1650 743 1680 vice
765 1652 992 1688 spectantem,
1012 1649 1126 1679 Fratri
1145 1649 1264 1678 Mileto
1286 1648 1434 1685 Andree,
1454 1648 1624 1678 Monacho

238 1694 450 1731 Monasterii,
474 1696 551 1731 etc„
569 1694 757 1732 supradicti
773 1708 779 1730 3
797 1697 832 1723 et
856 1694 971 1732 ips'um
991 1693 1146 1723 Priorem
1164 1693 1381 1722 instituimus
1399 1692 1571 1722 Canonice
1588 1691 1624 1720 in

235 1738 367 1775 eodem,
393 1748 471 1768 cum
500 1738 571 1768 suis
598 1738 733 1777 juribus
757 1740 792 1767 et
816 1737 1042 1777 pertinenciis
1065 1737 1258 1773 universis3
1283 1740 1328 1771 et,
1353 1737 1501 1775 prestita
1525 1736 1625 1765 nobis

236 1782 446 1812 Obediencia
461 1782 635 1812 Canonica
651 1792 713 1821 per
730 1782 888 1819 eundem,
906 1781 1149 1811 mandavimus
1171 1781 1424 1810 Archidiacono
1442 1780 1625 1816 Cornubie,

235 1826 289 1855 vel
313 1826 389 1866 ejus
407 1826 562 1863 Officiali,
580 1826 624 1855 ad
641 1825 875 1855 inducendum
900 1825 1059 1855 eundem.
1108 1824 1179 1863 Quc
1205 1825 1321 1854 omnia
1345 1827 1379 1853 et
1404 1824 1550 1861 singula,
1577 1823 1625 1853 sic

234 1880 296 1909 per
318 1879 382 1899 nos
407 1872 562 1900 scrutata
584 1872 619 1899 et
643 1869 796 1906 inventa,
828 1869 1013 1907 Magestati
1038 1871 1154 1898 vestre
1180 1868 1285 1907 Regie
1309 1878 1371 1907 per
1394 1868 1457 1898 has
1489 1868 1625 1897 Literas

235 1916 373 1944 nostras
400 1916 562 1953 patentes
589 1916 624 1943 et
649 1914 784 1943 clausas
811 1915 931 1943 nostro
962 1912 1214 1943 innotescimus
1245 1912 1308 1942 sub
1341 1912 1498 1950 sigillo.-
1511 1911 1623 1941 Dated

235 1958 386 1995 London,
406 1958 446 1987 14
464 1957 593 1988 March.

562 2198 804 2262 [mutacio
839 2201 973 2252 ςὲῑηηί
1009 2195 1251 2263 fflumini]

81 2288 155 2348 ἓξὲ-
194 2286 329 2338 gimo
358 2285 536 2335 Ξῌοηιίιιὶ
564 2285 817 2337 fflillezimo
848 2286 1019 2330 OEOEOEW'
1038 2285 1189 2327 lxxxm
1216 2285 1376 2337 quinto,
1399 2287 1438 2327 et
1468 2285 1622 2328 OEouze-

149 2342 155 2348 '
247 2339 452 2381 [racionis
473 2339 649 2390 {Homini
670 2339 986 2390 quintohecinm.

191 2411 390 2449 Hennock
407 2425 417 2458 ,·
449 2412 690 2449 Mandatum
723 2412 778 2449 ad
811 2412 1140 2450 denunciandum
1172 2411 1523 2449 excommunicatos
1556 2411 1616 2448 in-

246 2465 404 2502 icientes
422 2479 568 2502 manus
586 2465 775 2502 violentas
794 2465 840 2501 in
869 2465 1113 2511 Wenlake,-

191 2521 350 2558 Thomas,
377 2522 452 2557 etc„
476 2521 615 2550 Decano
643 2520 796 2550 Ecclesie
821 2523 940 2551 nostre
968 2521 1187 2551 Cathedralis
1215 2521 1356 2558 Exonie,
1381 2530 1451 2555 sen,
1475 2520 1509 2550 in
1538 2520 1614 2560 ejus

237 2565 408 2603 absencia,
432 2564 628 2594 Presidenti
653 2564 805 2603 Capituli
829 2565 983 2603 predicte
1006 2565 1169 2602 Ecelesie,
1190 2565 1403 2604 singulisque
1430 2565 1614 2594 Canonicis

235 2608 392 2648 ejusdem
406 2609 578 2645 Ecclesie3
595 2618 739 2645 necnon,
758 2608 898 2646 Exonie,
916 2609 1086 2645 Tottonie,
1104 2608 1376 2647 Barnastapolie‚
1389 2611 1423 2637 et
1441 2608 1614 2638 Cornubie

235 2652 271 2681 in
284 2652 378 2682 dicta
389 2652 543 2683 Ecclesia
560 2655 680 2682 nostra
691 2652 877 2682 Exoniensi
893 2652 1165 2690 Archidiaconis,
1178 2662 1237 2682 seu
1253 2662 1373 2682 eorum
1391 2652 1613 2688 Officialibus,

235 2696 392 2734 salutem,
406 2696 608 2727 eta—Sane
623 2693 730 2735 [non]
743 2695 871 2735 absque
885 2696 998 2726 cordis
1010 2696 1126 2726 dolore
1135 2698 1170 2725 et
1181 2696 1383 2725 turbacione
1394 2695 1611 2733 gravissima,

235 2739 373 2770 sceleris
397 2739 608 2770 notorietate
633 2742 836 2777 attestante,
864 2739 1000 2769 noviter
1020 2739 1206 2769 didicimus
1225 2739 1316 2778 quod
1339 2738 1479 2778 quidam
1498 2739 1610 2778 perdi-

234 2783 343 2812 cionis
355 2783 521 2823 alumpni,
532 2783 684 2814 Sathane
697 2783 899 2820 sathellites,
910 2793 1056 2822 quorum
1067 2783 1209 2813 nomina
1220 2783 1422 2822 ignoramus
1432 2783 1564 2821 pariter
1576 2785 1612 2812 et

235 2836 410 2866 personas,
426 2828 463 2857 in
479 2827 652 2867 quendam
670 2827 856 2857 Dominum
878 2827 1047 2858 Thomam
1064 2826 1239 2865 Wenlake,
1256 2826 1433 2857 vicarium
1459 2826 1612 2856 Ecclesie

198 2874 272 2919 20
