1987 3062
125 330 197 356 AD.

126 366 198 389 1383.

126 397 186 422 Vol.
210 396 231 422 I.

131 1836 189 1866 [sol.

131 1870 220 1902 iorbi]

427 225 715 258 REGISTRUM
763 223 1220 257 COMMUNE———ANNO
1268 215 1359 257 13⁰.
1571 215 1662 257 495

281 331 472 361 Dominicis
488 334 523 361 et
543 331 701 367 Festivis,
718 330 842 370 quibus
866 331 958 360 idem
983 329 1153 359 Dominus
1177 329 1252 358 vult
1276 328 1389 367 ipsum
1408 328 1452 358 ad
1471 328 1663 358 Ecclesiam

281 386 378 406 suam
406 376 586 405 Matricem
611 375 842 414 personaliter
865 374 1039 411 accedere,
1063 373 1173 412 possit
1198 372 1313 402 facere
1339 372 1506 402 celebrari
1537 373 1662 402 Divina

280 430 342 459 per
364 420 576 459 presbiteros
603 419 766 459 ydoneos,
795 419 830 448 in
854 418 1035 457 presencia
1061 427 1132 454 sua,
1158 417 1192 446 in
1223 416 1364 455 Capella
1397 417 1468 446 sive
1503 417 1664 446 Oratorio

280 464 373 493 infra
391 464 607 493 Mansionem
625 473 722 492 suain
740 463 782 492 de
800 463 966 501 l’engelly
984 462 1019 491 in
1044 461 1166 491 eadem
1192 461 1361 491 Parochia
1386 461 1553 490 situatam
1570 475 1576 497 ;
1601 471 1663 500 per

281 519 388 537 unum
406 518 537 538 annum
555 508 770 537 duraturam.
819 507 892 536 Ista
910 506 1064 536 clausula
1076 505 1290 544 subsequens
1307 505 1439 534 inserta
1456 505 1525 534 fuit
1542 505 1577 534 in
1596 507 1663 534 fine

282 553 397 582 Litere
415 553 498 582 dicti
515 552 686 581 Johannis
704 551 790 587 Udo,
809 551 872 580 snb
897 551 960 580 hac
985 550 1149 587 forma,v
1159 549 1193 578 Si
1218 549 1304 588 quis,
1330 552 1459 585 autem,
1478 549 1661 587 presbiter,

281 597 316 626 in
334 597 427 626 dicta
444 596 585 635 Capella
602 596 673 625 sive
691 596 851 624 oratorio
875 594 1065 631 celebrans,
1091 594 1158 623 hiis
1183 594 1312 623 nostris
1338 593 1464 622 Literis
1489 593 1525 622 in
1549 593 1664 632 aliquo

281 641 551 678 contravenerit,
580 641 693 679 ipsum
726 649 851 678 penam
879 638 1115 678 suspensionis
1147 648 1167 667 a
1193 638 1430 667 celebracione
1459 637 1663 667 Divinorum

283 685 459 714 incurrere
476 685 636 714 volumus
654 684 727 723 ipso
744 683 849 714 facto.

236 738 644 788 Letters-Dimissory‚
659 761 701 765 -

239 793 293 823 Sir
311 794 461 824 Richard
480 794 655 833 Kyttowe,
673 793 814 827 (leat-on,
833 791 850 804 “
865 792 908 821 ad
927 791 1091 821 Ordinem
1111 791 1371 820 Presbiteratus
1385 790 1402 801 ’'
1425 789 1536 826 (same
1554 790 1664 829 date).

240 836 328 877 [But
346 839 381 867 in
406 838 465 867 the
490 838 626 875 margin
652 838 681 866 is
706 836 1004 873 written,ss“non
1030 836 1220 865 emanavit.
1261 835 1415 865 Clericus
1435 835 1665 874 Stayndrope.

282 882 375 912 Alibi
392 882 643 921 subsequenter
660 881 824 911 scribitur
835 881 865 917 ”3
889 880 953 910 viz.
971 890 1015 909 on
1032 879 1115 908 folio
1134 879 1332 911 Imbres&
1349 889 1382 918 p⁴
1398 877 1495 918 496]

236 935 386 973 Lezant
402 949 412 982 3
441 936 601 972 Licence
622 941 657 971 to
677 935 923 980 celebrate,—

239 991 340 1029 Item,
368 992 507 1029 ibidem,
540 991 596 1020 xix
628 991 682 1020 die
710 990 851 1029 Aprilis,
881 990 1049 1019 Dominus
1076 989 1247 1019 concessit
1282 989 1477 1018 Licenciam
1513 989 1666 1019 Henrico

283 1035 445 1065 Trekarle
462 1038 495 1065 et
515 1035 713 1065 Christiane
730 1034 805 1074 ejus
823 1034 930 1071 uxori,
948 1034 1038 1073 quod
1056 1034 1190 1072 possint
1210 1032 1326 1063 facere
1344 1033 1511 1063 celebrari
1530 1034 1665 1071 Divina,

281 1082 357 1117 etc.,
382 1080 417 1109 in
441 1079 581 1119 Capella
599 1079 670 1109 sive
689 1079 849 1108 Oratorio
872 1078 965 1107 infra
984 1078 1201 1107 Mansionem
1218 1078 1407 1107 eorundem
1434 1078 1475 1107 de
1501 1078 1665 1107 Trekarle

284 1122 502 1163 [Trec11rrel],
520 1124 556 1153 in
575 1123 678 1153 Festo
696 1123 803 1152 Beate
822 1123 930 1152 Marie
949 1122 1173 1161 Magdalene3
1199 1122 1375 1161 quamdiu,
1393 1126 1458 1152 etc.

238 1177 444 1227 Wyke-St.
469 1178 587 1227 Mary
602 1190 611 1223 3
640 1177 721 1213 Pro
750 1177 1073 1224 ἸνεἸκιναι)ιὀηε),-

239 1234 340 1271 Item,
358 1234 488 1263 eisdem
506 1233 560 1263 dic
577 1236 611 1262 et
630 1233 713 1268 loco,
733 1232 901 1269 Magister
926 1232 1130 1270 Radulphus
1154 1232 1333 1270 Pylatone.
1362 1232 1487 1261 Rector
1513 1231 1665 1261 Ecclesie

284 1278 496 1307 Parochialis
513 1278 554 1307 de
572 1277 682 1316 Wyke
701 1277 828 1306 Sancte
847 1276 965 1314 Marie,
991 1276 1113 1306 habuit
1140 1276 1293 1305 Literam
1311 1276 1556 1315 reparacionis,
1574 1279 1611 1305 ut
1630 1276 1665 1305 in

286 1322 399 1351 forma
415 1322 595 1351 directam.

237 1375 491 1412 Restitution
512 1375 553 1412 of
573 1375 890 1420 Muniments,-

243 1431 344 1468 Item,
361 1431 491 1460 eisdem
509 1431 563 1460 die
581 1433 615 1459 et
632 1430 716 1467 loco,
734 1430 911 1460 emanavit
930 1430 1133 1459 Mandatum
1161 1429 1224 1458 sub
1249 1429 1331 1458 data
1356 1429 1429 1469 xiiij
1457 1430 1511 1459 die
1537 1430 1667 1460 mensis

286 1475 416 1514 Aprilis
429 1474 587 1514 predicti,
604 1474 775 1504 directum
788 1474 1052 1503 Archidiaconis
1067 1474 1197 1503 Exonie
1215 1477 1249 1502 et
1268 1473 1450 1508 Cornubie,
1470 1484 1530 1503 seu
1547 1484 1666 1504 eorum

287 1519 499 1548 Officialibus
515 1522 575 1548 aut
593 1518 667 1548 loca
683 1518 894 1553 tenentibus,
913 1518 1126 1557 singulisque
1146 1517 1351 1547 Rectoribus
1368 1520 1403 1547 et
1420 1516 1569 1547 Vicariis
1588 1519 1666 1548 Per-

284 1563 399 1602 petuis
427 1573 466 1592 ac
499 1562 695 1601 Capellanis
726 1562 987 1591 Parochialibus
1019 1562 1191 1591 dictorum
1224 1562 1591 1600 Archidiaconatuum,
1624 1563 1668 1592 ad

285 1607 496 1636 monendum
522 1607 555 1636 in
583 1616 709 1645 genere
738 1616 857 1635 omnes
882 1611 916 1635 et
944 1606 1098 1645 singulos
1125 1606 1336 1643 detentores,
1361 1606 1607 1643 subtractores,
1633 1610 1667 1636 et

286 1651 520 1681 concelatores
547 1651 742 1687 Cartarum,
770 1650 1101 1687 Instrumentorum,
1126 1655 1160 1679 et
1185 1650 1331 1679 aliorum
1360 1650 1666 1688 Munimentorum,

283 1695 340 1735 jus
356 1698 391 1724 et
408 1695 638 1725 hereditatem
658 1695 814 1731 Mariote,
840 1694 908 1723 filie
933 1697 968 1723 et
993 1694 1131 1724 heredis
1152 1694 1322 1723 Johannis
1340 1694 1505 1734 Yrysshe,
1523 1698 1667 1733 tangen-

286 1739 388 1777 cium,
416 1739 507 1778 quod
538 1739 728 1768 restituant
757 1738 890 1776 Cartas,
923 1739 1176 1775 Instrumenta,
1203 1741 1238 1767 et
1266 1738 1484 1768 Munimenta
1512 1733 1669 1778 predicta

283 1783 419 1822 prefate
438 1783 584 1813 Mariote
602 1782 695 1812 infra
712 1783 808 1812 xxx'²¹
825 1783 960 1812 dierum
978 1783 1133 1821 spacium
1151 1792 1171 1812 a
1194 1785 1351 1822 tempore
1370 1783 1585 1821 Monicionis,
1602 1786 1668 1814 etc.

238 1836 510 1873 Thorncombe
538 1836 642 1888 [now
671 1835 857 1872 included
887 1836 928 1872 in
959 1835 1027 1872 the
1057 1836 1222 1872 Diocese
1251 1835 1292 1872 of
1320 1835 1544 1888 Salisbury]
1559 1850 1569 1882 ,·
1608 1837 1669 1874 Se-

293 1890 508 1938 questracio
529 1893 757 1938 fructuum,
797 1890 1037 1932 redditumn,
1074 1896 1107 1926 el
1133 1896 1401 1938 proventuum
1439 1890 1590 1927 Viearie
1624 1892 1668 1928 de

295 1944 582 1988 Yhornecombe,
600 1958 675 1992 pro
695 1957 833 1980 cmmuo
852 1944 1023 1988 redditu,
1047 1950 1181 1988 etc„—

242 2000 401 2037 Thomas,
426 2003 503 2037 etc„
530 2000 669 2029 Decano
693 2000 734 2029 de
765 1999 962 2038 Honytone,
988 2009 1028 2029 ac
1052 1999 1201 2029 Vicariis
1226 1999 1408 2038 Perpetuis
1434 2000 1667 2030 Ecclesiarum

288 2044 542 2073 Parochialium
560 2044 601 2073 de
626 2043 844 2073 Axemouthe
869 2046 904 2072 ct
927 2044 1172 2082 Axemynstre,
1199 2043 1358 2081 salutem,
1383 2045 1583 2074 etossCum
1603 2046 1667 2074 Ex-

285 2088 554 2117 cellentissimus
578 2088 614 2117 in
638 2087 777 2117 Christo
795 2087 960 2126 Princeps
977 2091 1013 2117 et
1031 2088 1200 2117 Dominus
1217 2093 1345 2122 noster,
1364 2088 1533 2118 Dominus
1551 2089 1667 2119 Ricar-

286 2132 360 2169 dus,
379 2132 441 2161 Dei
458 2132 576 2171 gracia
593 2132 665 2161 Rex
688 2132 814 2170 Anglie
839 2134 874 2161 et
900 2131 1054 2169 Francie,
1073 2131 1278 2161 Vicecomiti
1304 2132 1457 2161 Devonie
1481 2143 1543 2171 per
1567 2143 1667 2163 suum

288 2176 398 2205 Breve
416 2176 562 2214 Regium
579 2175 715 2205 dederit
731 2175 766 2204 in
780 2175 956 2205 mandatis
972 2175 1063 2214 quod
1079 2185 1142 2205 nos
1158 2178 1303 2214 poneret
1314 2185 1376 2214 per
1389 2176 1490 2205 vadia
1508 2181 1542 2206 et
1554 2178 1668 2207 salvos

286 2220 428 2258 plegios,
445 2220 495 2249 ita
511 2220 601 2259 quod
618 2219 825 2249 haberemus
849 2229 965 2249 coram
989 2219 1202 2253 Justiciariis
1226 2219 1307 2255 suis
1325 2220 1416 2258 apud
1436 2220 1666 2251 Westmonas-

286 2264 424 2300 terium,
442 2273 461 2293 a
480 2264 542 2293 Die
554 2263 685 2293 Pasche
698 2263 734 2292 in
745 2266 817 2292 tres
829 2263 1052 2302 septimanas,
1066 2263 1252 2292 Dominum
1265 2263 1433 2293 Thoniam
1447 2264 1666 2304 Stremynge,

286 2307 463 2338 Vicarium
482 2307 634 2337 Ecclesie
652 2307 864 2336 Parochialis
888 2307 930 2336 de
955 2307 1224 2343 Thornecombe,
1241 2307 1404 2337 clericum
1430 2311 1598 2347 nostrum,
1623 2310 1667 2339 ad

285 2351 564 2390 respondendum
597 2350 769 2390 Religioso
793 2351 887 2385 Viro,
914 2351 1028 2380 Fratri
1057 2351 1219 2387 VValtero,
1252 2351 1380 2380 Abbati
1406 2352 1447 2381 de
1478 2353 1598 2391 Forde,
1625 2354 1667 2383 de

286 2396 419 2426 Placito
435 2395 524 2435 quod
541 2395 665 2425 reddat
681 2395 711 2424 ei
730 2395 911 2432 sexaginta
927 2398 960 2424 et
979 2397 1056 2424 octo
1073 2395 1210 2433 solidos,
1227 2395 1284 2434 qui
1302 2395 1332 2424 ei
1357 2405 1377 2424 a
1401 2398 1495 2426 retro
1519 2400 1601 2427 sunt
1625 2398 1667 2428 de

285 2449 401 2469 annuo
418 2439 556 2469 redditu
574 2449 632 2468 sex
648 2448 855 2476 marcarum,
873 2448 974 2478 quem
999 2439 1030 2468 ei
1055 2439 1168 2476 debet,
1193 2442 1232 2468 ut
1256 2439 1362 2475 dicit3
1387 2450 1499 2478 quem,
1517 2442 1666 2480 quidem,

286 2484 473 2513 Dominum
487 2484 665 2520 Thomam,
679 2483 866 2519 Vicarium‚
878 2482 922 2512 ad
934 2483 1203 2521 comparendum
1217 2493 1334 2513 coram
1347 2484 1455 2519 nobis,
1467 2485 1521 2514 vel
1538 2486 1668 2515 nostris

286 2527 321 2556 in
338 2527 404 2558 hac
420 2530 519 2566 parte
538 2527 802 2563 Commissariis,
814 2527 920 2557 certis
937 2527 992 2556 die
1009 2530 1043 2556 et
1060 2527 1134 2557 loco
1151 2526 1216 2556 sibi
1233 2527 1277 2556 ad
1295 2527 1358 2557 hoc
1376 2528 1546 2567 limitatis,
1564 2539 1668 2568 super

286 2572 464 2610 premissis
481 2574 515 2601 et
533 2581 573 2601 ea
589 2571 816 2607 tangentibus
834 2571 875 2600 de
891 2570 1032 2610 justicia
1048 2580 1295 2610 responsurum
1310 2586 1317 2608 3
1342 2571 1529 2610 facturum,
1547 2574 1666 2606 eciam.

287 2618 322 2645 et
338 2618 559 2654 recepturum
579 2615 673 2654 ‘quod
696 2618 798 2644 tenor
820 2615 903 2644 dicti
929 2614 1050 2644 Brevis
1073 2615 1108 2644 in
1134 2625 1169 2644 se
1193 2615 1300 2654 exigit
1317 2618 1352 2645 et
1376 2617 1531 2655 requirit,
1548 2609 1668 2647 nostro

286 2659 494 2698 precedente
521 2660 678 2695 Decreto,
702 2659 858 2697 legitime
882 2658 1069 2688 fecerimus
1093 2659 1248 2695 evocari3
1273 2660 1455 2699 ipsumque
1480 2661 1666 2691 Dominum

286 2703 463 2741 Thomam,
481 2703 669 2740 Vicarium,
686 2702 834 2741 prefatis
851 2702 905 2732 die
922 2706 957 2732 et
979 2703 1054 2732 loco
1070 2704 1340 2742 preoonizatum,
1359 2704 1493 2733 diucius
1509 2708 1667 2744 expecta-

284 2749 371 2784 tum,
388 2757 428 2777 ac
445 2747 540 2776 nullo
562 2746 664 2776 modo
681 2749 951 2785 comparentem,
968 2746 1126 2785 prefatus
1149 2750 1268 2777 noster
1285 2748 1551 2778 Cominissarius
1568 2759 1666 2788 repu-

284 2791 373 2822 tavit
397 2794 649 2828 contumacem,
674 2792 720 2828 et,
744 2790 780 2819 in
808 2800 933 2831 penam
958 2791 1176 2822 contumacie
1201 2800 1260 2821 sue
1286 2791 1495 2831 hujusmodi,
1520 2792 1666 2833 fructus,
