1987 3062
156 378 188 403 A.
196 378 230 404 D.

156 413 229 437 1383-
233 413 256 437 4.

155 445 217 470 Vol.
234 445 255 471 l.

152 2009 196 2034 sol.

153 2042 227 2067 11911.

463 277 746 312 REGISTRUM
796 275 1248 312 COMMUNE—ANNO
1280 267 1371 310 140.
1597 265 1685 307 521

313 382 524 421 singulisque
554 383 702 413 Decanis
731 384 915 414 Ruralibus
940 387 975 414 et
1004 383 1237 413 Ecclesiarum
1266 382 1519 412 Parochialium
1553 382 1692 411 Curatis

312 436 374 465 per
391 426 576 456 Civitatem
594 430 629 457 et
647 427 817 457 Diocesim
837 432 974 458 nostras
992 427 1121 457 Exonie
1138 426 1284 456 ubilibet
1302 426 1512 463 constitutis,
1531 426 1690 462 salutem,

313 470 512 500 etequm
540 471 762 501 Presentatos
786 482 1018 511 quoscumque
1043 472 1087 500 ad
1113 471 1286 501 Beneficia
1310 474 1509 500 nostrarum
1531 470 1692 500 Civitatis

312 518 346 543 et
364 514 518 544 Diocesis
534 516 710 549 vacam-ia,
728 526 941 556 quecumque
959 519 992 545 et
1015 515 1278 555 qualiacumque
1303 515 1445 549 fuerint,
1463 514 1507 543 ad
1531 524 1690 553 quorum-

312 568 457 597 cumque
476 559 760 589 Presentaciones
777 561 984 599 spectancia,
1002 560 1187 589 admittere
1205 562 1239 589 et
1263 559 1447 588 instituere
1466 558 1638 588 Canonice
1656 558 1690 587 in

311 602 452 639 eisdem,
470 606 652 642 ceteraque
671 604 843 634 Beneficia
860 605 962 643 pleno
978 604 1054 644 jure
1072 613 1132 633 seu
1150 603 1311 633 devoluto
1328 603 1373 632 ad
1397 613 1459 632 nos
1475 602 1692 641 pertinencia

311 647 420 676 eciam
452 647 615 677 vacancia
647 648 814 683 conferre,
848 649 1052 687 Electosque
1092 657 1324 687 quoscumque
1363 647 1398 676 in
1437 647 1592 676 Abbates
1631 656 1691 676 seu

312 690 457 728 Priores,
475 701 543 721 11011
568 696 756 730 exemptos,
774 693 809 722 in
836 692 1055 723 Monasteriis
1080 701 1139 721 seu
1165 691 1379 721 Prioratibus
1404 691 1575 721 dictarum
1602 690 1690 720 Civi-

311 735 395 765 tatis
423 738 458 764 et
485 736 638 765 Diocesis
664 737 878 773 confirmare,
903 740 938 766 et
963 740 1142 774 exemptos
1166 736 1389 765 confirmatos
1413 735 1626 771 benedicere,
1652 745 1691 764 ao

311 779 532 809 Beneficiatis
547 780 844 820 quibuscumque'
836 791 868 810 1n
888 781 1018 810 eisdem
1037 780 1099 809 Cn
1101 780 1186 809 1t1tc
1211 782 1246 809 et
1271 779 1405 809 Diocesi
1432 779 1605 808 Beneficia
1630 789 1692 808 sua

310 826 508 862 permutare
535 824 731 854 volentibus
756 825 999 854 auctoritatem
1026 828 1192 863 prestale
1219 829 1253 853 et
1286 823 1485 862 hujusmodi
1512 823 1690 852 Por-mutt-

310 867 425 897 ciones
442 877 482 896 ex
499 868 611 898 causis
628 868 795 905 legitimis
811 869 991 908 expedire,
1017 878 1161 903 necnon
1175 868 1210 896 in
1227 867 1499 907 quibuscumque
1518 867 1541 897 C
1546 867 1639 897 111515
1656 870 1690 896 et

310 911 463 949 neffoeiis
494 915 691 941 nostrarum
726 913 887 942 Cixitatis
918 916 951 942 et
985 912 1139 942 Diocesis
1171 912 1214 941 ad
1248 912 1373 941 Forum
1407 911 1689 941 Ecclesiasticum

311 955 559 994 spectantibus,
589 966 703 986 coram
731 957 830 986 nobis
856 960 915 986 aut
949 956 1205 986 Commissariis
1237 956 1365 985 nostris
1396 955 1604 985 introductis
1636 956 1689 985 vel

310 999 581 1031 introducendis.
601 1010 663 1038 per
687 1011 749 1030 nos
772 1005 976 1040 nostrosque
1002 1000 1173 1030 Officiales
1197 1005 1230 1029 et
1257 999 1520 1029 Commissarios
1548 1010 1689 1036 eognos-

310 1053 386 1073 cere
404 1046 438 1073 et
455 1044 650 1082 procedere,
668 1044 828 1084 ipsasque
845 1048 879 1075 et
897 1055 937 1075 ea
954 1046 1021 1074 fine
1039 1044 1156 1074 debito
1181 1044 1380 1081 terminare,
1398 1054 1437 1073 ae
1462 1044 1503 1073 de
1528 1054 1688 1083 quorum-

310 1097 456 1127 cumque
489 1088 706 1117 subditorum
739 1092 936 1119 nostrorum
969 1088 1172 1118 criminibus
1203 1091 1238 1118 et
1269 1088 1467 1118 excessibus
1506 1088 1688 1127 inquirere,

310 1141 416 1170 eaque
435 1132 606 1170 corrigere
634 1133 824 1163 reformare
850 1133 1022 1163 Canonice
1047 1136 1081 1162 et
1107 1132 1238 1171 punire,
1257 1132 1402 1161 notoriis
1427 1132 1630 1161 criminibus
1654 1135 1689 1161 et

309 1176 506 1206 excessibus
523 1176 557 1205 in
583 1176 795 1207 Visitacione
820 1177 1074 1216 Metropolitica
1099 1176 1286 1215 compertis
1310 1177 1492 1205 dumtaxat
1517 1176 1689 1215 exceptis;

310 1220 522 1259 Ordinesque
547 1220 819 1260 quibuscumque.
844 1221 992 1251 subditis
1016 1221 1145 1251 nostris
1170 1221 1206 1249 111
1232 1220 1296 1250 hac
1318 1224 1417 1259 parte
1441 1220 1586 1260 ydoneis
1611 1231 1688 1250 0011-

309 1264 417 1300 ferre;
442 1274 574 1294 necnon
594 1264 819 1295 Testamenta
835 1275 1129 1304 quorumcumque
1153 1265 1443 1294 Beneficiatorum
1461 1271 1495 1294 et
1513 1264 1689 1294 Nobilium

311 1307 541 1337 Personarum
565 1309 737 1338 dictarum
764 1309 925 1339 Civitatis
949 1312 983 1339 et
1010 1309 1173 1343 Diocesis,
1198 1309 1233 1337 in
1257 1309 1350 1338 eisd(
1354 1319 1387 1337 m
1414 1318 1473 1338 seu
1497 1319 1615 1338 earum
1642 1309 1688 1338 al-

309 1353 384 1381 tera
402 1352 657 1387 decedencium,
671 1353 847 1383 insinuare
865 1358 899 1383 et
917 1353 1125 1389 examinare,
1143 1353 1195 1391 ips
1198 1363 1284 1392 aque
1302 1353 1503 1391 approbare,
1518 1356 1552 1382 et
1570 1353 1688 1392 hujus-

309 1387 401 1425 modi
427 1396 578 1426 Ultimas
602 1397 742 1426 Volunt
736 1400 811 1427 ites
836 1398 945 1434 tue1i3
976 1407 1121 1433 necnon,
1149 1397 1399 1427 Executoribus
1432 1407 1517 1436 quos
1550 1397 1585 1425 in
1619 1397 1690 1427 suis

309 1439 508 1479 hujusmodi
539 1441 671 1470 ultimis
702 1441 946 1480 deputaverint
978 1441 1123 1479 eulogiis
1154 1441 1488 1470 Administraciones
1520 1441 1686 1470 bonorum

309 1494 449 1513 suorum
467 1484 645 1514 mobilium
664 1485 696 1514 in
717 1485 866 1515 Civitate
887 1490 919 1515 et
946 1485 1080 1515 Diocesi
1105 1485 1234 1514 nostris
1257 1485 1456 1524 hujusmodi
1483 1485 1688 1524 ubicumque

309 1528 536 1557 existent-ium
565 1530 793 1566 committere,
820 1530 1040 1568 ipsorumque
1067 1529 1299 1559 Executorum
1322 1529 1471 1559 calculos
1497 1539 1556 1559 seu
1582 1529 1688 1559 racio-

309 1572 399 1601 cinia
429 1582 531 1611 super
558 1573 707 1612 receptis
733 1577 766 1603 et
792 1573 1046 1603 administratis
1065 1573 1241 1603 reddenda
1265 1573 1402 1610 exigere
1427 1579 1461 1603 et
1486 1573 1624 1610 audi1203
1650 1584 1689 1603 ac

308 1616 447 1645 eosdem
473 1616 683 1647 Executores
707 1617 750 1647 ab
774 1618 893 1647 Officio
917 1620 1046 1652 nostro,
1066 1617 1215 1656 receptis
1239 1617 1437 1656 hujusmodi
1463 1617 1614 1653 calculis,
1640 1618 1687 1647 di-

308 1660 448 1689 mittere
466 1664 499 1689 et
518 1661 675 1691 totaliter
691 1662 855 1698 liberare3
881 1672 1025 1697 necnon,
1044 1662 1071 1691 si
1096 1661 1139 1691 ab
1163 1661 1331 1691 intestato
1356 1661 1445 1691 diem
1471 1672 1571 1691 51111111
1597 1662 1687 1691 clau-

309 1704 416 1734 serint
434 1708 639 1741 extremum,
657 1705 824 1735 bonorum
843 1716 981 1735 suorum
999 1705 1177 1735 mobilium
1196 1705 1395 1744 hujusmodi
1418 1705 1452 1734 in
1479 1705 1628 1735 Civitate
1654 1711 1688 1735 et
1708 1718 1713 1721 *

308 1748 443 1777 Diocesi
471 1749 599 1778 nostris
616 1750 762 1788 prefatis
786 1760 850 1789 que
876 1750 968 1789 ipsos
992 1754 1147 1789 tempore
1171 1749 1294 1779 mortis
1317 1750 1505 1779 eorundem
1531 1750 1687 1788 optinere

307 1792 492 1830 contigerit
524 1793 779 1828 administrare,
808 1804 867 1824 seu
899 1794 1234 1823 Administraciones
1265 1793 1465 1833 hujusmodi
1490 1794 1614 1833 quibus
1646 1795 1687 1823 de,

307 1835 383 1876 jure
404 1837 457 1866 vel
482 1838 731 1867 consuetudine
756 1838 789 1867 id
815 1839 987 1877 agendum
1013 1838 1234 1877 ipsarumque
1259 1838 1453 1867 animarum
1482 1838 1584 1868 saluti
1609 1838 1687 1877 plus

307 1891 381 1910 esse
399 1881 585 1919 expediens
602 1882 890 1920 prospexerimus,
908 1882 1017 1912 eciam
1035 1882 1272 1918 committere;
1296 1881 1362 1921 jus,
1383 1892 1517 1921 qnoque
1542 1883 1685 1921 percipi-

306 1925 386 1953 endi
411 1927 445 1954 et
471 1925 619 1955 habendi
644 1926 790 1963 fructus,
808 1926 974 1961 redditus,
992 1930 1024 1956 et
1052 1929 1240 1965 proventus
1257 1936 1552 1965 quarumcumque
1571 1926 1685 1956 Eccle-

307 1968 434 1998 siarum
461 1972 495 1998 et
521 1969 779 1999 Prebendarum
802 1981 841 2000 ac
865 1978 1058 2000 ceterorum
1086 1970 1336 2000 Beneficiorum
1362 1970 1685 2000 Ecclesiasticorum

308 2012 343 2041 in
370 2012 520 2042 Civitate
549 2016 583 2043 et
612 2014 747 2044 Diocesi
776 2015 990 2051 vacancium,
1019 2014 1178 2053 ipsosque
1210 2014 1386 2053 percipere
1412 2020 1446 2044 et
1472 2015 1617 2051 liabere;
1642 2015 1685 2044 ad

307 2066 369 2086 nos
402 2057 511 2086 solum
544 2061 577 2087 et
610 2058 807 2095 insolidum,
839 2062 912 2088 tam
945 2059 986 2088 de
1018 2058 1094 2098 jure
1126 2058 1301 2087 communi
1334 2069 1436 2097 quam
1469 2059 1510 2088 de
1543 2060 1686 2098 antiqua

306 2100 470 2129 laudabili
503 2103 762 2139 consuetudine,
789 2103 826 2131 in
859 2103 960 2133 dictis
986 2103 1136 2132 Civitate
1168 2106 1202 2131 et
1235 2102 1370 2132 Diocesi
1399 2103 1527 2132 nostris
1556 2103 1685 2133 usitata

306 2148 340 2173 et
368 2144 522 2181 legitime
548 2147 750 2185 prescripta,
776 2147 977 2176 dinoscatur
1001 2146 1135 2176 notorie
1163 2146 1346 2184 pertinere,
1376 2147 1575 2186 fuerintque
1606 2147 1683 2177 Pre-

306 2194 458 2218 cessores
497 2192 532 2218 et
572 2189 837 2220 Predecessores
876 2190 997 2227 nostri,
1038 2190 1198 2229 Episcopi
1240 2190 1452 2220 Exonienses
1490 2201 1610 2221 omnes
1649 2195 1683 2221 et

306 2232 432 2269 singuli
470 2233 527 2271 qui
562 2243 624 2271 pro
659 2236 814 2272 tempore
850 2235 1050 2271 extiterant,
1087 2245 1126 2263 ac
1162 2244 1224 2263 nos
1260 2238 1336 2263 toto
1372 2238 1528 2273 tempore
1564 2238 1684 2265 nostro

306 2276 524 2307 extiterimus
560 2280 593 2306 et
632 2278 937 2316 permanserimus,
974 2288 1159 2317 sumusque
1198 2278 1233 2306 in
1274 2278 1425 2316 presenti
1465 2279 1501 2307 in
1540 2279 1684 2317 pacifica

306 2321 520 2358 possessione
549 2321 601 2350 vel
635 2322 731 2361 quasi
763 2321 851 2361 juris
882 2322 1032 2352 faciendi
1057 2325 1092 2351 et
1120 2322 1321 2351 excercendi
1346 2323 1463 2351 omnia
1487 2329 1521 2352 et
1547 2323 1683 2359 singula

304 2365 473 2402 premissa
504 2365 606 2395 modo
637 2376 703 2405 quo
734 2366 919 2404 prefertur,
951 2366 1059 2396 eciam
1093 2366 1240 2395 durante
1272 2370 1426 2405 tempore
1460 2367 1683 2397 Visitacionis

306 2408 558 2447 Metropolitice
590 2419 651 2448 per
683 2410 923 2439 Reverendum
960 2410 995 2439 in
1036 2410 1175 2439 Christo
1211 2410 1361 2447 Patrem,
1395 2410 1682 2441 Cantuariensem

304 2452 622 2492 Archiepiscopum,
648 2454 971 2493 quocienscumque,
996 2454 1292 2493 quandocumque,
1319 2458 1354 2484 et
1386 2455 1682 2494 qualitercumque

304 2497 490 2534 contigerit
507 2508 583 2527 eam
603 2498 786 2535 excel-ceri,
804 2508 823 2527 a
841 2502 995 2537 tempore
1021 2500 1055 2527 et
1079 2508 1141 2537 per
1164 2501 1302 2536 tempus
1327 2499 1368 2528 de
1393 2499 1492 2538 cujus
1509 2500 1683 2529 contrario

304 2541 470 2570 memoria
492 2541 671 2571 hominum
697 2553 765 2572 non
789 2542 924 2579 existit3
950 2542 1184 2581 premissaque
1209 2542 1325 2572 onmia
1349 2546 1382 2572 et
1407 2543 1544 2580 singula
1568 2554 1681 2573 excer-

304 2585 439 2614 cuerint
456 2588 489 2614 et
510 2585 668 2623 fecerint,
686 2587 962 2616 excercuerimus
986 2592 1020 2616 et
1038 2586 1233 2621 fecerimus,
1251 2597 1497 2626 excercereque
1515 2590 1549 2617 et
1566 2588 1681 2617 facere

303 2629 546 2658 consueverint
570 2632 605 2659 et
629 2631 910 2660 consueverimus
933 2640 995 2669 per
1019 2634 1176 2669 tempora
1200 2630 1380 2668 prelibata,
1398 2631 1507 2660 eciam
1533 2632 1680 2661 durante

303 2671 515 2702 Visitacione
533 2673 798 2713 Metropolitica,
814 2674 956 2713 pacifice
981 2676 1016 2704 et
1039 2674 1174 2713 quiete3
1198 2684 1271 2711 nos,
1288 2674 1356 2713 juri
1381 2678 1416 2704 et
1440 2675 1682 2705 consuetudini

304 2716 433 2746 nostris
462 2717 610 2755 prefatis
640 2718 842 2753 innitentes,
875 2723 909 2747 et
941 2718 1043 2747 inniti
1070 2718 1236 2753 volentes,
1268 2718 1375 2754 vobis,
1408 2719 1622 2758 conjunctim
1647 2726 1682 2749 et

305 2759 452 2796 divisim,
485 2760 521 2789 in
552 2761 682 2791 virtute
716 2762 924 2792 Obedieneie
956 2772 995 2792 ac
1028 2762 1091 2791 sub
1124 2762 1506 2792 Excommunicacionis
1540 2763 1682 2802 Majoris

303 2813 392 2841 pena
416 2804 564 2834 firmiter
586 2805 812 2845 injungentes
836 2806 1098 2843 committimus,
1115 2808 1150 2835 et
1174 2805 1331 2835 districte
1348 2807 1568 2845 precipiendo
1586 2817 1681 2836 man-

303 2847 436 2885 damus,
454 2849 628 2887 quatinus,
646 2850 769 2889 primo,
794 2850 956 2887 secundo,
973 2853 1009 2880 et
1033 2849 1142 2879 tercio
1167 2860 1205 2879 ac
1229 2851 1472 2889 peremptorie,
1490 2851 1526 2880 in
1550 2861 1676 2890 genere
