1987 3062
478 236 764 270 REGISTRUM
801 234 1259 269 COMMUNE—ANNO
1301 225 1360 266 1⁰.
1597 224 1690 266 235

155 339 232 398 ἐξὲξ·-
268 342 735 391 Moreton-Hampstead3
767 341 990 380 Oommissio
1018 341 1063 378 de
1093 340 1322 389 inquirendo
1344 352 1456 387 super
1478 339 1695 386 pollucione

154 406 218 432 Vol.
231 406 255 432 1.
307 396 501 434 Cimicerz‘i
519 396 564 433 de
584 396 827 441 Alorion&—

267 449 419 487 Thomas,
437 453 509 488 etc„
529 450 693 489 Magistris
708 450 852 481 Waltero
869 450 911 481 de
931 451 1123 490 ssamptone,
1143 448 1282 480 officiali
1301 448 1474 487 Peculiari,
1493 452 1527 479 et
1545 446 1693 479 Johanni

308 493 521 531 Northwode,
539 493 740 532 Registrario
763 497 887 531 nostro,
911 493 945 524 in
971 493 1128 531 Devouia,
1146 493 1299 530 salutem,
1320 494 1481 523 etc.--Ex
1502 495 1596 532 parte
1613 491 1693 521 Wil-

308 537 399 567 lelmi
425 537 609 574 Totescote,
636 536 786 576 junioris,
819 541 852 567 et
879 537 1041 568 Johannis
1069 537 1174 573 Borel,
1203 535 1356 576 junioris,
1385 536 1426 566 de
1464 534 1621 566 Parochia
1655 535 1696 564 de

310 581 470 618 Morione,
490 580 582 610 nobis
599 580 713 610 extitit
728 580 924 611 intimatum
949 580 1048 620 quod,
1066 580 1144 610 licet
1167 579 1230 619 ipsi
1250 579 1438 609 Willelmus
1465 583 1500 609 et
1524 578 1696 609 Johannes

309 623 343 654 in
367 624 547 663 quemdam
575 623 754 653 Ricardum
783 623 897 663 Bayly‚
926 624 967 653 de
994 624 1152 654 Parochia
1181 623 1337 662 predicta,
1368 623 1456 653 infra
1480 621 1695 654 Cimiterium

312 667 455 698 Ecclesie
479 667 519 697 de
544 666 722 697 Mourtone
748 666 817 705 (sic)
845 667 913 697 Deo
936 667 1138 704 dedicatum,
1163 671 1197 697 et
1221 669 1316 696 extra
1347 666 1488 697 eandem
1514 665 1695 696 Ecclesiam

312 710 498 749 omnin0,in
510 720 586 740 casu
599 710 701 749 ajure
713 721 776 740 non
791 710 959 750 permiSSO,
969 721 1087 740 manus
1099 709 1290 750 injecissent
1305 713 1429 740 temere
1437 710 1608 747 violentas,
1619 718 1696 739 cum

311 754 469 784 effusione
486 753 665 791 sanguinis,
684 757 722 784 ut
738 753 905 789 asseritur,
924 753 1018 783 valde
1035 754 1136 793 gravi,
1155 753 1245 783 unde
1268 753 1358 783 idem
1388 753 1603 784 Cimiterium
1630 752 1697 782 fuit

310 801 345 827 et
371 801 422 828 est
446 797 638 837 pollutum;
678 796 808 837 ipsique
845 797 1029 827 Willelmus
1061 800 1095 827 et
1122 797 1303 835 Johannes,
1337 797 1378 827 de
1410 797 1596 827 commissis
1628 796 1697 826 suis

314 840 509 881 hujusmodi
532 840 754 877 condolentes,
783 840 826 870 ad
849 840 1122 870 satisfaciendum
1147 840 1239 870 Parti
1263 844 1400 880 propter
1423 851 1469 873 ea,
1496 839 1640 870 Ecclesie
1664 842 1698 869 et

317 885 414 922 Parti,
448 887 487 914 ut
515 884 648 921 dicitur,
675 884 744 914 sint
773 884 904 923 parati;
944 883 1092 924 quidam,
1125 887 1247 921 tamen,
1280 883 1415 914 Domini
1443 884 1625 914 Nicholaus
1655 883 1696 912 de

314 927 496 965 Deneham,
522 927 691 958 Johannes
721 927 762 957 de
790 926 938 964 clifford,
971 930 1006 957 et
1036 927 1231 965 willelmus,
1266 927 1429 966 presbiter
1460 926 1698 967 stipendiarius

317 971 452 1011 Waryni
477 970 614 1010 Baylife,
638 970 791 1010 ejusdem
816 970 959 1000 Ecclesie
985 970 1163 1010 Capellani,
1189 974 1325 1010 propter
1350 971 1509 1010 premissa
1534 972 1697 1007 asserunt,

313 1014 393 1045 licet
423 1014 533 1044 minus
566 1014 733 1049 veraciter,
767 1017 806 1044 ut
836 1014 968 1052 dicitur,
1001 1014 1141 1044 eandem
1174 1014 1355 1044 Ecclesiam
1391 1014 1563 1054 pollutam,
1597 1018 1632 1044 et
1664 1024 1698 1044 se

314 1058 479 1088 abstinere
496 1058 615 1088 debere
632 1058 664 1087 in
681 1058 806 1094 eadem,
820 1057 908 1087 sicut
920 1068 953 1087 se
965 1057 1145 1093 abstinent,
1161 1058 1295 1096 penitus
1308 1068 1327 1088 a
1343 1058 1482 1095 Divinis,
1499 1058 1532 1088 in
1547 1059 1698 1097 ipsorum

314 1101 587 1141 parochianorum
601 1100 825 1141 prejudicium
836 1104 868 1130 et
881 1111 1068 1140 gravamen.
1116 1101 1285 1137 Volentes,
1300 1101 1412 1140 igitur,
1425 1112 1524 1141 super
1541 1101 1698 1131 omnibus

160 1152 212 1179 fol,
227 1153 270 1179 Sb,
312 1148 346 1175 et
369 1145 507 1184 singulis
531 1145 683 1184 superius
707 1144 879 1184 suggestis,
905 1155 945 1175 ex
970 1144 1083 1175 Officio
1110 1149 1222 1174 nostro
1247 1148 1280 1174 et
1305 1155 1363 1184 pro
1388 1144 1524 1184 justicia
1544 1145 1697 1175 Parcium

314 1187 547 1227 predictarum,
565 1191 605 1218 ut
621 1188 725 1226 decet,
745 1188 887 1226 plenarie
910 1187 1091 1225 informari,
1118 1188 1219 1225 vobis,
1239 1192 1272 1217 et
1296 1188 1434 1218 cuilibet
1458 1192 1621 1226 vestrum,
1648 1188 1694 1217 iu-

313 1231 495 1271 jungimus,
512 1231 765 1269 committimus
784 1234 818 1260 et
834 1231 1032 1261 mandamus
1049 1231 1210 1271 quatinus
1229 1241 1315 1261 unus
1341 1236 1489 1261 vestrum
1509 1232 1550 1262 ad
1572 1232 1696 1261 dictam

316 1274 497 1311 Ecclesiam
524 1274 740 1313 personaliter
762 1275 904 1312 accedat,
930 1277 973 1311 et,
1002 1285 1059 1314 per
1088 1274 1174 1304 viros
1202 1274 1386 1314 fidedignos
1418 1275 1451 1304 iu
1481 1275 1589 1305 forma
1611 1275 1696 1315 juris

316 1318 445 1358 juratos
472 1318 628 1348 noticiam
660 1321 781 1347 certam
807 1317 958 1347 omnium
984 1317 1221 1357 premissorum
1246 1318 1448 1355 obtinentes,
1474 1318 1515 1348 de
1539 1319 1699 1348 violencia

318 1361 456 1400 prefata,
474 1364 509 1391 et
524 1361 557 1391 in
576 1371 641 1400 quo
659 1360 729 1391 loco
745 1364 805 1390 aut
820 1360 854 1390 in
871 1360 993 1401 quibus
1010 1360 1089 1391 locis
1106 1361 1265 1391 extiterat
1281 1362 1465 1399 commissa,
1481 1373 1516 1392 ac
1533 1363 1700 1402 quomodo

318 1408 352 1434 et
368 1405 520 1444 qualiter,
539 1404 661 1444 quibus
686 1404 907 1444 presentibus,
926 1407 959 1434 et
983 1414 1084 1444 quare
1108 1405 1247 1434 cessacio
1273 1409 1322 1435 est
1346 1416 1363 1434 a
1381 1405 1519 1443 Divinis,
1547 1409 1581 1435 et
1603 1415 1701 1445 super

318 1448 389 1478 aliis
413 1447 560 1478 articulis
578 1447 611 1477 in
629 1458 665 1477 ea
682 1454 775 1487 parte
791 1447 991 1485 necessariis,
1009 1448 1193 1478 secundum
1211 1448 1446 1479 discrecionem
1461 1459 1480 1479 a
1496 1449 1564 1479 Deo
1577 1449 1700 1487 datam,

317 1492 494 1530 diligenter
510 1490 658 1531 inquirat
674 1490 861 1521 veritatem.
909 1491 1036 1529 Citetis,
1055 1492 1166 1529 eciam,
1192 1502 1249 1521 seu
1273 1492 1369 1522 citari
1393 1492 1532 1531 faciatis,
1550 1503 1700 1532 peremp-

318 1535 410 1572 torie,
429 1534 574 1574 prefatos
588 1532 795 1574 presbiteros,
810 1545 846 1564 ac
864 1534 1053 1571 Ricardum,
1069 1535 1285 1572 Willelmum,
1299 1539 1332 1565 et
1347 1535 1534 1566 Johannem
1549 1536 1701 1575 superius

318 1577 513 1615 nominatos,
539 1578 629 1618 quod
645 1581 858 1617 compareant
871 1588 980 1608 coram
1003 1577 1142 1608 Officiali
1156 1582 1270 1609 nostro
1286 1578 1472 1618 Principali,
1498 1580 1531 1609 in
1556 1579 1703 1609 Ecclesia

317 1624 429 1652 nostra
448 1621 637 1652 Cathedrali
656 1621 791 1657 Exonie‚
810 1621 863 1650 die
881 1621 1035 1651 Mercurii
1053 1622 1202 1661 proxima
1214 1625 1290 1661 post
1307 1622 1446 1652 Festum
1460 1624 1580 1653 Sancte
1600 1623 1702 1653 Lucie

318 1665 466 1704 proximo
483 1665 649 1702 futurum,
661 1675 760 1704 super
776 1665 875 1695 certis
891 1664 1040 1695 articulis
1059 1665 1273 1704 prescriptam
1287 1665 1460 1696 materiam
1473 1666 1701 1696 concernenti-

317 1708 389 1746 bus,
415 1708 456 1738 ad
479 1707 665 1738 animarum
690 1718 826 1738 suarum
855 1709 1095 1738 correccionem
1122 1718 1246 1739 meram
1277 1709 1384 1739 eidem
1414 1720 1453 1739 ex
1483 1709 1597 1741 Officio
1626 1720 1701 1740 con-

317 1751 460 1792 junctim
478 1754 511 1781 et
527 1751 657 1781 divisim
675 1751 856 1781 obiciendis
873 1752 1071 1790 responsuri,
1090 1755 1124 1782 et
1141 1752 1183 1782 de
1207 1752 1303 1782 factis
1327 1753 1396 1783 suis
1421 1753 1649 1792 personaliter,
1676 1753 1704 1783 si

318 1794 511 1834 oportuerit,
535 1794 704 1835 juraturi;
728 1794 851 1824 facturi
869 1795 1009 1825 ulterius
1033 1798 1067 1825 et
1092 1796 1256 1835 recepturi
1282 1797 1372 1836 quod
1396 1797 1436 1826 ad
1462 1797 1703 1827 correccionem

318 1838 520 1868 antedictam
538 1838 680 1868 finaliter
697 1837 820 1877 poterit
837 1839 1011 1877 pertinere.
1064 1839 1104 1868 lsst
1129 1839 1210 1879 quid
1233 1839 1351 1869 fecerit
1374 1843 1408 1870 et
1432 1840 1597 1870 invenerit
1615 1851 1704 1870 unus

319 1884 476 1920 vestrum,
501 1881 699 1921 inquirendo
725 1884 764 1911 ut
788 1881 979 1920 predicitur,
998 1882 1179 1913 Officialem
1197 1883 1418 1922 Principalem
1443 1883 1643 1923 predictum,
1663 1884 1704 1914 ad

318 1925 424 1955 dictos
440 1926 528 1955 diem
545 1930 577 1955 et
595 1925 715 1963 locum,
728 1925 885 1955 distincte
902 1928 936 1955 et
952 1929 1065 1965 aperte
1077 1925 1235 1956 certificet
1249 1936 1306 1966 per
1320 1927 1448 1957 Literas
1462 1938 1538 1957 suas
1553 1930 1706 1967 patentes

319 1972 353 1999 et
370 1968 504 2006 clausas,
524 1969 643 1998 harum
667 1971 702 1999 et
723 1968 959 2008 Inquisicionis
983 1972 1078 2009 capte
1103 1980 1139 1999 ac
1159 1969 1340 2000 Citacionis
1364 1978 1472 2000 vestre
1497 1971 1707 2001 continentes

321 2016 481 2049 tenorem,
505 2012 613 2051 sigillo
630 2012 801 2042 autentico
818 2012 1035 2051 consignatas,
1053 2013 1274 2044 etc.—Dated
1293 2013 1442 2051 London,
1462 2016 1502 2045 20
1522 2015 1604 2045 Nov.

283 2078 451 2127 Oratory
467 2090 478 2123 3
506 2077 658 2114 Licence
679 2083 715 2114 to
735 2077 980 2123 celebrate,—

277 2130 327 2162 vtO
352 2131 519 2162 Kalendas
543 2131 735 2162 Decembris
758 2130 812 2170 [27
830 2131 946 2170 Nov.],
969 2132 1133 2162 walterus
1157 2132 1311 2173 Dymoke
1335 2133 1454 2165 habuit
1479 2134 1625 2165 Literam
1651 2144 1710 2174 pro

323 2174 474 2205 Oratorio
490 2185 550 2205 suo
573 2186 591 2205 a
608 2175 708 2205 Festo
724 2174 848 2205 Pasche
874 2175 1024 2215 proximo
1049 2176 1218 2215 preterito,
1245 2187 1302 2216 per
1327 2187 1433 2208 unum
1457 2188 1586 2209 annum
1611 2178 1708 2208 dura-

322 2220 442 2248 turam.

276 2288 419 2325 Exeter
456 2288 693 2335 Cathedra13
744 2288 966 2326 Commissio
1000 2289 1044 2326 de
1081 2290 1314 2327 restituendo
1345 2291 1508 2338 Liceras,
1555 2292 1707 2340 Carcas,

330 2342 603 2387 Instrumenta,
627 2349 660 2379 et
679 2343 763 2379 alia
785 2343 834 2379 M
834 2343 1028 2380 tenimenta
1050 2343 1212 2380 Ecclesia
1232 2345 1527 2391 livoniensis,—

280 2396 433 2434 Thomas,
450 2401 523 2434 etc.‚
542 2396 673 2426 Decano
691 2396 834 2427 Ecclesie
851 2400 962 2427 nostre
982 2397 1184 2434 Exoniensis‚
1210 2408 1246 2428 ac
1270 2398 1551 2431 Jurisdiccionum
1576 2405 1708 2433 nostra-

322 2449 397 2470 rum
417 2439 636 2470 Peculiarium
653 2439 688 2470 in
704 2440 853 2470 Devonia
877 2443 910 2470 et
935 2440 1102 2470 Cornubia
1127 2441 1341 2480 Officialibus,
1359 2443 1567 2484 singulisque
1591 2446 1707 2476 Archi-

322 2482 467 2513 diaconis
485 2483 605 2513 nostris
621 2486 656 2513 et
679 2493 793 2513 eorum
811 2483 1023 2521 Officialibus,
1041 2483 1194 2522 salutem,
1213 2486 1374 2515 etc—Ad
1399 2490 1549 2517 nostram
1573 2489 1707 2519 audien-

322 2526 407 2556 ciam
438 2527 567 2557 noviter
600 2529 651 2556 est
681 2527 866 2556 deductum
897 2527 987 2566 quod
1019 2527 1172 2557 nonnulli
1204 2527 1332 2558 subditi
1371 2531 1486 2568 nostri,
1520 2531 1708 2563 animarum

323 2579 459 2599 suarum
475 2569 591 2600 salutis
607 2569 814 2607 inmemores,
829 2580 971 2609 quorum
988 2570 1122 2600 nomina
1139 2570 1336 2609 ignorantur
1351 2576 1386 2602 et
1402 2583 1549 2612 persone,
1568 2575 1706 2615 Literas,

325 2612 452 2650 Cartas,
474 2613 715 2650 Instrumenta,
735 2616 768 2643 et
784 2613 846 2643 alia
864 2613 1072 2643 Munimenta
1090 2613 1226 2651 diversa,
1243 2614 1319 2654 jura
1335 2619 1369 2645 et
1392 2616 1563 2648 libertates
1593 2629 1651 2650 nos
1676 2623 1710 2650 et

326 2655 505 2686 Ecclesiam
523 2659 671 2686 nostram
691 2656 911 2686 Exoniensem
928 2656 1168 2694 concernencia,
1186 2667 1227 2687 ex
1243 2668 1387 2697 quorum
1410 2661 1635 2693 concelacione
1651 2673 1709 2694 seu

326 2699 552 2729 subtraccione
571 2699 716 2729 Ecclesia
732 2703 845 2730 nostra
862 2699 1010 2738 predicta
1027 2703 1137 2738 posset
1153 2700 1193 2730 de
1211 2700 1298 2730 facili
1315 2702 1384 2732 suis
1396 2701 1531 2742 juribus
1555 2716 1615 2745 pro
1639 2717 1708 2746 per-

327 2744 427 2781 petuo
444 2742 643 2780 defraudari,
660 2742 825 2780 detinent,
840 2742 1056 2779 subtrahunt,
1074 2746 1108 2773 et
1123 2743 1303 2783 coneelant,
1320 2745 1354 2776 in
1371 2746 1557 2778 animarum
1574 2759 1711 2781 suarum

326 2795 424 2824 grave
452 2785 645 2825 periculum,
674 2786 847 2825 nostrique
875 2788 907 2816 et
940 2785 1084 2815 Ecclesie
1115 2791 1228 2817 nostre
1260 2788 1386 2827 prefate
1418 2790 1641 2830 prejudicium
1677 2798 1712 2823 et

328 2838 512 2867 gravamen.
572 2829 731 2866 Quocirca
763 2829 864 2867 vobis,
896 2828 1105 2868 conjunctim
1143 2833 1178 2860 et
1215 2830 1358 2871 divisim,
1393 2834 1640 2867 committimus
1678 2840 1712 2867 et
