1987 3062
452 202 739 236 REGISTRUM
775 201 1231 236 COMMUNE—ANNO
1269 193 1332 238 30.
1564 189 1657 239 277

136 303 211 364 34:47¹}-
244 306 517 344 Procurations
537 308 578 345 of
606 308 673 345 the
693 308 1047 346 Cardinal-Nuncio
1063 321 1073 355 3
1095 308 1330 345 immolatum
1349 322 1459 356 super
1471 322 1656 356 procura-

135 370 195 396 V‹›1.
207 373 229 397 1.
295 361 462 398 cz'onibus
483 362 645 398 Domini
674 363 857 410 Episcopi
888 362 1275 410 Cccrpencoracensis,1
1305 362 1415 400 Sedis
1445 363 1655 410 Apostolice

294 415 443 452 Nuncii
458 428 472 460 ,·
500 415 678 461 videlicet,
701 417 915 464 quadrante
934 416 988 452 ad
1005 429 1243 461 marcam,—

242 468 425 499 Willelmus
442 467 498 508 [de
514 469 723 509 Wytleseye],
738 470 950 509 permissione
968 470 1087 499 Divina
1106 469 1355 500 Cantuariensis
1370 470 1653 510 Archiepiscopus,

281 515 353 549 etc„
379 511 521 542 Domino
552 512 687 550 'Pliome‚
722 513 782 543 Dei
815 514 922 551 gracia
954 513 1133 543 Exoniensi
1168 513 1335 553 Episcopo,
1360 513 1513 551 salutem,
1546 517 1652 544 etc.—

282 555 408 585 Literas
436 555 652 594 Sanctissimi‚
678 559 753 593 etc,
778 556 911 586 Domini
937 556 1099 595 Gregorii,
1122 556 1223 596 digna
1246 557 1308 586 Dei
1333 556 1547 587 providencia
1563 557 1651 596 Pape

280 596 379 635 XIffli‚
403 598 506 638 ipsius
529 609 606 629 vera
630 599 719 628 bulla
745 599 901 638 plumbea
924 609 1000 629 cum
1026 599 1079 629 filo
1110 600 1242 639 canapis
1267 610 1356 630 more
1382 600 1529 630 Romane
1554 600 1653 630 Cui-ie

282 642 434 680 bullatas,
459 641 589 681 primo;
621 652 757 679 necnon,
783 642 920 680 Literas‚
946 642 1081 672 Domini
1107 641 1278 680 willelmi,
1303 643 1417 673 eadem
1441 643 1549 683 gracia
1575 644 1651 674 Car-

282 684 526 724 pentoraeensis
552 685 714 725 Episcopi,
744 686 838 715 Sedis
863 685 1051 724 Apostolice
1082 686 1215 724 Nuncii,
1241 686 1283 716 ad
1306 686 1425 726 Anglie
1457 689 1492 716 et
1516 687 1653 717 Francie

279 729 393 766 Regna
409 728 576 766 destinati,
594 728 697 766 ipsius
713 728 820 768 sigillo
844 728 984 767 oblongo
1009 739 1084 758 cum
1102 739 1175 758 cera
1190 729 1292 759 rubea
1309 729 1476 768 sigillatas,
1493 729 1653 769 signoque

278 774 313 801 et
335 771 579 810 subscripcione
606 770 745 808 Ricardi,
768 771 898 801 Domini
924 771 1053 801 Notarii
1078 772 1286 802 Auctoritate
1310 773 1499 812 Apostolica
1527 773 1655 803 Publici

278 814 490 854 infrascripti,
515 814 672 851 munitas,
696 816 938 854 subsequenter
962 825 1018 854 per
1041 815 1183 845 eundem
1209 815 1380 846 Nuncium
1404 816 1499 846 nobis
1525 827 1653 855 presen-

283 860 376 896 tatas,
388 858 580 897 recepimus,
594 861 743 888 tenorem
760 858 817 898 qui
834 858 987 898 sequitur
1000 859 1443 897 continentes,—Gregorius
1461 859 1653 899 Episcopus,

280 905 352 940 etc,
377 903 478 941 prout
500 900 638 931 inferius
672 901 1122 939 continetur,-Reverendo,
1154 905 1226 939 etc.,
1253 902 1485 932 Cantuariensi
1519 903 1650 933 Archie-

281 945 423 984 piscopo,
455 947 489 974 et
519 944 593 984 ejus
624 944 763 982 Via-ario,
793 944 938 981 Officiali,
972 945 1199 983 Thesaurario,
1235 945 1421 984 Receptori,
1455 946 1506 976 vel
1538 957 1651 976 eorum

278 987 542 1018 locatenentibus
560 998 566 1025 ;
584 988 749 1027 Capitulo,
764 998 906 1028 quoque,
924 991 958 1018 et
974 988 1112 1027 siugulis
1130 988 1300 1019 Mon-achis
1320 989 1463 1019 Ecclesie
1477 989 1649 1019 Cantuari-

278 1031 374 1068 ensis,
399 1031 608 1069 Guillelmns,
632 1035 704 1069 etc„
728 1032 906 1070 Episcopus
932 1032 1251 1070 Carpentoracensis,
1276 1035 1349 1069 etc„
1366 1032 1520 1070 salutem,
1545 1036 1650 1063 ete.—

279 1075 365 1105 Cum
382 1073 617 1105 Sanctissimus
633 1074 666 1104 in
685 1074 818 1105 Christo
835 1075 943 1112 Pater,
960 1075 1122 1105 Dominus
1140 1075 1317 1114 Gregorius
1336 1076 1422 1115 Papa
1434 1076 1648 1114 Undecimus,

279 1120 351 1155 etc„
366 1128 424 1156 pro
440 1117 640 1156 quibusdam
657 1118 796 1148 summis
812 1121 846 1147 et
862 1117 974 1147 arduis
992 1118 1134 1157 negociis
1150 1118 1191 1148 ad
1210 1119 1322 1158 Regna
1338 1118 1471 1149 Francie
1484 1122 1518 1149 et
1532 1119 1650 1157 Anglie

280 1170 339 1190 nos
355 1160 490 1190 duxerit
505 1160 730 1196 destinandos,
748 1164 782 1191 et
799 1161 1002 1190 ordinaverit,
1026 1161 1116 1200 quod
1144 1161 1239 1191 nobis
1255 1162 1430 1192 duodecim
1447 1162 1562 1192 fioreni
1578 1163 1652 1193 auri

278 1204 318 1233 de
342 1203 488 1241 Camera,
513 1204 651 1243 singulis
682 1204 809 1241 diebus,
841 1204 960 1241 eundo,
986 1205 1115 1242 standO,
1140 1208 1174 1234 et
1204 1205 1385 1242 redeundo,
1410 1215 1467 1244 per
1492 1206 1651 1236 Personas

281 1246 523 1277 Ecclesiasticas
538 1257 593 1285 per
605 1257 746 1287 quarum
766 1247 850 1277 Loca
866 1257 925 1277 nos
942 1247 1105 1277 declinare
1121 1247 1307 1286 contigerit,
1323 1259 1379 1288 pro
1392 1248 1543 1287 expensis
1557 1249 1652 1279 nobis

280 1289 467 1320 necessariis
484 1290 703 1329 assignentur,
722 1294 821 1329 prout
837 1290 868 1320 in
896 1290 1015 1320 Literis
1031 1290 1229 1330 Apostolicis
1253 1290 1330 1321 inde
1347 1292 1505 1322 confectis
1522 1292 1650 1332 plenius

277 1333 486 1369 continetur3
507 1343 648 1373 quarum
667 1336 816 1364 tenorem
840 1337 879 1363 ut
896 1333 1014 1363 melius
1033 1334 1209 1364 informem
1229 1334 1442 1364 presentibus
1459 1335 1558 1365 inseri
1574 1335 1649 1365 feci-

279 1377 392 1406 musin
408 1376 468 1406 1100
482 1377 592 1406 verba:
609 1376 787 1415 Gregorius
798 1376 986 1415 Episcopus,
996 1380 1068 1413 etc„
1078 1377 1286 1415 Pati-iarchis,
1297 1377 1565 1418 ArchiepiscopiS,
1579 1379 1651 1418 Epi-

277 1419 392 1459 scopis,
410 1423 444 1449 et
462 1419 594 1457 Electis,
614 1420 811 1458 Abbatibus,
825 1420 1001 1451 Prioribus.
1020 1420 1169 1456 Decanis,
1186 1420 1373 1460 prepositis,
1394 1421 1650 1460 Archidiaconis,

278 1463 747 1502 Archipresbiteris,Plebanis,
759 1463 1001 1501 Rectoribus,et
1016 1463 1086 1492 aliis
1098 1463 1316 1493 Ecclesiarum
1331 1466 1365 1494 et
1374 1464 1651 1495 Mouasteriorum

281 1506 427 1544 prelatis,
445 1505 660 1546 ipsorumque
678 1506 761 1536 vices
778 1506 969 1545 gerentibus
986 1516 992 1544 ;
1017 1506 1190 1545 Capitulis,
1208 1517 1351 1546 quoque,
1368 1512 1402 1537 et
1419 1507 1649 1538 Convent-ibus

279 1549 498 1580 Ecclesiarum
516 1552 550 1579 et
569 1549 842 1579 Monasterioruin
861 1549 1018 1589 ipsorum,
1036 1550 1220 1590 ceterisque
1239 1551 1389 1580 Personis
1404 1551 1650 1590 Ecclesiasticis,

279 1592 490 1622 Secularibus
520 1596 554 1622 et
588 1592 815 1632 Regularibus,
848 1592 1012 1632 exemptis
1043 1596 1077 1623 et
1107 1603 1173 1623 non
1204 1593 1377 1633 exemptis,
1411 1594 1649 1633 Cisterciensis,

279 1635 514 1674 Cluniacensis,
541 1636 865 1674 premonstratensis,
900 1635 1172 1674 Camaldulensis,
1197 1636 1395 1667 Sanctorum
1422 1637 1592 1668 Benedicti
1616 1642 1651 1668 et

279 1679 459 1718 Augustini
477 1679 651 1715 Ordinum,
677 1682 711 1709 et
734 1679 918 1716 Domorum
952 1679 1177 1718 Hospitalium
1203 1679 1316 1710 Sancti
1339 1680 1503 1711 Johannis
1527 1681 1650 1711 Ieroso-

278 1722 420 1752 limitaui
437 1725 471 1752 et
488 1723 608 1752 Sancte
625 1722 728 1752 Marie
741 1722 992 1757 Theonieorum,
1013 1722 1309 1761 Calatranensium,
1328 1726 1362 1754 et
1385 1722 1649 1755 Humiliatorum

278 1763 455 1805 Magistris‚
474 1765 651 1804 Prioribus,
671 1765 932 1805 preceptoribus,
950 1766 990 1795 ad
1016 1776 1099 1805 quos
1115 1772 1284 1805 presentes
1302 1767 1411 1797 Litere
1427 1768 1649 1807 pervenerint,

276 1809 429 1846 salutem,
447 1809 639 1839 etc—Cum
665 1808 904 1845 Venerabilem,
929 1812 1002 1847 etc„
1027 1809 1255 1848 Guillelmum,
1280 1810 1481 1850 Episcopum
1507 1811 1649 1851 Carpen-

276 1855 490 1890 toracensem,
508 1852 697 1892 Apostolice
722 1852 815 1883 Sedis
839 1852 1020 1890 Nuncium,
1037 1853 1077 1882 ad
1105 1852 1242 1883 Francie
1266 1856 1300 1883 et
1323 1853 1441 1893 Anglie
1466 1854 1577 1894 Regna
1592 1865 1650 1894 pro

275 1895 475 1934 quibusdam
487 1895 598 1925 arduis
611 1895 763 1934 negociis,
779 1906 836 1934 per
846 1905 905 1925 nos
918 1896 946 1925 ei
964 1895 1147 1926 commissis
1161 1896 1413 1935 presencialiter,
1431 1897 1647 1935 destinemus,

277 1938 538 1969 Universitatem
557 1942 698 1969 vestram
716 1941 846 1969 attente
862 1948 1016 1978 rogamus
1032 1942 1066 1969 et
1082 1938 1264 1976 hortamur,
1283 1940 1374 1970 vobis
1389 1950 1445 1979 per
1461 1941 1651 1980 Apostolica

275 1981 406 2021 Scripta.
429 1982 635 2020 mandantes,
653 1982 813 2021 quatinus
836 1982 979 2012 eundem
1006 1982 1185 2020 Nuncium,
1203 1993 1279 2012 cum
1303 1993 1361 2022 per
1386 1983 1500 2014 Partes
1524 1988 1649 2015 vestras

275 2024 455 2055 transitum
479 2025 604 2062 feeerit,
629 2026 671 2055 ob
695 2025 914 2055 reverenciam
940 2025 1035 2056 Sedis
1059 2025 1248 2065 Apostolice
1272 2029 1305 2057 et
1330 2029 1487 2064 nostram,
1507 2027 1646 2067 benigne

274 2068 470 2108 recipientes
485 2071 520 2098 et
543 2068 720 2098 honorifice
744 2071 996 2108 pertractantes,
1021 2068 1092 2107 sibi,
1118 2068 1313 2109 hujusmodi
1338 2070 1548 2109 negociorum
1575 2081 1645 2110 pro-

274 2111 446 2141 secucione
462 2112 616 2147 durante,
634 2111 751 2141 diebus
774 2112 923 2151 singulis,
941 2111 973 2141 in
999 2112 1175 2142 duodecim
1198 2112 1330 2142 florenis
1354 2113 1425 2143 auri
1442 2114 1482 2143 de
1500 2114 1647 2152 Camera,

276 2164 335 2194 pro
346 2154 497 2194 expensis
510 2154 578 2185 suis
592 2155 789 2193 necessariis,
804 2159 838 2185 et
854 2155 895 2184 de
911 2165 1025 2185 securo
1042 2155 1219 2192 conductu,
1231 2165 1357 2186 necnon
1369 2156 1410 2185 de
1423 2157 1650 2187 eveccionibns

274 2197 456 2237 oportunis,
474 2197 502 2228 si
518 2208 577 2228 sue
594 2198 702 2228 forsan
728 2198 758 2228 in
785 2198 836 2228 via
853 2197 1054 2228 decesserint
1070 2201 1130 2228 aut
1145 2198 1336 2236 defecerint,
1357 2199 1408 2229 vel
1425 2199 1504 2229 alias
1522 2200 1648 2231 fuerint

274 2241 443 2280 impedite,
469 2251 544 2271 cum
569 2251 667 2281 super
690 2241 857 2281 premissis
890 2252 946 2281 per
978 2251 1052 2271 eum
1088 2241 1139 2271 vel
1163 2241 1236 2281 ejus
1260 2242 1421 2272 nuncium
1446 2242 1577 2273 fueritis
1600 2254 1648 2273 re-

274 2284 547 2323 quisiti‚—vobis‚
566 2288 687 2322 tamen,
705 2295 806 2324 quam
823 2284 970 2324 primum
984 2284 1053 2314 fieri
1071 2284 1242 2314 commode
1259 2285 1390 2324 poterit,
1408 2285 1646 2325 eveccionibus,

273 2327 490 2357 restituendis
513 2328 665 2366 eisdem‚-
679 2328 813 2366 -eundo,
830 2328 1000 2366 morando,
1018 2330 1052 2357 et
1074 2327 1253 2365 redeundo,
1271 2327 1453 2359 liberaliter
1476 2329 1647 2368 providere

274 2370 405 2400 curetis.
456 2371 501 2401 Et
516 2370 543 2400 si
560 2371 703 2401 eundem
724 2371 922 2410 Episcopum
940 2370 973 2400 in
992 2370 1158 2410 aliquibus
1174 2371 1271 2400 terris
1286 2371 1354 2401 sive
1370 2371 1449 2402 locis
1465 2373 1592 2411 vestris,
1607 2384 1646 2403 ex

273 2413 385 2453 aliqua
407 2413 499 2454 justa
523 2425 629 2452 causa,
655 2424 779 2444 moram
805 2414 891 2444 forte
915 2413 1046 2443 trahere
1077 2413 1263 2451 contigerit,
1288 2414 1443 2445 volumus
1467 2416 1556 2454 quod
1581 2426 1646 2446 non

273 2456 382 2486 solum
402 2467 458 2487 vos
476 2457 599 2487 Prelati
615 2460 648 2487 et
670 2458 811 2487 Persone
836 2456 1063 2487 Ecclesiastice
1086 2459 1251 2486 terrarum
1276 2461 1310 2487 et
1333 2457 1478 2488 locorum
1498 2458 1645 2498 ipsorum

273 2503 324 2530 set
342 2500 444 2530 eciam
462 2511 518 2530 vos
535 2500 789 2540 Archiepiscopi,
808 2499 971 2540 Episcopi,
991 2499 1068 2538 (eta,
1084 2504 1121 2529 ‘ut
1143 2500 1268 2539 supra),
1297 2503 1331 2530 et
1354 2500 1409 2530 alii
1429 2501 1648 2533 Ecclesiarum

273 2546 307 2572 et
321 2543 596 2574 Monasteriorum
606 2543 737 2581 Prelati,
752 2554 808 2573 seu
824 2543 924 2573 vestri
938 2543 1022 2572 vices
1036 2547 1196 2580 gerentes,
1211 2553 1246 2573 ac
1259 2543 1400 2574 Persone
1411 2544 1648 2584 Ecclesiastice,

121 2577 172 2628 {Oh
275 2586 436 2626 Religiose
449 2590 482 2616 et
495 2587 674 2624 Seculares,
688 2597 725 2617 ac
741 2586 960 2617 Ecclesiarum
979 2589 1014 2615 et
1031 2586 1306 2616 Monasteriorum
1325 2586 1473 2626 ipsorum
1491 2588 1647 2628 Capitula

123 2613 162 2637 “5'
274 2632 308 2658 et
333 2630 535 2665 Conventus,
561 2629 707 2669 exempti
731 2634 765 2659 et
789 2639 854 2659 non
879 2628 1034 2668 exempti,
1054 2628 1290 2667 Cisterciensis,
1316 2629 1542 2661 Cluniacensis
1567 2632 1646 2671 (ete,

273 2672 446 2711 utsupra),
464 2673 647 2702 vicinarum
665 2676 700 2703 et
716 2673 854 2702 aliarum
873 2672 1055 2702 Civitatum
1074 2674 1109 2701 et
1123 2671 1310 2702 Dioeesium
1328 2672 1648 2714 circumpositarum,

272 2714 359 2744 sicut
375 2715 463 2745 idem
489 2716 672 2755 Episcopus
695 2726 754 2755 pro
778 2715 975 2754 hujusmodi
998 2714 1185 2744 dividendis
1209 2718 1243 2745 et
1266 2715 1395 2746 facilius
1412 2717 1648 2756 subportandis

164 2785 173 2804 ¹
191 2787 402 2827 Carpentras,
416 2788 449 2819 in
467 2789 601 2828 France,
620 2800 661 2819 an
678 2790 809 2820 antient
822 2790 882 2820 See
898 2799 972 2819 now
990 2788 1147 2818 included
1163 2789 1195 2819 in
1214 2789 1270 2819 the
1284 2789 1420 2820 Diocese
1434 2791 1468 2821 of
1483 2791 1646 2832 Avignon.
