1987 3062
315 238 408 283 552

311 351 388 379 A.D.

312 387 385 412 1384.

313 419 373 446 Vol.
389 419 410 446 1.

320 2073 371 2100 fol.

322 2109 380 2134 132.

514 251 615 284 THE:
650 250 890 286 REGISTER
921 252 980 286 OF
1012 252 1188 287 BISHOP
1223 254 1623 290 BRANTYNGHAM.

468 357 513 387 ali
530 360 649 388 nostro
667 358 863 398 Principali,
882 369 943 390 seu
958 358 1069 390 nostri
1087 359 1292 391 Consistorii
1309 360 1515 392 Exoniensis
1531 361 1745 400 Presidente,
1770 371 1849 392 cum

468 403 641 441 potestate
659 402 853 442 corrigendi
870 405 905 433 et
921 403 1087 442 puniendi
1104 414 1400 445 quorumcumque
1416 405 1634 436 subditorum
1650 407 1849 436 nostrorum

468 445 614 476 crimina
631 448 666 476 et
683 456 843 477 excessus
861 447 1105 478 commissario
1122 448 1278 488 legitime
1303 449 1479 489 deputato,
1497 450 1602 481 certis
1625 450 1699 480 1000
1722 452 1758 480 01
1781 451 1849 480 ter-

468 490 563 519 mino
581 491 869 529 competentibus,
887 491 1019 521 eisdem
1032 502 1094 531 per
1110 503 1180 530 vos,
1195 495 1256 523 aut
1266 503 1375 523 unum
1388 496 1555 532 vestrum,
1568 493 1733 533 primitus
1743 493 1850 533 assig-

469 533 583 570 natis;
609 543 713 573 super
729 534 935 574 quibusdam
960 535 1118 566 articulis
1142 537 1370 568 violacionem
1397 537 1574 577 Sequestri
1597 538 1708 569 nostri
1731 537 1850 578 hujus-

469 578 563 608 modi
580 579 880 617 concernentibus,
899 579 1029 609 eisdem
1047 582 1131 611 tunc
1147 591 1188 611 ex
1206 581 1325 612 Officio
1342 584 1471 620 nostro,
1489 582 1532 612 ad
1549 582 1703 613 debitam
1720 582 1850 612 anima-

468 632 546 651 rum
565 631 705 652 suarum
724 623 987 661 correccionem,
1006 624 1206 663 obiciendis,
1225 626 1363 656 divisim
1376 626 1585 666 responsuri,
1600 628 1635 657 et
1649 626 1690 657 de
1702 625 1851 657 veritate

469 666 625 703 dicenda,
644 666 672 696 si
689 668 858 705 oporteat,
876 668 1108 706 personaliter
1122 668 1284 709 juraturi,
1301 669 1497 710 factm-ique
1522 670 1669 702 ulterius
1685 672 1720 701 et
1737 680 1851 710 recep-

469 710 540 740 turi
558 710 649 749 quod
665 710 807 750 justicia
824 712 994 742 suadebit.
1056 712 1101 742 Et
1126 713 1209 753 quid
1232 713 1388 745 feceritis
1411 715 1448 744 in
1471 714 1660 754 premissis,
1678 716 1754 753 eto„
1774 724 1852 745 cum

468 764 531 793 pro
548 756 648 793 parte
665 757 786 785 nostra
801 754 941 787 fueritis
957 766 1109 795 congrue
1134 758 1303 797 requisiti,
1328 758 1530 789 certificetis
1545 769 1608 798 per
1622 760 1768 797 vestras,
1786 760 1852 789 010.

471 798 629 828 ——Dated
645 800 682 828 at
700 798 784 830 East
802 799 962 840 Horsley,
979 801 999 829 2
1013 800 1162 840 August.

424 863 581 908 Exeter‚
604 863 660 901 St.
683 864 826 902 «lohn's
857 865 1062 915 Hospita13
1101 867 1236 904 Lv'tera
1264 867 1382 905 missa
1405 868 1570 905 Domino
1584 882 1660 916 pro
1679 868 1852 906 nomina-

475 919 577 954 cfone
594 918 744 955 Prior-is
764 932 826 955 seu
843 919 1028 967 Mayz'stri
1044 920 1262 968 Hospitalis
1281 921 1416 959 Sancti
1433 922 1625 959 Jolzanm‘s
1638 923 1852 968 Emonia—

426 972 639 1010 Beverendo,
671 975 747 1011 etc,
780 973 920 1011 Thome,
953 976 1029 1011 etc„
1061 975 1254 1006 Willelmus
1288 977 1476 1017 Trevellys,
1502 977 1628 1008 Custos
1660 977 1853 1017 Hospitalis

472 1016 591 1047 Sancti
608 1017 628 1047 J
631 1017 779 1047 ohannis
795 1018 830 1047 in
849 1018 990 1057 Exonia,
1008 1021 1043 1049 et
1060 1019 1217 1059 ejusdem
1243 1020 1437 1060 Hospitalis
1462 1020 1676 1059 Confratres,
1694 1021 1852 1052 obedien-

469 1061 569 1098 ciam,
587 1061 1001 1093 etc.—Reverendissime
1017 1063 1054 1092 in
1072 1063 1211 1095 Christo
1227 1065 1477 1103 Pater‚—Quia
1493 1065 1592 1095 Prior
1608 1076 1669 1097 5011
1685 1065 1854 1105 Magister

470 1105 554 1135 dicti
580 1105 781 1144 Hospitalis,
806 1108 1003 1136 vestrorum
1027 1107 1239 1139 Patronatus
1261 1111 1296 1139 et
1320 1109 1484 1147 Diocesis,
1509 1107 1620 1150 xxvth
1644 1110 1699 1140 die
1723 1109 1853 1140 mensis

469 1149 553 1180 Julii
570 1149 661 1179 diem
679 1159 781 1179 suum
798 1150 923 1180 01311511
944 1153 1149 1190 extremum,
1175 1154 1210 1183 et
1234 1153 1270 1182 in
1296 1152 1437 1183 Statuto
1460 1153 1545 1184 dicti
1570 1154 1763 1193 Hospitalis
1786 1163 1853 1193 quo

469 1195 613 1223 cavetur
636 1193 677 1223 de
701 1194 885 1224 vacacione
909 1197 945 1225 et
969 1195 1141 1226 eleccione
1166 1197 1325 1236 Magistri
1350 1207 1412 1228 seu
1435 1197 1564 1229 Prioris
1587 1198 1737 1228 habetur
1752 1197 1854 1238 quod,

470 1238 614 1268 cedente
631 1238 684 1268 vel
702 1238 890 1269 decedente
915 1242 975 1269 aut
999 1239 1085 1270 alias
1109 1240 1282 1271 Canonice
1306 1244 1423 1271 amoto
1447 1242 1616 1281 Magistro
1640 1251 1702 1273 seu
1725 1242 1854 1280 Priore,

470 1282 581 1320 petita
598 1282 758 1312 Licencia
773 1282 816 1312 ab
834 1283 1014 1323 Episcopo,
1032 1284 1184 1315 Patrono
1209 1295 1280 1323 suo,
1298 1295 1360 1324 per
1384 1285 1572 1316 Custodem
1597 1287 1728 1317 Domus
1751 1296 1854 1326 quem

472 1325 662 1365 Episcopus
678 1327 843 1365 posuerit,
861 1330 900 1357 ut
917 1328 991 1358 fieri
1009 1329 1198 1367 consuevit,
1218 1329 1358 1360 Fratres
1382 1329 1539 1369 professi,
1556 1331 1611 1361 vel
1634 1330 1747 1371 major
1762 1340 1853 1370 pars,

471 1370 676 1409 simpliciter
707 1373 742 1401 et
774 1371 816 1401 de
840 1371 953 1410 plano,
979 1372 1108 1412 absque
1133 1373 1329 1404 subtilitate
1352 1373 1440 1414 juris
1465 1384 1526 1405 5011
1550 1375 1751 1405 curiositate
1775 1374 1853 1413 alia,

472 1424 581 1444 unum
613 1414 655 1444 de
680 1415 811 1454 seipsis,
837 1426 998 1455 expresse
1022 1416 1228 1456 professum,
1253 1417 1346 1448 infra
1373 1428 1418 1448 xv
1448 1418 1522 1449 dies
1554 1418 1734 1458 Episcopo,
1758 1419 1787 1449 si
1818 1418 1855 1449 in

472 1458 608 1489 Diocesi
625 1458 790 1497 extiterit,
807 1460 862 1489 vel
879 1459 956 1499 ejus
972 1460 1110 1491 Vicario
1136 1461 1307 1499 Generali,
1332 1464 1402 1500 3111,
1429 1462 1516 1493 Sede
1540 1465 1696 1501 vacante,
1714 1463 1853 1493 Decano

470 1504 505 1533 et
523 1502 693 1541 Capitulo‚
711 1513 772 1533 seu
788 1503 846 1533 alii
863 1504 917 1534 vel
934 1504 1020 1542 aliis,
1038 1505 1081 1535 ad
1098 1515 1200 1545 quem
1218 1515 1278 1536 5011
1295 1506 1338 1536 3(1
1349 1516 1433 1546 quos
1447 1506 1488 1537 de
1501 1507 1522 1537 J
1524 1517 1584 1537 ure
1597 1507 1652 1537 vel
1663 1507 1853 1538 Consuetu-

472 1547 551 1576 dine
575 1546 772 1578 vacacionis
795 1549 951 1587 tempore
982 1549 1190 1580 Jurisdiccio
1214 1550 1430 1590 Episcopalis
1452 1551 1628 1590 pertinere
1653 1551 1854 1589 dinoscitur,

475 1591 656 1621 studerent
673 1591 853 1622 nominare
868 1606 875 1630 3
900 1595 945 1630 et,
963 1593 1044 1632 quia
1060 1603 1123 1633 ego
1140 1603 1217 1624 sum
1234 1604 1296 1633 per
1311 1604 1372 1625 vos
1391 1594 1515 1625 Custos
1538 1594 1667 1634 prefati
1692 1595 1854 1635 Hospita-

474 1635 517 1665 lis
548 1635 748 1673 ordinatus3
788 1635 869 1666 hinc
900 1638 954 1667 est
985 1637 1075 1676 quod
1106 1640 1221 1669 vestre
1249 1638 1459 1669 Paternitati
1490 1639 1671 1670 humiliter
1701 1639 1856 1679 supplico

474 1679 638 1718 quatinus
650 1679 840 1719 dignemini
855 1681 1043 1712 concedere
1056 1681 1299 1713 Confratribus
1315 1682 1443 1722 prefati
1456 1683 1648 1722 Hospitalis
1660 1683 1855 1714 Licenciam

475 1723 625 1762 eligendi
643 1723 708 1753 sibi
729 1724 937 1763 Magistrum
963 1735 1023 1756 seu
1045 1725 1210 1757 Priorem.
1258 1727 1300 1756 In
1317 1737 1462 1767 quorum
1480 1727 1635 1758 omnium
1653 1729 1688 1758 et
1705 1727 1855 1767 singulo-

474 1777 552 1797 rum
583 1767 824 1797 testimonium
855 1768 1007 1808 sigillum
1033 1779 1215 1801 commune
1246 1770 1375 1810 prefati
1407 1771 1600 1811 Hospitalis
1631 1772 1857 1802 Presentibus

476 1811 558 1841 duxi
575 1812 991 1850 apponendum.—-Dated
1008 1816 1044 1844 at
1062 1814 1199 1853 Exeter,
1218 1816 1237 1844 3
1250 1815 1339 1854 Aug.

496 1855 696 1885 —Lz'cencia
719 1856 763 1885 ad
790 1857 1031 1887 nomina'ndwn
1058 1858 1259 1896 Mayistmmn
1284 1859 1351 1889 sive
1368 1859 1516 1890 Priorem
1532 1859 1722 1898 Hospitalis
1739 1859 1856 1890 Sancti

586 1899 754 1929 Johanm's
770 1901 951 1938 Bromie,—

434 1943 594 1981 Thomas,
627 1946 703 1981 etc.,
730 1944 911 1975 Fratribus
944 1945 1138 1984 Hospitalis
1171 1945 1289 1977 Sancti
1320 1946 1490 1977 Johannis
1522 1947 1682 1987 Baptiste
1714 1946 1855 1985 Exonie,

475 1990 673 2018 nostrorum
706 1988 917 2019 Patronatus
948 1991 983 2019 et
1016 1989 1187 2028 Civitatis,
1216 1991 1375 2029 salutem,
1407 1991 1574 2021 etos—Ad
1604 1991 1856 2022 nominandum

476 2042 584 2061 unum
595 2031 769 2071 ydoneum
781 2032 823 2063 de
836 2033 943 2071 vobis,
957 2043 1116 2072 expresse
1129 2034 1336 2073 professum,
1348 2035 1383 2065 in
1398 2035 1553 2065 Priorem
1565 2035 1636 2066 sive
1647 2035 1855 2075 Magistrum

477 2075 562 2105 dicti
587 2075 791 2115 Hospitalis,
823 2087 885 2116 per
915 2079 1063 2107 mortem
1098 2078 1231 2108 Fratris
1261 2079 1431 2110 ¹Iohannis
1464 2079 1641 2117 Bolehille,
1672 2079 1789 2110 ultimi
1820 2081 1856 2110 et

477 2119 659 2150 inmediati
677 2120 805 2151 Prioris
829 2131 891 2151 seu
913 2121 1072 2161 Magistri
1089 2122 1246 2162 ejusdem
1264 2123 1467 2163 Hospitalis,
1484 2123 1555 2163 jam
1573 2124 1741 2161 vacantis,
1757 2123 1858 2164 juxta

480 2163 621 2194 Statuta
638 2166 673 2194 et
691 2164 968 2196 Consuetudines
985 2166 1069 2196 dicti
1094 2166 1287 2206 Hospitalis
1311 2167 1430 2205 vestri,
1447 2167 1545 2198 vobis
1568 2169 1689 2198 tenore
1713 2168 1856 2198 Presen-

477 2208 569 2239 cium
593 2208 790 2239 Licenciam
814 2210 1035 2241 concedimus
1059 2211 1255 2250 specialem.
1302 2211 1345 2241 In
1369 2212 1469 2252 cujus
1492 2212 1553 2250 rei,
1578 2211 1804 2243 etc.—Dated
1819 2213 1857 2242 at

477 2251 562 2282 East
580 2252 739 2292 Horsley‚
756 2251 777 2285 7
793 2253 941 2293 August.

498 2296 657 2326 —Litera
673 2297 718 2325 ad
734 2297 981 2327 admittendum
997 2298 1146 2328 Priorem
1162 2298 1286 2329 ibidem
1302 2299 1548 2338 eliqendwm,—

433 2340 476 2370 In
494 2340 633 2371 Christo
649 2341 697 2371 fili
714 2341 1037 2380 ca-rissime,—Cum
1056 2342 1238 2382 Hospitale
1257 2343 1375 2374 Sancti
1398 2344 1419 2374 J
1422 2344 1569 2375 ohannis
1594 2343 1752 2383 Baptiste
1770 2343 1856 2374 Exo-

476 2384 543 2421 nie,
561 2386 759 2415 nostrorum
777 2386 988 2417 Patronatus
1012 2388 1047 2416 et
1074 2386 1245 2425 Civitatis,
1270 2398 1332 2427 per
1355 2390 1505 2418 mortem
1531 2388 1664 2418 Fratris
1686 2387 1856 2418 Johannjs

477 2428 665 2468 Bolehylle,
682 2429 797 2459 ultimi
815 2432 849 2460 et
866 2430 1047 2460 inmediati
1064 2431 1193 2462 Prioris
1217 2432 1289 2462 sive
1314 2432 1474 2471 Magistri
1497 2432 1664 2472 ejusdem,
1688 2434 1790 2462 vacet
1813 2431 1857 2462 ad

476 2482 627 2511 presens,
646 2483 686 2503 ac
702 2483 764 2503 nos
782 2474 978 2504 Licenciam
996 2475 1177 2505 Fratribus
1200 2475 1357 2515 ejusdcm
1382 2476 1584 2515 Hospitalis,
1602 2486 1623 2506 a
1638 2476 1747 2514 nobis,
1772 2475 1857 2507 dicti

478 2516 670 2556 Hospitalis
687 2517 848 2556 Patrono,
873 2520 912 2548 ut
936 2519 1109 2557 convenit,
1125 2519 1283 2558 petitam,
1302 2520 1345 2549 ad
1368 2520 1619 2550 nominandum
1643 2530 1751 2550 unum
1775 2520 1857 2560 ydo-

478 2570 582 2590 neum
601 2560 642 2591 de
658 2561 752 2600 ipsis,
770 2572 931 2601 expresse
944 2562 1151 2602 professum,
1163 2563 1263 2603 juxta
1281 2563 1422 2594 Statuta
1434 2566 1469 2594 et
1483 2564 1760 2595 Consuetudines
1773 2563 1858 2594 dicti

478 2604 680 2643 Hospitalis,
713 2607 986 2637 concesserimus
1017 2607 1218 2646 specialem3
1258 2608 1417 2638 volumus
1441 2608 1531 2647 quod
1554 2608 1773 2638 nominatum
1797 2617 1860 2647 per

478 2648 628 2686 eosdem,
646 2649 673 2678 si
691 2649 847 2689 ydoneus
864 2652 1023 2689 repertus
1038 2650 1157 2689 fuerit,
1181 2651 1266 2682 visis
1295 2652 1459 2691 primitus
1484 2651 1635 2682 Statutis
1659 2652 1858 2690 eorundem,

478 2691 514 2721 in
532 2692 687 2722 Priorem
705 2693 777 2724 sive
795 2694 1003 2733 Magistrum
1020 2694 1176 2735 ejusdem
1198 2696 1401 2735 Hospitalis,
1424 2696 1543 2736 vigore
1559 2698 1594 2726 et
1610 2696 1742 2727 virtute
1760 2695 1858 2726 Com-

479 2735 655 2766 missionis
679 2739 798 2768 nostre
815 2739 988 2777 generalis
1004 2739 1090 2769 alias
1112 2739 1211 2770 vobis
1234 2739 1338 2778 facte,
1362 2739 1463 2780 juxta
1485 2739 1627 2770 modum
1651 2742 1687 2770 et
1709 2739 1860 2770 formam

478 2779 710 2811 Admissionis
726 2783 762 2811 et
786 2781 1019 2814 Prefeccionis
1045 2783 1177 2814 Fratris
1200 2783 1370 2814 Johannis
1393 2784 1561 2815 Bolehille
1583 2784 1777 2822 memorati,
1801 2783 1859 2814 ad-

478 2823 629 2854 mittatis
660 2827 694 2854 et
719 2826 908 2864 preficiatis
934 2826 1107 2858 Canonice
1130 2827 1165 2857 in
1190 2827 1321 2859 eodem.
1368 2827 1490 2859 Valete
1514 2828 1549 2858 in
1575 2828 1723 2859 Domino
1753 2827 1861 2858 Jhesu
