1987 3062
281 249 375 292 314

278 365 311 390 Α.
318 364 353 390 D.

276 398 350 424 1373.

276 431 341 458 Vol.
358 431 380 458 1.

484 261 585 293 THE
621 261 861 295 REGISTER
896 261 957 293 OF
993 260 1168 293 BISHOP
1204 259 1601 293 BRANTYNGHAM.

434 366 644 404 Moniciones,
664 369 699 397 et
716 366 858 396 Decreta
873 365 968 396 firma
984 367 1202 405 permaneant
1217 367 1253 396 et
1268 364 1302 395 in
1318 365 1476 396 futurum
1498 365 1733 396 inviolabiliter
1749 364 1803 395 ob-

434 413 619 448 serventur,
636 420 810 440 monemus
833 419 899 446 vos,
925 408 1107 439 Dominum
1131 408 1298 439 Abbatem
1314 411 1350 439 et
1366 409 1589 447 Conventum,
1608 408 1804 448 singulares-

434 464 499 493 que
516 454 674 484 Personas
690 453 842 493 ejusdem
867 452 1067 489 Monasterii,
1093 451 1208 491 primo,
1234 452 1388 490 secundo,
1411 462 1448 483 ac
1472 452 1573 483 tercio
1596 462 1633 482 ac
1656 461 1806 491 peremp-

429 497 523 535 torie,
540 500 576 528 et
591 497 653 527 sub
670 507 755 536 pena
771 495 946 527 Sentencie
970 495 1201 535 Suspensionis
1216 495 1258 525 ab
1274 495 1424 535 ingressu
1450 495 1749 535 Ecclesie,—quam
1772 494 1807 524 in

429 551 584 581 personas
598 544 726 570 vestras
741 539 933 579 singulares,
953 538 980 568 si
997 538 1238 569 Monicionibus
1261 539 1393 577 nostris,
1411 539 1508 579 culpa
1523 542 1558 569 et
1575 548 1666 569 mora
1688 537 1808 568 vestris

429 583 694 624 precedentibus,
711 593 777 613 non
794 582 971 622 parueritis
987 592 1063 612 cum
1087 581 1220 619 effectu,
1238 592 1378 616 exnunc,
1398 586 1499 622 prout
1515 584 1652 619 extunc,
1668 581 1807 611 ferimus

430 627 464 658 in
480 627 543 657 hiis
560 626 923 666 Scriptis,-—quatinus,
940 625 1027 655 infra
1043 625 1170 665 1111111]οΓ
1181 625 1328 665 spacium
1345 625 1487 662 dierum,
1506 635 1525 655 a
1541 625 1594 655 die
1610 624 1809 664 recepcionis

431 671 643 701 Presencium
666 670 824 700 continue
847 668 1332 708 numerandorum,—quorum
1356 668 1486 699 dierum
1510 671 1585 699 octo
1607 678 1667 708 pro
1691 667 1808 707 primo,

430 717 505 745 octo
523 724 580 753 pro
603 713 757 749 secundo,
775 716 810 743 et
826 712 971 752 reliquos
994 715 1068 742 octo
1092 722 1152 751 pro
1175 712 1278 742 tercio
1301 716 1333 743 et
1359 711 1582 752 peremptorio
1605 711 1749 742 termino
1773 720 1810 741 ac

430 757 616 788 Monicione
641 756 814 794 Canonica,
830 755 933 794 vobis,
950 759 985 786 et
1001 755 1139 786 cuilibet
1163 758 1323 793 vestrum,
1339 755 1382 785 ad
1398 755 1433 785 id
1448 755 1641 795 prefigimus
1656 757 1692 785 et
1707 753 1809 793 assig-

430 800 718 838 namus,—-‹·mnia
740 802 776 830 et
798 799 929 838 singula
951 798 1184 838 suprascripta,
1209 801 1376 839 quatenus
1399 809 1465 836 vos,
1490 798 1658 828 Abbatem
1675 800 1709 828 et
1727 798 1809 828 Con-

430 848 581 880 ventum,
598 846 634 874 et
649 843 796 883 singulos
819 846 980 880 vestrum,
1005 842 1228 872 communiter
1251 852 1308 872 seu
1333 842 1475 880 divisim,
1493 843 1708 879 concernunt,
1733 840 1808 870 dili-

430 891 549 928 genter
565 890 600 917 et
616 887 741 926 absque
757 886 882 916 offensa
897 896 955 915 seu
973 885 1246 922 contradiccione,
1271 885 1370 925 juxta
1394 885 1537 915 formam
1554 887 1590 916 et
1606 884 1810 924 exigenciam

430 931 677 972 premissorum,
702 930 736 960 111
760 929 915 959 omnibus
939 928 1132 966 observetis,
1158 932 1193 959 et
1216 939 1283 958 11011
1307 928 1565 959 contraveniatis
1582 927 1809 968 quovismffllO,

432 978 534 1015 prout
550 974 682 1004 easdem
699 983 800 1012 penas
815 972 1002 1003 antedictas
1018 972 1151 1002 caucius
1168 971 1339 1002 volueritis
1356 972 1490 1002 evitare.
1540 972 1583 1002 Et
1599 971 1680 1011 quid
1693 971 1726 1001 in
1740 980 1810 1010 pre-

431 1018 539 1049 missis
555 1016 714 1053 feceritis,
733 1019 767 1046 et
783 1016 927 1055 qualiter
940 1015 1086 1055 parendo
1102 1015 1135 1045 in
1152 1025 1190 1045 ea
1204 1018 1299 1054 parte
1312 1015 1525 1045 decreveritis
1541 1014 1740 1052 faciendum,
1753 1024 1812 1044 nos

431 1062 515 1092 citra
547 1061 685 1090 Festum
710 1059 955 1090 Purificacionis
982 1059 1081 1088 Beate
1105 1058 1207 1088 Mai-ie
1230 1058 1382 1098 proximo
1413 1058 1581 1096 futurum,
1608 1057 1812 1097 ubicumque

432 1109 514 1136 tunc
530 1104 695 1134 fuerimus
711 1103 744 1133 in
762 1102 885 1133 nostris
910 1102 1056 1133 Civitate
1080 1101 1131 1131 vel
1155 1101 1285 1131 Diocesi
1311 1101 1445 1139 Exonie,
1472 1101 1631 1131 distincte
1647 1106 1681 1131 et
1696 1103 1812 1141 aperte

430 1147 620 1179 certificetis
636 1156 695 1186 per
711 1146 840 1176 Literas
857 1149 993 1183 vestras,
1011 1145 1229 1175 etc.—Dated
1246 1148 1282 1176 at
1301 1145 1406 1185 Clyst,
1427 1145 1467 1175 30
1484 1144 1690 1184 September.

388 1200 654 1242 —Injuncciones
664 1200 753 1240 facte
770 1199 883 1230 Abbati
900 1204 928 1229 et
946 1198 1122 1230 Convencui
1144 1198 1400 1237 Tavystochie,-

388 1246 541 1281 Thomas,
566 1243 717 1282 etc.‚—N
723 1253 804 1283 uper
826 1243 859 1273 in
886 1241 1090 1272 Monasterio
1114 1244 1226 1272 vestro
1250 1241 1487 1272 Visitacionem
1518 1244 1669 1272 nostram
1699 1243 1810 1272 actua-

431 1289 509 1320 liter
533 1291 734 1325 exercentes,
768 1285 1034 1323 Ordinacionmn,
1069 1285 1279 1323 Monieiones,
1312 1285 1532 1323 Sentenciam,
1565 1288 1600 1315 et
1632 1285 1814 1315 Decretum

433 1331 621 1371 subscripta
651 1331 792 1361 fecimus
823 1333 858 1360 et
885 1329 1088 1369 protulimus
1110 1339 1118 1365 ;
1155 1338 1220 1368 qne
1244 1328 1337 1359 vobis
1364 1328 1539 1368 dirigimus
1564 1328 1597 1358 in
1622 1328 1682 1358 hec
1705 1327 1814 1365 verba,

432 1375 516 1406 —IN
542 1375 606 1405 DEI
633 1374 784 1410 Nouius,
814 1372 1057 1409 Atisim—Nos,
1086 1372 1238 1411 Thomas,
1264 1376 1338 1409 etc.,
1366 1372 1531 1402 Diocesim
1555 1374 1704 1402 nostram
1729 1371 1813 1401 Exo-

432 1419 591 1455 niensem,
629 1420 664 1448 et
703 1417 944 1447 Monasterium
981 1415 1202 1455 Tavystochie
1242 1415 1460 1455 personaliter
1494 1415 1670 1445 visitantes
1691 1425 1698 1452 ;
1737 1414 1815 1454 quia

433 1461 621 1493 invenimus
652 1471 711 1500 per
740 1462 922 1499 comperta,
955 1458 1098 1497 detecta,
1130 1462 1165 1489 et
1194 1459 1315 1489 collata
1351 1468 1462 1489 coram
1498 1458 1593 1489 nobis
1631 1458 1665 1488 in
1700 1458 1815 1488 eadem

435 1505 634 1536 Visitacione
651 1507 776 1540 nostra,
796 1503 886 1543 quod
902 1506 952 1540 tu,
966 1502 1145 1542 Stephane,
1160 1501 1271 1532 Abbas
1284 1501 1436 1542 ejusdem
1456 1501 1654 1540 Monasterii,
1668 1501 1818 1532 corrodia

433 1552 468 1580 et
483 1548 706 1585 liberaciones,
724 1547 864 1584 nativos,
881 1546 1043 1582 redditus,
1058 1549 1093 1576 et
1109 1556 1254 1583 nemora,
1270 1549 1306 1576 et·
1323 1545 1482 1575 nonnulla
1493 1545 1557 1575 alia
1570 1545 1655 1575 bona
1666 1544 1817 1584 ejusdem

436 1591 638 1628 Monasterii,
663 1594 775 1630 preter
799 1593 834 1620 et
857 1592 974 1620 contra
1000 1589 1209 1619 voluntatem
1234 1592 1268 1619 et
1292 1589 1525 1619 necessitatem
1550 1590 1742 1619 Conventus
1766 1587 1817 1618 tui

433 1634 585 1675 ejusdem
610 1633 812 1672 Monasterii,
829 1632 968 1663 diversis
991 1632 1148 1672 personis,
1166 1631 1207 1662 ad
1225 1632 1408 1662 terminum
1426 1632 1493 1663 vite
1510 1635 1544 1663 et
1567 1632 1817 1671 imperpetuum

433 1678 594 1716 alienasti,
612 1688 648 1707 ac
666 1677 843 1707 Pensiones
863 1686 990 1706 annuas
1006 1676 1048 1705 ad
1065 1675 1248 1706 terminum
1265 1675 1333 1706 vite
1350 1675 1502 1715 pluribus
1520 1676 1676 1715 personis,
1694 1674 1819 1714 absque

433 1732 594 1752 consensu
613 1722 806 1751 Conventus
823 1720 883 1757 tui,
901 1719 1089 1750 concessisti
1108 1730 1115 1756 ς
1131 1722 1259 1749 statum
1277 1719 1380 1749 eciam
1398 1719 1532 1756 Domus,
1547 1722 1581 1749 et
1597 1718 1762 1749 racionem
1779 1717 1820 1748 de

434 1764 677 1796 administratis
694 1764 771 1798 tuis,
793 1773 858 1793 una
874 1773 949 1793 cum
967 1762 1158 1792 nominibus
1174 1762 1364 1793 debitorum
1377 1762 1498 1802 quibus
1514 1762 1681 1801 obliga-tus
1695 1761 1818 1800 existis,

435 1812 511 1849 post
534 1811 569 1838 et
594 1811 711 1838 contra
734 1806 936 1836 Moniciones
958 1808 1089 1836 nostras
1110 1805 1142 1835 in
1161 1815 1199 1835 ea
1222 1808 1317 1845 parte
1333 1805 1395 1836 tibi
1412 1805 1527 1843 factas,
1548 1805 1642 1835 nobis
1665 1804 1820 1835 exhibere

436 1850 734 1890 contemptibiliter
750 1849 921 1887 distulisti,
939 1852 973 1879 et
990 1849 1102 1879 diffe1s
1118 1849 1153 1878 in
1169 1849 1314 1888 presenti
1331 1859 1337 1885 ;
1361 1853 1497 1888 propter
1513 1858 1577 1888 que
1594 1848 1767 1878 informari
1779 1848 1820 1878 de

434 1895 601 1934 premissis
625 1894 666 1924 ad
682 1893 819 1933 plenum
836 1892 1058 1932 nequivimus,
1075 1896 1113 1922 ut
1133 1892 1289 1922 vellemus
1305 1895 1340 1922 et
1356 1892 1561 1930 deberemus,
1579 1891 1621 1921 ad
1635 1892 1819 1922 utilitatem

437 1937 629 1968 Monasterii
658 1936 860 1976 supradicti;
894 1936 966 1972 tibi,
993 1935 1171 1974 Stephano,
1196 1945 1295 1975 quem
1323 1945 1422 1974 super
1449 1938 1483 1966 et
1515 1935 1555 1965 de
1582 1935 1821 1974 dilapidacione

436 1982 600 2012 bonorum
627 1980 778 2020 ejusdem
803 1978 996 2009 Monasterii
1019 1982 1212 2017 suspectum
1235 1978 1406 2014 habemus,
1425 1988 1490 2017 quo
1506 1978 1548 2008 ad
1571 1978 1821 2018 suspensionem

437 2023 736 2054 administracionis
748 2022 982 2061 temporalium
995 2022 1160 2061 parcimus
1177 2021 1240 2052 ista
1255 2022 1322 2051 vice
1338 2032 1345 2058 3
1368 2021 1525 2060 volentes,
1543 2025 1666 2060 tamen,
1678 2021 1822 2061 corporis

435 2068 487 2099 tui
514 2067 604 2098 senio
631 2070 666 2097 et
689 2066 866 2102 debilitati,
885 2068 1052 2105 quantum
1076 2075 1260 2104 possumus,
1282 2065 1465 2104 providere,
1492 2075 1531 2095 ex
1556 2065 1661 2095 causis
1684 2065 1819 2102 eisdem,

437 2111 509 2148 tibi,
527 2111 559 2141 in
578 2110 764 2140 subsidium
781 2108 1014 2139 sollicitudinis
1037 2108 1338 2138 administracionis
1354 2111 1412 2139 tue
1428 2108 1462 2138 in
1480 2108 1729 2148 temporalibus,
1744 2108 1820 2138 Fra-

437 2158 506 2185 tres
530 2154 719 2185 ,Iohannem
746 2153 930 2189 Manetone,
956 2151 1119 2182 Thomam
1143 2151 1313 2191 Collynge,
1337 2154 1372 2181 et
1398 2151 1574 2182 Ricardum
1600 2151 1722 2190 Bonde,
1740 2161 1822 2190 quos

436 2198 629 2238 juramento
653 2197 685 2227 in
711 2196 771 2226 hac
788 2200 882 2235 parte
898 2195 1012 2225 debito
1028 2195 1168 2234 astringi
1184 2195 1333 2231 fecimus,
1352 2194 1454 2234 Coadj
1461 2199 1572 2225 utores
1589 2195 1707 2225 damus
1723 2197 1758 2225 et
1773 2204 1820 2224 as-

437 2241 606 2281 signamus
622 2250 628 2277 3
652 2241 700 2270 ita
718 2242 756 2270 ut
774 2239 885 2269 dictus
902 2238 1072 2269 Johannes
1089 2238 1266 2268 Manetone
1289 2238 1441 2268 Officium
1459 2238 1636 2268 Senescalli
1654 2238 1772 2268 habeat
1788 2239 1823 2268 et

438 2287 587 2324 occupet,
612 2284 645 2314 in
672 2283 826 2313 omnibus
854 2282 997 2321 negociis
1029 2282 1167 2318 Domus,
1192 2281 1280 2311 infra
1302 2286 1337 2311 et
1361 2285 1456 2312 extra
1484 2281 1726 2312 Monasterium
1751 2280 1820 2310 ubi-

437 2337 595 2367 cumque;
612 2327 772 2366 prefatus,
790 2325 903 2363 eciam,
919 2325 1079 2355 ltfcardus
1093 2324 1206 2355 Bonde
1221 2325 1374 2355 Officium
1393 2325 1523 2355 Cellarii
1540 2325 1671 2363 habeat,
1689 2327 1723 2355 et
1739 2334 1822 2354 onus

438 2371 588 2411 ejusdem
600 2370 713 2400 debite
729 2369 908 2409 subportet
924 2379 932 2405 ;
949 2368 1069 2405 dictus,
1083 2368 1205 2407 itaque,
1217 2367 1361 2398 Thomas
1379 2368 1537 2407 Collynge
1550 2378 1664 2398 omnes
1674 2367 1823 2398 denarios

438 2415 478 2445 de
502 2413 640 2454 singulis
666 2413 829 2449 Ecclesiis,
848 2411 1013 2448 Maneriis,
1030 2414 1066 2441 et
1083 2411 1176 2441 Locis
1200 2411 1467 2451 quibuscumque
1483 2411 1524 2441 ad
1541 2411 1671 2441 dictum
1693 2411 1824 2441 Monas-

440 2457 565 2489 terium
579 2456 835 2497 pertinentibus,
850 2459 944 2485 extra
955 2454 1069 2485 Officia
1081 2457 1116 2484 et
1127 2454 1342 2485 Obediencias
1353 2454 1504 2494 ejusdem
1518 2454 1710 2485 Monasterii
1721 2453 1823 2493 quali-

439 2504 636 2539 tercumque
651 2499 892 2539 provenientes,
906 2500 940 2528 et
952 2498 995 2528 ad
1007 2497 1096 2528 idem
1112 2497 1353 2527 Monasterium
1370 2497 1621 2537 quomodolibet
1636 2499 1824 2537 spectantes

439 2547 474 2574 et
489 2543 628 2581 debitas,
647 2553 705 2582 per
721 2542 829 2573 tallias
845 2542 896 2571 vel
913 2541 1108 2571 indenturas
1125 2540 1260 2580 recipiat
1277 2543 1311 2570 et
1327 2541 1443 2577 solvat,
1462 2544 1563 2580 prout
1579 2550 1661 2580 opus
1676 2540 1742 2570 erit
1756 2550 1764 2578 ;
1786 2549 1823 2570 ac

439 2587 503 2626 ipsi
526 2586 740 2624 Senescallus,
760 2584 928 2622 Cellarius,
946 2588 981 2614 et
1001 2585 1169 2622 lleceptor,
1188 2593 1314 2613 necnon
1332 2583 1598 2622 Elemosinarius,
1616 2583 1770 2620 Sacrista,
1789 2585 1824 2612 et

435 2630 609 2667 Salsarius,
627 2633 661 2659 et
678 2628 800 2668 singuli
815 2627 870 2658 alii
887 2627 1040 2658 Officiarii
1057 2626 1209 2667 ejusdem
1235 2627 1435 2665 Monasterii,
1453 2630 1488 2657 et
1505 2627 1720 2658 Obediencias
1736 2625 1821 2666 opti-

440 2676 559 2703 nentes
581 2672 615 2702 in
639 2672 764 2710 eodem,
791 2671 831 2701 de
854 2670 992 2710 singulis
1016 2669 1165 2709 receptis,
1190 2669 1317 2708 solutis,
1343 2669 1460 2707 missis,
1484 2673 1519 2700 et
1549 2670 1710 2709 expensis,
1742 2678 1819 2708 qua-

441 2720 541 2747 tenus
555 2715 668 2745 Officia
680 2725 795 2745 eorum
809 2714 941 2744 divisim
957 2713 1126 2743 concernit
1138 2713 1321 2750 annuatim,
1335 2713 1422 2743 infra
1435 2723 1582 2743 mensem
1598 2715 1673 2752 post
1686 2713 1822 2743 Festum

440 2759 555 2790 Sancti
578 2758 756 2796 Michaelis,
780 2767 889 2788 coram
914 2756 1045 2787 Abbate
1067 2758 1103 2786 et
1126 2756 1302 2787 Conventa
1326 2756 1378 2786 vel
1401 2755 1602 2796 deputandis
1625 2756 1667 2786 ab
1689 2754 1821 2791 eisdem,

441 2802 546 2842 plene,
571 2801 738 2838 distincte,
763 2803 799 2832 et
821 2800 966 2831 fideliter
988 2801 1196 2839 computent,
1216 2803 1251 2829 et
1273 2809 1390 2829 eorum
1413 2799 1555 2839 quilibet
1577 2800 1760 2839 computet,
1784 2799 1824 2827 ut

444 2848 588 2876 tenetur.
637 2845 821 2882 Monemus,
845 2843 989 2883 insuper,
1008 2853 1072 2881 vos,
1090 2842 1275 2872 Dominum
1297 2841 1475 2880 Abbatem,
1492 2845 1526 2873 et
1549 2842 1695 2882 singulos
1713 2841 1820 2871 Mona-
