1987 3062
310 196 371 239 68

310 309 386 336 A.D.

310 344 401 369 1380-1

308 377 373 402 Vol.

310 410 349 436 11.

318 2595 370 2621 fol.

321 2629 362 2655 65.

515 206 614 240 THE
649 206 888 240 REGISTER
922 206 981 238 OF
1016 203 1192 238 BISHOP
1226 203 1628 238 BRANTYNGHAM.

418 311 569 342 ——Litera
586 311 805 343 testimonialis
820 321 915 350 super
933 310 1125 350 impensione
1140 311 1283 341 muneris
1300 310 1595 348 Remedia-omnis,—

407 355 591 387 ·Universis
619 358 786 395 presentes
815 355 942 384 Literas
969 354 1178 393 inspecturis,
1206 353 1358 391 Thomas,
1384 357 1456 392 etc.,
1481 354 1623 384 salutem
1647 353 1681 383 in
1704 352 1839 383 sinceris

464 398 672 438 amplexibus
689 397 1064 429 salvatoris—Noverit
1088 397 1285 426 universitas
1302 399 1410 426 vestra
1430 397 1520 436 quod
1536 397 1569 426 in
1588 396 1721 436 Capella
1743 396 1842 436 juxta

465 442 649 472 Manerium
674 444 827 471 nostrum
843 441 884 471 de
902 440 1103 477 Farendone,
1123 440 1370 480 Wyntoniensis
1394 440 1549 478 Diocesis,
1566 440 1698 478 situata,
1723 439 1764 469 de
1789 439 1840 469 Li-

464 485 574 515 cencia
590 508 597 515 .
618 508 625 516 .
640 485 795 515 Willelmi
808 484 867 524 [de
881 482 1089 522 WVykehamL
1102 483 1349 522 VVyntoniensis
1366 483 1530 522 Episcopi,
1546 482 1641 512 nobis
1653 483 1686 512 in
1700 493 1737 512 ea
1750 484 1843 522 parte

464 538 625 567 concessa,
644 528 806 567 Religioso
822 527 902 565 viro,
921 526 1027 557 Fratri
1052 526 1176 556 'rhome
1194 526 1366 566 Cullynge,
1381 526 1572 556 Monasterii
1588 526 1629 556 de
1645 525 1841 566 Tavystoke‚

464 574 538 609 eto„
556 571 659 602 electo
676 570 802 601 Abbati
825 574 858 601 et
881 570 1085 606 confirmato,
1112 569 1172 599 Die
1198 569 1371 599 Dominica
1395 570 1429 599 in
1454 569 1672 608 Sexagesima,
1690 569 1844 599 videlicet

464 614 606 654 septima
622 614 748 644 decima
764 614 817 644 die
835 613 956 643 mensis
980 612 1160 651 Februarii,
1186 613 1282 642 Anno
1306 615 1381 650 etc.,
1407 612 1536 650 lxxxm0‚
1554 612 1643 642 intra
1665 612 1843 642 Missarum

464 657 656 697 solempnia,
680 658 748 688 fuit
770 667 828 697 per
850 667 910 687 nos
934 666 1056 686 munus
1082 655 1328 686 Benediccionis
1352 656 1553 695 impensum.
1603 655 1642 685 In
1666 654 1762 695 cujus
1785 655 1842 693 rei,

465 700 677 738 etc.‚-Data
692 701 772 739 loeo,
789 700 842 730 die
857 699 989 737 mensis,
1006 703 1039 729 et
1056 699 1153 729 Anno
1176 699 1384 739 supradictis,
1404 702 1438 729 et
1454 702 1565 729 nostre
1581 698 1845 730 Consecracionis

466 744 564 774 Anno
581 743 667 783 xjm0.

421 787 575 818 ——Litera
591 785 812 826 certificatoria
830 784 969 816 Domino
985 784 1064 825 Reqi
1079 795 1173 824 super
1191 785 1383 824 impensione
1394 787 1536 816 muneris
1552 784 1846 823 Benediccionis,-

424 830 722 868 Excellentissim0‚
753 833 829 867 etc„
856 829 1009 867 Thomas,
1037 829 1352 859 etc.—Excellencie
1383 832 1492 859 vestre
1524 828 1624 868 Regie
1650 828 1846 859 intimamus

467 874 555 914 quod
588 873 717 904 Eleccio
745 874 786 903 de
817 873 981 912 Religioso
1010 872 1090 909 viro,
1121 872 1235 902 Fratre
1262 872 1390 902 'rhoma
1422 872 1596 911 Cullynge,
1620 872 1653 901 in
1679 871 1844 902 Abbatem

466 917 659 948 Monasterii
683 917 724 947 de
745 916 943 956 Tavystoke‚
964 916 1065 946 vestri
1090 915 1299 954 Patronatus,
1318 919 1395 953 etc.‚
1412 915 1475 945 rite
1491 916 1588 953 facta,
1605 915 1672 945 fuit
1695 925 1753 954 per
1776 925 1844 953 nos,

446 964 448 969 '
465 960 661 991 duodecimo
678 960 731 990 die
748 959 909 999 presentis
926 959 1047 989 mensis
1064 957 1236 989 Februarii
1254 959 1416 989 Canoniee
1433 958 1626 988 confirmata
1642 969 1649 996 ;
1672 958 1847 998 eidemque

469 1004 582 1034 Eleeto
607 1003 810 1034 confirmato
835 1007 957 1042 postea,
982 1002 1123 1042 septima
1147 1002 1274 1032 decima
1300 1002 1352 1032 die
1376 1002 1527 1042 ejusdem
1550 1002 1682 1039 mensis,
1702 1012 1761 1041 per
1776 1011 1845 1040 noe,

465 1047 553 1077 intra
572 1047 746 1076 Missarum
771 1046 963 1085 solempnia,
988 1056 1111 1076 munus
1136 1045 1383 1076 Benediccionis
1405 1045 1604 1085 impensum.
1650 1045 1750 1076 Unde
1773 1055 1845 1084 pre-

465 1090 555 1120 dicto
580 1089 703 1120 Abbati
727 1090 817 1128 quod
841 1089 948 1119 eidem
973 1089 1114 1119 ulterius
1139 1099 1196 1127 per
1219 1089 1460 1119 Excellenciam
1486 1091 1630 1118 vestram
1654 1088 1845 1118 faciendum

464 1133 568 1164 fuerit
577 1132 792 1163 favorabilius
806 1143 959 1172 peragere
976 1132 1134 1171 dignetur
1151 1136 1259 1162 vestra
1276 1132 1377 1171 Regia
1391 1132 1573 1163 celsitudo.
1614 1132 1720 1169 Quam
1732 1131 1765 1161 in
1779 1141 1844 1162 sos-

463 1177 570 1216 pitate
583 1176 694 1206 votiva
711 1176 768 1205 diu
793 1179 827 1205 et
850 1175 992 1206 feliciter
1007 1185 1200 1205 conservare
1223 1175 1381 1214 dignetur
1398 1175 1549 1214 potencia
1566 1175 1697 1205 Summi
1716 1175 1776 1205 Dei
1795 1177 1845 1206 1-

464 1218 552 1250 Data
574 1219 608 1249 in
637 1219 784 1249 Manerio
811 1222 925 1248 nostro
951 1218 992 1248 de
1018 1218 1218 1255 Farendone,
1244 1218 1493 1258 'Wyntoniensis
1518 1218 1673 1255 Diocesis,
1700 1218 1753 1248 die
1777 1216 1843 1258 xvij

463 1262 603 1302 predicti
615 1262 737 1292 mensis
755 1262 932 1299 Februarii,
949 1263 1045 1292 Anno
1059 1261 1194 1292 Domini
1211 1262 1270 1293 M0.
1286 1262 1411 1293 CCCmO
1427 1262 1557 1300 lxxxm0‚
1571 1264 1605 1292 et
1619 1261 1843 1293 Consecracio-

463 1306 514 1336 nis
527 1309 639 1336 nostre
664 1305 849 1336 undecimo.

418 1348 579 1379 -Forma
598 1348 862 1388 Professionis,—

420 1393 499 1431 Ego,
517 1392 660 1422 Thomas
677 1392 852 1432 Cullynge,
870 1391 1061 1421 Monasterii
1078 1391 1306 1431 Tavystochie,
1324 1394 1400 1429 etc„
1418 1391 1554 1422 Electus
1577 1390 1690 1421 Abbas
1706 1393 1741 1421 et
1758 1390 1841 1422 Con-

462 1436 624 1473 firmatus,
654 1435 809 1475 profiteor
836 1436 955 1465 Sancte
984 1434 1128 1464 Ecclesie
1155 1435 1344 1473 Exoniensi,
1369 1438 1403 1465 et
1426 1435 1498 1474 tibi,
1529 1435 1719 1465 Reverende
1743 1434 1843 1464 Pater

462 1479 604 1509 Domine
620 1479 756 1516 Thema,
774 1478 837 1508 Dei
852 1478 961 1516 gracia
984 1477 1135 1517 ejusdem
1149 1478 1293 1508 Ecclesie
1308 1478 1476 1518 Episcope,
1490 1479 1625 1518 tuisque
1639 1477 1841 1508 Successori-

461 1522 524 1553 bus
540 1522 703 1553 Canonice
720 1521 974 1560 substituendis,
995 1521 1193 1552 eanonicam
1218 1521 1249 1551 111
1275 1521 1430 1552 omnibus
1448 1521 1682 1552 Obedienciam
1706 1524 1741 1552 et
1763 1521 1842 1551 sub-

459 1565 650 1606 jeccionem.

418 1608 608 1639 -Licencia
626 1607 762 1638 Domini
785 1607 1016 1647 Wyntoniensz's
1034 1607 1181 1647 Episcopi
1197 1607 1241 1637 ad
1257 1607 1555 1646 benedicendum,—

418 1652 553 1689 Thome,
580 1654 652 1690 etc„
680 1651 878 1688 willelmus,
906 1651 1071 1681 etex-Ad
1096 1651 1330 1681 celebrandum
1361 1655 1394 1681 et
1426 1651 1489 1682 rite
1514 1651 1764 1688 conferendum,
1789 1650 1842 1681 die

462 1694 599 1725 Sabbati
617 1695 769 1732 Quatuor
785 1695 986 1734 Temporum
1009 1694 1041 1724 in
1068 1694 1172 1733 prima
1194 1694 1378 1724 ebdomada
1400 1694 1556 1724 instantis
1574 1693 1840 1734 Quadragesime,

463 1738 497 1769 in
514 1747 725 1778 quocumque
742 1738 811 1767 loco
829 1737 967 1767 honesto
984 1740 1018 1767 et
1033 1738 1173 1777 ydoneo,
1190 1737 1276 1767 infra
1293 1741 1441 1768 nostram
1466 1738 1628 1768 Diocesim
1647 1738 1841 1776 constituto,

462 1791 562 1821 quem
579 1781 619 1811 ad
636 1781 697 1810 1100
721 1780 884 1810 duxeritis
908 1780 1108 1819 eligendum,
1128 1781 1270 1811 subditis
1289 1782 1405 1811 vestris
1422 1791 1458 1811 ac
1474 1781 1544 1811 aliis
1562 1791 1621 1820 per
1637 1791 1713 1811 suos
1738 1782 1841 1820 Supe-

463 1825 563 1854 riores
579 1824 780 1854 sufficienter
796 1824 949 1862 dimissis,
967 1827 1035 1853 tam
1062 1822 1205 1863 Majores
1229 1834 1328 1863 quam
1355 1824 1498 1854 Minores
1522 1824 1756 1854 convenientes
1780 1823 1843 1854 sibi

464 1868 615 1905 Ordines,
634 1877 679 1905 ac,
698 1877 803 1906 usque
820 1867 961 1906 primam
979 1867 1197 1897 ebdomadam
1222 1867 1481 1906 Quadragesime
1506 1867 1653 1907 predicte
1670 1867 1840 1906 inclusive,

463 1921 587 1941 munus
604 1911 850 1940 Benediccionis
867 1910 1055 1940 Abbatibus
1072 1914 1180 1940 vestre
1197 1911 1343 1940 Diocesis
1367 1911 1641 1950 impendendum,
1659 1911 1843 1950 altariaque

463 1954 583 1984 viatica
596 1953 869 1991 benedicendum,
886 1954 1068 1984 Licenciam
1084 1954 1175 1983 vobis
1188 1954 1398 1984 concedimus
1412 1965 1469 1993 per
1481 1954 1662 1984 presentes,
1696 1955 1736 1984 In
1749 1953 1844 1993 cujus

466 1997 522 2035 rei,
539 1997 736 2028 eta—Data
752 1997 785 2027 in
804 1997 958 2036 Hospicio
975 2000 1089 2027 nostro
1112 1997 1146 2027 in
1163 1997 1370 2036 Suthwerke,
1389 1997 1434 2037 xij
1454 1997 1506 2027 die
1523 1997 1646 2027 mensis
1664 1997 1842 2035 Februarii,

465 2041 562 2070 Anno
579 2040 713 2070 Domini
732 2039 793 2071 ΜΟ.
812 2040 936 2071 COCmO
953 2040 1083 2078 lxxxmt‘,
1101 2044 1135 2070 et
1147 2048 1259 2070 nostre
1274 2040 1538 2071 Consecracionis
1551 2041 1810 2081 quartodecimo.

423 2084 468 2115 Et
483 2094 523 2114 ex
536 2083 745 2114 habundanti
755 2083 923 2113 emanavit
937 2082 1146 2121 Mandatum,
1160 2084 1250 2114 dicto
1266 2084 1408 2124 septimo
1419 2084 1545 2114 decimo
1558 2084 1611 2114 die
1624 2084 1745 2114 mensis
1761 2083 1843 2114 Feb-

464 2127 567 2157 ruarii
590 2127 771 2166 prescripti,
790 2127 954 2157 directum
972 2127 1076 2157 Priori
1093 2130 1128 2157 et
1151 2127 1341 2158 Conventui
1364 2127 1445 2157 dicti
1468 2127 1660 2158 Monasterii
1684 2127 1843 2167 Tavysto-

464 2170 547 2208 chie‚
572 2173 611 2201 ut
626 2170 695 2200 sint
710 2170 900 2200 obedientes
917 2172 951 2200 et
966 2170 1179 2200 intendentes
1195 2171 1285 2201 dieto
1301 2171 1435 2201 Abbati.

421 2225 580 2265 BLAGK
602 2225 908 2265 TORRINGTON
931 2224 1310 2280 [Blaketorytone,
1335 2224 1460 2278 MS.],
1484 2224 1531 2265 R.

424 2283 479 2314 Sir
499 2282 631 2313 Thomas
646 2282 684 2313 de
700 2282 885 2322 Sekyndone
901 2282 1091 2322 exchanged
1109 2282 1274 2313 Benefices
1291 2283 1372 2313 with

424 2326 476 2357 Sir
491 2326 602 2356 Simon
617 2325 655 2356 de
673 2326 833 2364 Μονεεοιε,
851 2326 889 2356 R.
908 2325 942 2355 of
960 2326 1169 2366 Bletchingly
1188 2325 1345 2366 (Surrey),
1363 2325 1437 2356 who
1460 2336 1526 2356 was
1548 2325 1626 2357 inst.
1647 2325 1695 2363 (at
1713 2325 1848 2364 Faring-

468 2370 549 2406 don)
566 2368 605 2402 27
623 2369 793 2408 February
808 2380 816 2407 ;
843 2369 975 2407 Patron,
993 2369 1046 2400 Sir
1062 2369 1205 2399 Richard
1229 2369 1400 2408 Seymour,
1418 2369 1499 2400 Knt.
1546 2369 1623 2399 And
1648 2369 1848 2409 Sekyndone

468 2423 533 2443 was
548 2412 624 2443 inst.
644 2415 679 2443 to
695 2412 915 2452 Bletchingly,
933 2415 968 2443 at
984 2412 1042 2442 the
1057 2423 1147 2442 same
1162 2412 1254 2449 time,
1273 2414 1314 2453 by
1331 2412 1390 2442 the
1406 2412 1529 2451 Bishop
1547 2411 1581 2442 of
1598 2412 1729 2450 Exeter,
1743 2411 1777 2442 in
1791 2411 1850 2442 the

470 2465 588 2496 person
605 2455 639 2485 of
654 2455 743 2486 John
758 2455 985 2496 Ebryghtone,
1003 2455 1100 2493 elerk,
1119 2455 1153 2485 of
1168 2455 1226 2485 the
1238 2455 1375 2486 Diocese
1387 2455 1421 2485 of
1431 2456 1625 2491 Worcester,
1642 2455 1693 2485 his
1706 2455 1851 2493 Proctor,

469 2499 576 2529 under
592 2509 610 2528 a
628 2499 845 2529 Commission
870 2498 956 2529 from
980 2499 1126 2529 William
1151 2499 1192 2528 de
1214 2499 1410 2538 Wykeham,
1429 2498 1552 2537 Bishop
1568 2498 1603 2528 of
1626 2498 1846 2536 Winchester,

470 2542 569 2572 dated
587 2545 622 2572 at
639 2542 824 2581 Highclere,
842 2543 882 2572 29
899 2542 977 2573 Dec.
996 2552 1004 2580 3
1029 2542 1162 2580 Patron,
1180 2541 1232 2572 Sir
1248 2541 1360 2581 Hugh,
1380 2541 1456 2572 Earl
1473 2541 1507 2571 of
1523 2541 1678 2572 Stafford.

428 2595 959 2636 NEWTON-POPPLEFORD
982 2611 991 2648 ;
1024 2595 1251 2650 Perpetua
1274 2595 1499 2636 Cantaria
1529 2593 1581 2635 de
1610 2593 1660 2635 N
1657 2598 1853 2649 ywatone

488 2651 850 2707 Popelaforsle,—

430 2709 550 2742 Gelbert
569 2710 691 2749 Huyhe,
709 2710 870 2751 chaplain,
887 2721 953 2741 was
968 2711 1045 2742 inst.
1065 2711 1114 2749 (at
1131 2710 1250 2751 Olyst),
1269 2711 1307 2741 18
1325 2710 1439 2741 March
1457 2720 1465 2748 ;
1488 2720 1530 2740 on
1548 2710 1605 2740 the
1622 2709 1853 2740 Presentation

471 2753 506 2783 of
522 2753 645 2783 Martin
661 2754 701 2784 de
719 2754 860 2792 Ferrers,
878 2754 1003 2785 Robert
1018 2754 1272 2794 Vaggescombe,
1291 2753 1388 2792 clerk,
1408 2754 1474 2784 and
1497 2753 1587 2784 John
1615 2754 1644 2784 H
1650 2753 1725 2792 ulle,
1749 2755 1853 2784 attor-

473 2796 702 2838 neys-general
719 2796 753 2827 of
769 2797 822 2829 Sir
840 2797 982 2829 Edward
998 2797 1039 2828 de
1057 2797 1256 2840 Courtenay,
1274 2796 1351 2828 Earl
1367 2797 1402 2828 of
1418 2797 1543 2838 Devon,
1560 2796 1618 2828 the
1630 2799 1706 2828 true
1719 2797 1852 2829 Patron.
