1987 3062
151 366 228 393 A.D.

153 401 227 426 1388.

153 434 215 459 Vol.

667 259 1028 305 INSTITUTIONS‚
1065 261 1167 295 Ere.
1593 255 1682 298 105

303 379 340 398 eo
363 368 454 408 quod
478 368 625 398 feceritis
649 378 708 398 nos
732 368 852 398 Literis
876 368 994 398 vestris
1018 367 1210 407 patentibus
1234 368 1432 407 certificetis,
1459 372 1492 399 et
1516 369 1577 400 hoc
1601 370 1684 401 citra

304 412 440 442 Festum
459 411 617 441 Omnium
643 412 841 442 Sanctorum
860 411 1010 451 proximo
1033 411 1198 442 futurum.
1246 411 1435 450 Mandatur,
1454 412 1566 451 eciam,
1585 424 1685 454 super

304 455 504 485 Induccione
521 455 715 495 hujusmodi
732 459 766 485 et
782 455 885 495 ipsius
904 454 1041 485 Inducti
1058 454 1223 485 Canonica
1240 455 1440 485 Obediencia
1464 456 1559 486 nobis
1582 458 1683 496 speci·

302 498 398 528 aliter
413 499 596 529 reservatis.
644 498 684 528 In
699 509 843 538 quorum
860 499 1010 528 omnium
1027 498 1259 528 testimonium
1283 499 1430 538 sigillum
1456 500 1560 530 Officii
1580 501 1685 530 nostri

302 542 491 572 Decanatus
522 541 661 581 predicti
693 542 908 572 Fre-sentibus
942 542 1166 581 apposuimus.
1238 542 1325 572 Data
1349 542 1593 582 Cantebriggie,
1618 547 1685 574 x¹¹¹0

304 585 470 615 Kalendas
495 585 646 615 Octobris
663 585 717 623 [22
742 585 860 624 Septff,
880 586 976 615 Anno
1000 585 1136 614 Domini
1162 585 1220 614 ΜΟ.
1251 585 1381 615 OCCUF’
1405 586 1531 616 lxxxmo
1555 590 1682 618 octavo.

304 629 457 666 QUARUM
475 628 665 659 Literarum
676 632 710 658 et
726 628 830 668 ipsius
845 628 979 659 Domini
996 628 1195 658 auctoritate
1212 629 1386 666 ordinaria,
1404 629 1553 669 prefatus
1571 631 1682 660 Domi-

302 682 375 710 nus,
387 672 510 702 eisdem
523 671 576 702 die
589 675 623 702 et
636 672 714 709 loco,
726 672 759 702 in
774 671 969 712 hujusmodi
986 672 1081 702 Perm
1088 672 1249 702 utacionis
1267 673 1400 711 negocio
1414 673 1559 712 legitime
1573 684 1681 713 proce-

301 715 392 754 dens,
406 726 519 745 causas
532 715 795 745 Permutacionis
807 715 979 755 predictas,
991 715 1118 745 dictum
1132 715 1336 745 XVillelmum
1351 719 1384 745 et
1401 717 1575 746 Ecclesiam
1589 728 1684 748 suam

302 759 343 789 de
360 759 617 789 Colstreworthe
634 759 814 799 predictam
832 762 1077 795 concernentes,
1099 759 1239 797 audivit,
1256 759 1469 797 examinavit,
1488 763 1522 790 et
1540 760 1683 798 plenarie

301 802 467 840 discussit,
492 802 637 842 ipsisque
660 802 766 832 causis
790 802 874 832 veris
898 805 932 832 et
955 802 1112 841 legitimis
1135 802 1291 839 inventis,
1320 803 1517 842 approbavit
1540 805 1682 843 easdem,

300 845 492 885 dictamque
516 845 803 876 Permutacionem
827 845 1053 883 auctorizavit,
1070 856 1106 875 ac
1135 846 1400 885 licsignacionem
1425 847 1514 877 dicte
1540 848 1683 878 Ecclesie

302 889 343 919 de
368 889 625 919 Colstreworthe
647 900 688 919 ex
711 900 808 919 causa
825 889 1088 919 Permutacionis
1113 889 1308 928 hujusmodi
1332 892 1456 929 recepit
1479 895 1513 920 et
1536 891 1682 928 admisit,

300 932 535 972 prefatumque
549 933 731 963 Dominum
747 933 924 963 llenricum
943 932 1090 962 Barnake
1102 933 1143 962 ad
1156 933 1279 962 dictam
1297 933 1475 963 Ecclesiam
1489 935 1529 964 de
1541 934 1682 965 Uol-stre-

302 975 438 1014 worthe,
463 976 505 1006 ad
529 987 629 1016 quam
654 987 712 1016 per
737 976 939 1006 Willelmum
972 975 1170 1015 Gunthorpe
1197 976 1414 1015 antedictum,
1441 987 1554 1008 verum
1579 978 1683 1017 ipsius

303 1019 447 1049 Ecclesie
460 1019 501 1049 de
516 1019 782 1057 Colstreworthe,
798 1023 837 1049 ut
854 1019 1030 1059 prefertur,
1047 1020 1240 1057 Patronum,
1254 1031 1293 1049 ex
1307 1031 1405 1050 causa
1419 1021 1683 1052 Permutacionis

301 1062 497 1102 hujusmodi
519 1063 678 1094 extiterat
700 1066 921 1102 presentatus,
937 1074 993 1102 per
1016 1063 1153 1093 modum
1177 1066 1212 1093 et
1235 1074 1275 1093 ex
1299 1074 1396 1094 causa
1420 1064 1683 1096 Permutacionis

301 1106 457 1146 predicte,
489 1106 522 1136 in
554 1117 693 1146 persona
722 1106 861 1137 Walteri
897 1106 1055 1146 Aungier,
1087 1106 1205 1143 clerici,
1242 1107 1494 1138 Hei-efordensis
1526 1109 1682 1147 Diocesis,

301 1150 528 1180 Procuratoris
551 1150 601 1180 sui
617 1150 649 1180 in
668 1150 729 1180 hac
752 1159 845 1190 parte
868 1150 1070 1180 sufficienter
1093 1154 1127 1180 et
1143 1150 1290 1190 legitime
1312 1151 1497 1189 constituti,
1515 1155 1550 1182 et
1572 1152 1682 1192 ipsum

301 1193 552 1224 Procuratorem
569 1203 666 1224 suum
676 1218 684 1232 ,
701 1194 834 1223 nomine
847 1204 907 1224 suo
920 1197 954 1224 et
970 1204 1028 1233 pro
1038 1193 1119 1233 ipso,
1137 1194 1282 1232 admisit,
1296 1194 1474 1234 ipsumque
1488 1195 1681 1234 Henricum,

300 1236 333 1266 in
363 1247 501 1276 persona
527 1237 723 1277 hujusmodi
752 1237 977 1267 Procuratoris
1002 1237 1062 1274 sui,
1090 1242 1124 1267 et
1150 1237 1260 1277 ipsum
1292 1238 1544 1269 Procuratorem
1571 1250 1681 1278 suum,

302 1279 434 1310 nomine
450 1290 522 1318 suo,
542 1285 581 1310 ut
597 1279 786 1320 premittur,
804 1283 838 1310 et
853 1291 911 1321 pro
928 1291 975 1318 eo,
988 1280 1139 1311 instituit
1152 1280 1314 1312 Canonice
1331 1281 1364 1311 in
1381 1282 1495 1312 eadem
1513 1293 1520 1320 3
1545 1293 1682 1321 necnon,

302 1323 445 1353 eunden]
458 1323 642 1354 Dominum
657 1324 838 1354 Henricum
852 1324 885 1353 in
899 1324 986 1354 dicte
1001 1323 1143 1354 Ecclesie
1153 1325 1194 1354 <le
1209 1324 1474 1364 Colstreworthe,
1487 1325 1683 1366 juriumque

301 1370 335 1397 et
351 1366 629 1406 pertinenciarum
648 1367 877 1397 universorum
894 1366 1054 1407 ejusdem,
1073 1367 1273 1406 corporalem
1291 1368 1528 1407 possessionem
1548 1370 1680 1400 deman-

301 1409 393 1440 davit
410 1409 523 1440 induci
539 1413 573 1440 et
589 1409 677 1449 fecit,
695 1410 764 1440 vice
781 1414 815 1440 et
827 1411 1026 1440 auctoritate
1042 1410 1123 1440 dicti
1136 1411 1270 1441 Domini
1287 1411 1540 1452 Archiepiscopi.
1588 1413 1680 1443 Man-

301 1453 410 1491 datur,
439 1453 552 1490 eciam,
577 1463 675 1493 super
696 1453 897 1484 Induccione
926 1453 1121 1493 hujusmodi
1152 1458 1186 1484 et
1216 1454 1319 1494 ipsius
1350 1455 1484 1486 Inducti
1518 1457 1682 1487 Canonica

303 1496 502 1527 Obediencia
532 1497 621 1527 dicto
654 1497 812 1536 Magistro
841 1497 980 1536 Thome,
1011 1497 1244 1528 Commissario
1276 1502 1468 1538 memorato,
1496 1500 1682 1539 specialiter

302 1540 485 1571 reservatis.
542 1540 592 1570 AC
615 1548 886 1579 SUBSEQUENTER,
904 1540 958 1571 die
974 1544 1008 1571 et
1024 1540 1094 1570 loco
1110 1541 1320 1580 supradictis,
1339 1542 1488 1581 prefatus
1514 1542 1680 1575 Dominus

309 1582 499 1614 Willelmum
516 1583 666 1623 Pykesley
682 1584 890 1614 antedictum
907 1585 946 1614 ad
960 1584 1139 1614 Ecclesiam
1152 1585 1375 1615 Parochialem
1389 1586 1429 1616 de
1442 1586 1680 1627 Bradenynche

301 1627 571 1666 suprascriptam,
604 1637 661 1667 per
692 1627 828 1657 liberam
862 1628 1131 1667 Resignacionem
1162 1628 1243 1658 dicti
1275 1629 1411 1659 Domini
1444 1630 1590 1669 Henrici,
1622 1642 1680 1671 per

301 1670 469 1709 prefatum
493 1670 678 1701 Walterum
702 1669 860 1710 Aungier,
879 1671 1129 1701 Procuratorem
1154 1682 1253 1702 suum
1278 1672 1319 1702 ad
1343 1672 1402 1702 hec
1426 1673 1629 1705 sufficienter
1645 1678 1680 1706 et

299 1713 446 1753 legitime
469 1713 703 1752 constitutum,
727 1714 861 1744 nomine
884 1714 966 1745 dicti
991 1714 1125 1744 Domini
1149 1715 1284 1745 Henrici
1308 1718 1342 1745 et
1365 1726 1423 1755 pro
1447 1727 1494 1755 eo,
1519 1728 1559 1748 ex
1583 1729 1680 1749 causa

304 1756 563 1787 Permutacionis
589 1757 786 1797 hujusmodi
813 1757 846 1787 in
874 1757 1028 1788 manibus
1055 1757 1206 1798 ejusdem
1238 1759 1374 1789 Domini
1401 1760 1442 1789 de
1470 1761 1584 1791 eadem
1616 1762 1679 1792 rite

299 1799 431 1839 factam,
460 1803 493 1831 et
516 1810 574 1840 per
600 1800 710 1841 ipsum
738 1801 920 1831 Dominum
948 1812 987 1831 ex
1018 1812 1114 1832 causa
1138 1802 1297 1841 premissa
1321 1802 1467 1841 legitime
1491 1805 1678 1844 admissam,

299 1846 481 1882 vacantem,
513 1844 554 1874 ad
586 1844 872 1875 Presentacionem
904 1844 1185 1875 Excellentissimi
1215 1846 1248 1876 in
1282 1846 1414 1877 Christo
1446 1847 1607 1888 Principis
1646 1853 1680 1879 et

300 1887 444 1925 Domini,
462 1887 597 1918 Domini
615 1887 756 1926 Ricardi,
774 1888 836 1919 Dei
852 1888 960 1927 gracia
985 1889 1081 1926 Regis
1098 1889 1217 1929 Anglie
1234 1893 1268 1920 et
1286 1890 1423 1921 Francie
1439 1890 1588 1931 illustris,
1612 1892 1680 1922 veri

299 1929 388 1961 dicte
400 1930 552 1969 Ecclesie,
567 1930 627 1961 hac
640 1930 718 1970 vice,
731 1931 805 1972 jure
819 1942 879 1962 suo
892 1932 994 1971 Regio
1007 1932 1153 1970 Patroni,
1164 1933 1309 1971 admisit,
1322 1933 1499 1974 ipsumque
1507 1936 1679 1966 Rectorem

300 1973 451 2004 instituit
467 1974 631 2006 Canonice
646 1974 678 2005 in
699 1975 823 2013 eadem,
841 1985 916 2005 cum
934 1975 1001 2005 suis
1017 1975 1148 2015 juribus
1165 1979 1199 2007 et
1211 1977 1422 2016 pertinenciis
1436 1979 1606 2018 universis,
1622 1990 1679 2019 per

298 2018 437 2047 modum
450 2021 483 2048 et
497 2028 537 2048 ex
547 2027 644 2048 causa
657 2018 918 2048 Permutacionis
930 2019 1081 2059 superius
1094 2024 1266 2055 annotate;
1282 2031 1394 2051 curam
1406 2021 1468 2051 sibi
1479 2023 1676 2063 animarum,

298 2063 370 2099 etc„
387 2060 578 2101 juramento
600 2062 850 2100 consuetudine,
873 2066 933 2092 etc.
981 2063 1038 2100 Et,
1060 2063 1199 2102 prestita
1217 2065 1380 2094 Canonice
1398 2065 1596 2097 Obediencia
1621 2078 1677 2107 per

298 2105 451 2143 eundem,
480 2104 677 2135 mandatum
707 2105 775 2136 fuit
805 2105 1044 2136 Archidiacono
1076 2107 1212 2146 Exonie,
1244 2118 1301 2138 seu
1333 2107 1407 2148 ejus
1439 2109 1586 2150 Officiali,
1620 2122 1678 2152 pro

298 2147 499 2178 Induccione
514 2148 627 2188 ipsius.

253 2205 792 2248 LANTEGLos-BY-FOWEY
814 2208 1067 2263 [Lanteglos
1083 2208 1215 2264 juxta
1238 2209 1386 2266 Fowy,
1410 2211 1532 2266 MSJ,
1556 2213 1605 2254 V.

256 2264 309 2295 Sir
327 2264 482 2296 Nicholas
503 2265 673 2297 Walronde
688 2266 879 2306 exchanged
895 2267 1061 2298 Benefices
1078 2267 1159 2298 with

256 2308 309 2339 Sir
339 2308 428 2339 John
462 2309 701 2348 Stranyelonde,
734 2310 751 2324 “
770 2310 977 2350 Capellanus,
1017 2311 1085 2341 sive
1117 2311 1250 2350 Cantor,
1285 2312 1439 2343 Cantarie
1472 2314 1604 2354 Capelle
1635 2317 1677 2347 de

300 2352 476 2390 Lamane,”
500 2352 574 2383 who
597 2363 662 2383 was
685 2353 762 2384 inst.
784 2353 833 2392 (at
856 2353 976 2394 Clyst),
995 2356 1033 2384 21
1060 2354 1143 2385 Nov.
1162 2365 1168 2392 ;
1195 2355 1346 2394 Patrons,
1372 2357 1514 2387 Brother
1534 2359 1674 2391 William

300 2394 473 2426 Patehulle
490 2395 562 2434 (the
579 2396 725 2435 Master),
743 2397 809 2427 and
832 2397 890 2427 the
915 2397 1079 2428 Brethren
1093 2398 1128 2428 of
1150 2397 1208 2428 the
1233 2399 1386 2439 Hospital
1403 2400 1438 2430 of
1461 2401 1509 2431 St.
1535 2402 1625 2433 John
1642 2407 1678 2434 at

299 2438 513 2477 Bridgwater.

254 2496 452 2538 LAMANA
477 2498 750 2552 (Oorwwall),
768 2498 996 2552 [Cantaria
1011 2498 1186 2554 Capelle
1204 2500 1256 2542 de
1274 2500 1477 2553 Lamane‚
1499 2504 1677 2559 MS.],—

256 2555 309 2586 Sir
323 2555 411 2586 Jolm
426 2556 656 2595 Str-angelonde
672 2557 863 2597 exchanged
879 2557 1046 2588 Benefices
1065 2558 1143 2589 with

222 2645 232 2651 κ
255 2598 308 2630 Sir
323 2598 478 2630 Nicholas
502 2599 679 2639 Walronde,
696 2600 736 2632 V.
754 2601 788 2630 of
812 2601 1197 2643 Lanteglos-by-Fowey‚
1217 2602 1290 2633 who
1308 2614 1373 2635 was
1390 2604 1468 2636 inst.
1489 2605 1537 2643 (at
1555 2607 1674 2648 Clyst),

149 2764 196 2792 fol.

149 2798 226 2825 115b.

300 2642 339 2673 21
357 2642 443 2674 Nov.
459 2653 467 2681 ;
484 2643 618 2681 Patron,
636 2643 689 2674 Sir
704 2644 848 2675 Edward
866 2645 1066 2685 Gourtenay,
1085 2645 1162 2676 Earl
1178 2646 1213 2676 of
1229 2646 1357 2678 Devon.

254 2767 339 2807 [Fol.
359 2769 445 2800 115b
461 2769 537 2808 (left
553 2769 654 2800 blank
670 2773 789 2810 except
804 2770 855 2801 for
872 2772 890 2801 6
907 2771 990 2801 lines
1006 2774 1041 2802 at
1057 2771 1114 2802 the
1130 2772 1213 2812 top),
1233 2783 1297 2803 was
1314 2774 1450 2804 utilized
1468 2775 1511 2815 by
1531 2776 1676 2808 William

300 2812 477 2852 Germyne,
500 2813 670 2853 Registrar
686 2817 720 2844 to
736 2813 827 2845 John
845 2813 1014 2851 Woolt0n‚
1032 2815 1091 2855 Bp.
1113 2815 1147 2845 of
1162 2817 1283 2847 Exeter
1297 2816 1586 2857 (1579—1593-4).
1630 2821 1676 2851 As

301 2855 364 2895 Bp.
380 2854 535 2896 Bytton's
548 2857 699 2897 Register
715 2857 774 2887 has
790 2857 873 2888 been
889 2857 954 2888 lost
970 2858 1059 2889 since
1076 2858 1133 2889 the
1149 2859 1251 2890 death
1268 2860 1301 2890 of
1318 2861 1378 2900 Bp.
1399 2861 1590 2901 Stapeldon,
1609 2863 1676 2894 this
