1987 3062
336 217 430 261 354
561 231 660 263 THE
686 231 926 264 REGISTER
952 231 1012 262 or
1036 230 1215 263 BISHOP
1240 230 1645 264 BRANTYNGHAM.

331 327 408 371 A‘.D.
484 332 588 363 tualia
604 335 638 363 et
656 332 883 364 Ecclesiastica
900 341 1110 372 quecumque
1132 331 1222 362 laicis
1245 341 1429 372 nunquam,
1445 342 1505 362 nec
1528 332 1652 363 clericis
1668 331 1792 371 absque
1810 330 1863 361 Li-

333 361 436 420 ἓξὲξ·
484 376 594 406 ceucia
610 376 743 415 speciali
766 375 938 407 Diocesani
964 375 1129 414 Episcopi,
1156 375 1197 405 ad
1222 375 1351 405 firmam
1375 375 1562 412 tradantur,
1579 375 1641 405 sub
1657 385 1741 415 pena
1763 374 1865 405 tercie

390 414 396 421 ’
431 415 436 421 ”
485 419 587 458 partis
604 422 828 459 proventuum
847 418 1001 449 Beneficii
1017 418 1062 449 sic
1078 418 1215 456 dimissi,
1234 418 1369 449 Fabrice
1384 419 1589 449 Cathedralis
1603 418 1746 449 Ecclesie
1762 417 1863 457 appli-

484 463 587 492 cande
605 473 612 499 ;
635 463 804 503 fueritque
828 472 887 502 per
911 461 1197 493 Constitucionem
1223 462 1434 501 synodalem,
1453 462 1625 492 executive
1641 465 1674 492 et
1690 461 1862 491 laudabili-

481 508 533 535 ter
548 506 673 537 editam
691 506 732 536 ad
750 506 917 546 premissa,
935 515 1062 535 necnon
1080 515 1138 544 per
1154 508 1282 535 nostras
1303 505 1481 535 Civitatem
1499 509 1533 536 et
1549 505 1713 536 Diocesim
1738 504 1861 543 pluries

482 551 516 579 et
532 559 550 578 a
566 549 623 579 diu
641 549 855 589 solempniter
870 548 1084 588 publicatam,
1102 548 1236 588 provide
1260 548 1462 586 ordinatum,
1487 559 1527 578 ne
1551 549 1625 589 quis
1648 547 1862 578 beneficiatus

481 592 567 621 infra.
583 595 732 622 nostram
749 592 913 622 Diocesim
939 591 1100 622 Beneficia
1116 601 1175 621 sua
1192 591 1386 632 hujusmodi
1410 591 1637 622 Ecclesiastica
1652 600 1863 631 quecumque

481 634 562 665 laico
577 636 619 665 ad
636 635 765 666 firmam
783 635 904 673 tradat,
921 635 984 665 sub
999 645 1083 675 pena
1099 635 1461 665 Excommunicacionis
1479 635 1623 675 Majoris,
1641 638 1710 664 tam
1727 634 1761 664 in
1779 634 1860 664 dan-

481 681 550 708 tem
566 688 667 727 quam
684 679 717 708 in
734 679 948 718 recipientem
966 680 1081 709 contra
1097 678 1292 718 hujusmodi
1310 678 1570 708 Constitucionis
1586 677 1857 718 prohibicionem,

480 721 550 760 ipso
566 721 642 761 jme
659 722 888 762 piomulgate;
904 721 1066 760 nonnulli,
1083 724 1206 760 tamen,
1224 721 1294 751 Viri
1314 721 1544 757 Ecclesiastici,
1562 721 1695 751 Secula1
1698 731 1731 750 es
1747 723 1781 751 et
1798 720 1858 750 Re-

479 764 645 804 ligiosi,1n
663 765 785 795 nostris
809 765 953 796 Civitate
976 768 1010 795 et
1034 746 1163 795 D’iocesi
1185 765 1362 795 antedictis
1386 765 1547 795 Ecclesiae
1564 767 1739 803 ceteraque
1757 764 1857 793 Bene-

480 807 551 838 ficia
569 808 796 839 Ecclesiastica.
812 811 846 838 et
862 808 924 838 alia
941 808 1133 847 Spiritu-alia
1156 808 1355 848 optinentes,
1376 808 1570 848 hujusmodi
1588 807 1748 838 Ecclesias
1772 817 1858 844 suas,

479 851 608 892 aliaque
625 851 787 882 Beneficia
805 851 1032 882 Ecclesiastica
1049 855 1082 881 et
1098 854 1206 881 cetera
1223 851 1425 890 Spiritualia,
1443 851 1637 891 hujusmodi
1655 850 1856 882 Constituci-

479 894 598 925 onibus
614 895 734 934 spretis
750 898 784 925 et
801 895 1010 933 contemptis,
1028 894 1152 925 nedum
1169 894 1294 925 clericis
1310 897 1362 925 set
1378 894 1576 924 multociens
1594 894 1691 931 laicis,
1709 894 1856 934 quando-

478 948 542 978 que
559 938 645 975 solis,
663 939 863 979 quandoque
880 938 912 968 in
930 937 1081 968 fraudem
1099 938 1224 968 clericis
1247 941 1281 968 et
1303 937 1393 968 laicis
1416 937 1632 977 conjunctim,
1650 937 1756 967 colore
1782 936 1858 967 ficto

478 981 617 1021 quesito,
643 982 818 1012 veritatem
843 984 876 1011 et
900 985 1046 1011 mentem
1071 981 1363 1012 Constitucionum
1389 981 1584 1021 hujusmodi
1608 980 1790 1020 palliantes,
1816 979 1857 1010 ad

476 1025 606 1055 firmam
623 1026 753 1055 tradere
769 1035 835 1054 non
853 1027 1010 1054 verentur
1028 1035 1034 1062 ;
1059 1027 1214 1064 pretextu
1232 1024 1329 1064 cujus
1346 1024 1607 1064 presumpcionis
1631 1034 1696 1053 non
1721 1026 1772 1053 est
1796 1023 1855 1053 du-

476 1068 569 1098 bium
587 1068 783 1108 hujusmodi
800 1068 907 1105 laicos,
932 1068 1089 1107 premissa
1105 1068 1145 1098 ad
1164 1067 1292 1097 firmam
1316 1067 1523 1106 recipientes,
1543 1078 1580 1097 ac
1596 1067 1742 1106 prefatos
1758 1066 1855 1097 Viros

478 1111 733 1149 Ecclesiasticos,
752 1111 921 1142 Seculares
944 1113 979 1141 et
1002 1110 1194 1150 Religiosos,
1213 1111 1337 1141 eisdem
1362 1110 1521 1150 premissa
1537 1111 1577 1140 ad
1595 1110 1724 1140 firmam
1742 1109 1853 1139 dimit-

477 1157 597 1192 tentes,
626 1154 837 1185 Sentenciam
866 1153 1229 1184 Excommuuicacionis
1256 1153 1514 1193 dampnabiliter
1538 1153 1609 1193 ipso
1633 1153 1720 1183 facto
1744 1153 1854 1183 incur-

474 1198 562 1229 risse.
611 1197 800 1237 Cupientes,
825 1197 936 1236 igitur,
961 1197 1124 1228 hactenus
1147 1197 1309 1234 oberrata,
1334 1197 1367 1226 in
1392 1200 1557 1236 quantum
1582 1196 1677 1226 nobis
1702 1196 1854 1235 possibile

474 1243 535 1278 est,
554 1240 743 1279 reformare,
760 1244 794 1271 et
810 1240 962 1271 subditos
978 1244 1118 1278 nostros,
1135 1243 1247 1271 nostre
1263 1240 1503 1279 dispensacioni
1528 1239 1727 1278 commissos,
1745 1249 1762 1269 a
1779 1239 1855 1269 tali-

473 1285 535 1315 bus
551 1284 585 1314 in
602 1284 757 1314 futurum
774 1284 837 1314 sibi
854 1283 1039 1314 consulcius
1057 1294 1238 1323 precavere,
1263 1283 1355 1313 vobis
1379 1283 1632 1318 committimus,
1653 1286 1725 1320 etc.‚
1742 1283 1849 1322 quati·

473 1338 536 1358 nus
560 1328 594 1358 in
618 1327 757 1367 singulis
783 1327 946 1367 Capitulis
969 1337 1027 1366 per
1049 1337 1107 1357 vos
1131 1327 1280 1366 proximo
1305 1327 1517 1364 celebrandis,
1542 1330 1695 1357 nostrum
1721 1336 1853 1365 presens

473 1371 680 1409 Mandatum,
706 1374 746 1401 ut
769 1374 938 1410 congruat,
964 1370 1094 1410 publice
1118 1373 1320 1409 exponentes
1343 1373 1378 1400 et
1401 1370 1650 1407 denunciantes,
1675 1369 1853 1400 inhibeatis

472 1417 585 1445 nostra
616 1414 816 1445 auctoritate
842 1413 1037 1453 hujusmodi
1066 1413 1152 1444 Viris
1181 1413 1424 1451 Ecclesiasticis,
1442 1414 1475 1443 in
1504 1413 1625 1443 nostris
1649 1412 1794 1444 Civitate
1818 1416 1852 1443 et

472 1457 603 1488 Diocesi
620 1457 810 1496 Dignitates
827 1457 1081 1494 Ecclesiasticas‚
1100 1457 1264 1487 Beneficia
1275 1456 1512 1493 Ecclesiastica‚
1526 1467 1563 1486 ac
1578 1457 1641 1486 alia
1658 1456 1853 1495 Spiritualia

472 1500 712 1541 optinentibus,
736 1511 777 1530 ne
801 1500 896 1540 ipsas,
922 1500 973 1530 vel
997 1500 1077 1540 ipsa,
1104 1503 1179 1540 post
1204 1500 1463 1539 publicaciouem
1488 1499 1682 1540 hujusmodi
1698 1497 1851 1529 Mandati

470 1544 576 1574 nostri
592 1546 626 1574 et
643 1543 865 1574 Inhibiciones
882 1546 1007 1573 vestras
1025 1543 1220 1583 hujusmodi
1243 1543 1304 1573 sibi
1329 1543 1442 1581 factas,
1460 1543 1585 1583 absque
1602 1542 1752 1573 Licencia
1776 1552 1848 1572 nos-

472 1591 524 1618 tra
541 1587 673 1627 speciali
690 1587 814 1617 clericis
831 1587 873 1617 ad
890 1587 1019 1617 firmam
1035 1587 1166 1617 tradere
1184 1589 1377 1626 presumant
1394 1586 1610 1626 quovismodo
1626 1596 1633 1623 ;
1651 1585 1749 1624 laicis,
1764 1596 1850 1623 vere,

472 1631 511 1661 ad
530 1630 671 1668 firmam,
692 1640 904 1670 quocumque
927 1630 1033 1660 colore
1050 1630 1101 1660 vel
1126 1630 1284 1669 figmento
1308 1629 1448 1669 quesito,
1474 1630 1604 1660 tradere
1627 1629 1761 1669 penitus
1778 1639 1850 1668 pro-

474 1674 669 1710 hibendum,
687 1673 750 1704 sub
774 1684 858 1713 pena
875 1673 908 1703 in
925 1673 1122 1713 hujusmodi
1146 1673 1399 1703 Constitucioue
1423 1672 1581 1712 Synodali
1598 1682 1750 1711 expresse
1773 1682 1850 1702 con-

472 1720 577 1748 tenta.
624 1716 674 1747 De
691 1717 752 1754 die,
771 1727 857 1754 vero,
874 1716 1073 1756 recepcionis
1090 1716 1313 1753 Preseucium,
1332 1716 1566 1756 publicacionis
1582 1719 1617 1746 et
1633 1715 1849 1746 Inhibicionis

469 1763 657 1790 vestrarum
674 1760 772 1790 modo
795 1763 829 1790 et
852 1759 967 1798 forma,
984 1769 1112 1790 necnon
1137 1759 1217 1799 quid
1242 1760 1386 1789 feceritis
1410 1760 1442 1789 in
1468 1759 1645 1799 premissis,
1670 1769 1739 1794 nos,
1766 1759 1850 1789 citra

470 1804 609 1834 Festum
628 1802 907 1833 Annunciacionis
925 1803 1024 1832 Beate
1041 1802 1144 1833 Marie
1160 1803 1310 1842 proximo
1334 1802 1499 1840 futurum,
1517 1802 1705 1832 certificetis
1721 1812 1779 1841 per
1795 1801 1847 1832 Li-

468 1850 555 1877 teras
579 1850 704 1877 vestras
728 1849 889 1886 patentes,
915 1846 1033 1876 harum
1057 1846 1175 1876 seriem
1199 1848 1234 1876 et
1257 1846 1391 1875 nomina
1408 1847 1557 1875 omnium
1582 1851 1617 1875 et
1639 1845 1846 1884 singulorum

470 1890 625 1920 Virorum
650 1889 955 1920 Ecclesiasticorum
979 1889 1256 1928 supradictorum,
1276 1889 1310 1918 111
1334 1889 1456 1918 nostris
1481 1889 1626 1919 Civitate
1649 1892 1683 1918 et
1709 1888 1845 1926 Diocesi,

468 1933 657 1973 Dignitates
675 1931 929 1969 Ecclesiasticas,
947 1932 1069 1969 Officia,
1088 1932 1249 1962 Beneficia
1266 1931 1504 1969 EcclesiasticA,
1523 1934 1556 1961 et
1572 1931 1633 1961 alia
1653 1931 1846 1971 Spiritualia

469 1977 511 2006 ad
529 1975 666 2013 firmam,
686 1978 726 2006 ut
741 1975 959 2015 premittitur,
977 1975 1185 2005 tradencium
1210 1978 1244 2005 et
1261 1975 1502 2014 recipiencium,
1520 1975 1560 2004 de
1577 1974 1699 2014 quibus
1716 1985 1773 2014 per
1789 1985 1846 2004 vos

466 2019 644 2058 diligenter
659 2019 783 2058 inquiri
799 2018 953 2049 volumus
970 2021 1004 2048 et
1020 2018 1170 2049 districte
1187 2018 1402 2058 precepimus,
1420 2018 1607 2057 expressius
1624 2018 1842 2048 continentes.

466 2062 620 2094 -Dated
636 2064 670 2092 at
688 2062 792 2102 Clyst,
813 2062 831 2092 9
850 2062 927 2092 Feb.

315 2116 363 2142 f01·
423 2116 520 2154 Case
539 2117 579 2154 of
597 2116 760 2153 Assault
779 2129 828 2153 on
849 2116 917 2153 the
938 2115 1051 2165 (late)
1072 2116 1237 2153 Provost
1252 2117 1291 2152 of
1311 2116 1481 2166 Glasney
1497 2129 1507 2163 5
1536 2116 1599 2152 Ad
1617 2115 1846 2153 denuncian-

351 2151 374 2176 b.
1148 2170 1154 2176 .

315 2150 348 2175 ⁵8
478 2171 570 2207 dum
590 2170 795 2207 Robertum
816 2170 901 2207 Hoo
921 2176 1347 2214 eoecommumcatum‚——

421 2224 576 2262 Thomas,
596 2227 667 2262 etc.‚
686 2223 825 2255 officiali
841 2226 952 2254 nostre
971 2223 1147 2254 Peculiaris
1170 2223 1419 2254 Jurisdiccionis
1435 2223 1468 2253 in
1487 2223 1655 2254 Cornubia
1672 2233 1679 2260 ;
1703 2233 1841 2260 necnon,

466 2267 605 2299 officiali
629 2267 860 2298 Archidiaconi
884 2266 1059 2304 Cornubie,
1077 2267 1231 2297 omuibus
1256 2267 1405 2305 Decanis,
1423 2267 1605 2307 ceterisque
1628 2266 1761 2297 Curatis
1784 2276 1842 2306 per

469 2310 784 2342 Archidiaconatum
803 2310 1062 2341 Cornubiensem
1080 2310 1282 2348 constitutis,
1297 2311 1447 2348 salutem,
1463 2309 1713 2340 etc.—Notoria
1728 2312 1762 2339 et
1778 2310 1839 2339 cla-

467 2365 559 2385 mosa
582 2354 697 2394 populi
721 2353 902 2383 insiuuacio
919 2356 953 2383 et·
969 2353 1048 2383 facti
1065 2353 1231 2383 commissi
1256 2353 1437 2383 notorietas
1453 2363 1512 2383 nos
1528 2353 1694 2383 inducunt
1711 2355 1750 2383 ut
1766 2362 1838 2382 con-

466 2402 519 2428 tre.
549 2397 695 2427 notorios
726 2396 899 2435 sacrilegos
925 2406 962 2426 ac
985 2396 1166 2426 Libertatis
1191 2395 1420 2426 Ecclesiastice
1445 2396 1618 2426 violatores
1642 2399 1676 2425 et
1700 2395 1838 2426 Clerico-

465 2450 541 2471 rum
564 2449 771 2480 percussores
795 2439 937 2477 illicitos,
962 2449 1045 2479 quos
1068 2449 1086 2469 a
1108 2439 1183 2479 jure
1206 2440 1508 2469 excommunicatos
1531 2449 1600 2469 esse
1623 2439 1694 2478 ipso
1719 2436 1836 2478 [facto]

464 2493 530 2514 non
547 2483 738 2522 ambigitur,
751 2493 792 2513 ex
805 2482 911 2513 Officii
927 2482 1032 2512 nostri
1044 2482 1167 2519 debito,
1181 2482 1222 2512 ad
1235 2482 1420 2512 animarum
1437 2493 1573 2512 suarum
1589 2481 1836 2519 correeeionem,

463 2526 601 2557 celerius
626 2526 851 2566 procedamus.
898 2525 1099 2562 commissis,
1125 2535 1266 2565 quoque,
1290 2525 1455 2565 gravibus,
1474 2525 1623 2565 publicis,
1643 2527 1678 2554 et
1700 2524 1837 2554 notoriis

464 2570 632 2609 sacrilegio
649 2572 683 2599 et
699 2569 859 2599 violencia
874 2569 961 2598 iufra
976 2571 1070 2608 septa
1086 2571 1120 2598 et
1142 2568 1328 2598 clausuram
1354 2569 1497 2599 Ecclesie
1521 2572 1633 2598 nostre
1658 2567 1836 2606 Collegiate

463 2613 576 2643 Sancti
591 2612 727 2649 Thome,
746 2612 901 2650 Martiris,
921 2611 1093 2651 Glasneye,
1111 2621 1168 2651 per
1184 2611 1350 2651 quendam
1371 2612 1551 2642 Robertum
1573 2611 1653 2648 Hoo,
1671 2610 1835 2648 clericum,

462 2656 599 2686 sathane
615 2655 804 2691 satellitem,
822 2655 889 2694 qui,
907 2655 969 2685 Dei
985 2654 1104 2684 timore
1121 2653 1312 2694 postposito,
1330 2655 1398 2694 jam
1422 2658 1473 2684 est
1488 2665 1506 2684 a
1523 2654 1590 2691 diu,
1607 2654 1641 2684 in
1658 2653 1836 2693 quemdam

462 2699 645 2729 Dominum
663 2697 884 2737 Reginaldum
903 2698 1001 2735 Calle,
1019 2698 1228 2736 Prepositum
1246 2700 1328 2727 tunc
1346 2697 1487 2727 Ecclesie
1503 2697 1691 2737 supradicte
1715 2700 1836 2734 nostre,

461 2742 694 2781 presbiterum,
719 2744 753 2771 et
776 2741 809 2771 in
835 2740 1036 2780 possessione
1060 2739 1305 2771 Presbiteratus
1330 2741 1538 2778 existentem,
1562 2740 1595 2770 in
1620 2750 1695 2769 casu
1721 2749 1738 2768 a
1760 2738 1835 2778 jure

459 2795 525 2815 non
543 2785 709 2824 summisse,
727 2787 852 2814 temere
869 2787 903 2814 et
918 2783 1069 2814 suasione
1086 2783 1244 2813 diabolica
1259 2793 1376 2813 manus
1393 2783 1507 2823 injecit
1524 2782 1693 2820 violentas,
1710 2782 1832 2821 ipsum-

461 2837 525 2867 que
542 2827 627 2866 lesit,
645 2830 680 2858 et
697 2827 877 2857 enormiter
893 2829 925 2857 et
942 2827 1036 2867 quasi
1052 2826 1197 2857 letaliter
1212 2826 1409 2863 vulneravit,
1427 2836 1487 2857 suo
1503 2826 1631 2857 insultu
1650 2824 1833 2862 temerario,
