1987 3062
574 208 930 253 INSTITUTIONS,
970 209 1070 243 ΕΤΟ.
1531 198 1591 246 67

55 313 131 340 AD·
163 314 316 345 —Litera
335 313 600 354 Confirmaciom's
615 314 803 354 hujusmodi
819 313 1048 352 Eleon-ionis,—

55 348 148 373 1380-1
153 367 159 373 .

54 381 118 406 Vol.

53 415 94 440 ΙΙ.

64 1881 115 1908 fol.

167 358 321 397 Thomas,
346 361 417 396 etc„
444 358 551 388 Fratri
575 358 702 388 Thome
731 358 905 398 Cullynge‚
930 361 1003 396 etc,
1027 358 1181 396 salutem,
1206 358 1462 389 etc—Vacante
1486 361 1592 397 nuper

212 401 412 432 Mouasterio
428 401 598 432 antedicto
615 412 672 441 per
689 404 830 431 mortem
848 402 972 432 Fratris
996 402 1157 442 Stephani
1174 403 1214 431 de
1234 402 1463 442 Langhedone,
1481 401 1593 431 ultimi

208 445 348 476 Abbatis
364 445 526 484 ejusdem,
545 445 756 485 Pastorisque
779 445 898 475 solacio
922 446 1096 483 destitute,
1115 448 1190 485 post
1214 445 1352 485 petitam
1371 445 1536 475 instanter
1560 448 1594 474 et

208 489 345 518 demum
362 491 534 528 optentam
553 488 737 518 Licenciam
756 488 892 527 Regiam
909 489 1012 519 alium
1029 489 1199 529 ydoneum
1217 489 1324 519 eidem
1343 488 1543 518 Monasterio
1560 488 1593 518 in

208 532 374 563 Abbatem
398 531 539 571 eligendi
564 534 598 562 et
624 532 803 570 Pastorem,
829 532 1102 572 congregatisque
1125 532 1158 562 in
1186 533 1292 562 Domo
1317 532 1501 572 Capitulari
1526 542 1595 571 pre-

209 576 290 606 dicti
318 575 520 613 Monasterii,
549 575 602 605 die
630 576 668 605 ad
700 575 904 606 Eleccionem
937 575 1132 615 hujusmodi
1159 575 1390 606 celebrandam
1418 575 1593 615 assignata,

209 619 322 649 Priore
339 621 372 649 et
389 618 559 648 Monachis
575 618 726 659 ejusdem
745 618 937 649 Monasterii
954 619 1010 659 qui
1028 619 1222 659 hujusmodi
1248 618 1412 649 Eleccioni
1436 619 1595 648 interesse

209 663 404 700 debuerant,
422 665 455 692 et
471 662 512 692 de
528 662 635 692 forma
652 662 832 692 Eleccionis
849 662 1000 702 ejusdem
1017 662 1194 702 diligenter
1210 662 1443 700 tractantibus,
1457 662 1594 692 tandem

210 705 336 746 placuit
359 705 416 743 eis,
442 705 597 735 omnibus
621 708 656 736 et
679 704 827 745 singulis,
846 706 885 735 ad
906 706 1113 736 Eleccionem
1129 706 1237 736 futuri
1264 705 1403 736 Abbatis
1427 716 1484 746 per
1508 705 1594 736 viam

210 749 385 789 procedere
404 748 633 789 compromissi
650 759 657 786 ;
674 751 719 787 et,
738 749 991 789 subsequenter,
1009 753 1154 789 quatuor
1169 760 1210 780 ex
1225 749 1324 780 certis
1343 749 1597 779 Commonachis

212 793 316 833 ipsius
334 792 581 831 Monaste1·ii‚in
597 802 680 832 quos
697 792 839 832 eligendi
854 792 918 823 sibi
935 793 1099 823 Abbatem
1120 793 1212 823 Prior
1228 795 1262 824 et
1280 792 1432 823 Monachi
1445 792 1597 832 ejusdem

213 836 404 867 Monasterii
431 836 649 866 contulerunt
675 836 878 866 unanimiter
910 839 1120 876 potestatem,
1150 840 1182 866 te
1210 836 1244 866 in
1270 846 1386 866 eorum
1417 836 1596 874 Abbatem,

210 880 309 921 juxta
326 879 467 909 formam
491 879 555 909 sibi
578 879 746 917 traditam,
765 879 947 918 elegerunt,
962 882 996 910 et
1013 880 1227 919 postmodum
1255 880 1460 910 Eleccionem
1478 878 1596 919 hujus-

213 923 303 954 modi
319 923 423 961 nobis,
442 933 499 962 per
516 923 748 953 Procuratores
761 933 838 953 suos
854 923 889 952 in
906 923 966 953 hac
983 926 1086 963 parte,
1100 926 1347 963 presentarunt,
1363 923 1469 963 ipsam
1483 926 1596 963 peten-

212 970 264 998 tes
280 966 453 997 humiliter
466 976 523 1006 per
534 976 593 996 nos
607 966 705 996 velud
719 966 917 996 canonicam
930 966 1125 997 confirmari.
1166 967 1244 1005 Nos,
1259 977 1345 1004 vero,
1359 977 1400 997 ne
1414 977 1470 1006 per
1482 977 1596 1006 repen-

213 1011 320 1041 tinam
349 1009 659 1047 confirmacionem,
689 1012 805 1040 contra
835 1010 1022 1040 doctrinam
1054 1010 1217 1050 Apostoli,
1252 1010 1351 1040 nimis
1382 1010 1447 1040 cito
1479 1020 1599 1040 manus

215 1055 329 1084 Electo
345 1063 519 1093 apponere,
534 1053 585 1083 vel
601 1053 643 1083 ab
659 1053 855 1093 hujusmodi
872 1053 1054 1084 Eleccionis
1069 1053 1255 1084 indiscusso
1272 1054 1406 1093 negocio
1424 1054 1599 1093 procedere

214 1098 404 1128 videremur
419 1107 428 1134 ;
446 1096 615 1136 premissa,
634 1099 672 1127 ut
688 1100 738 1127 est
755 1097 865 1135 moris,
879 1097 1030 1127 omnium
1045 1107 1189 1137 quorum
1201 1097 1352 1135 interest,
1366 1097 1470 1137 quise
1483 1100 1599 1128 contra

214 1141 420 1172 Eleccionem
445 1139 641 1180 hujusmodi
666 1140 716 1170 vel
747 1140 853 1170 Electi
874 1151 1048 1180 personam
1071 1151 1236 1181 opponere
1261 1141 1394 1179 vellent,
1419 1141 1598 1181 proclama-

213 1185 305 1216 cione
322 1183 453 1224 publica
470 1188 505 1214 et
520 1183 692 1224 solempni,
710 1184 974 1224 examinatisque
990 1184 1078 1214 dicte
1104 1184 1283 1214 Eleccionis
1301 1183 1459 1215 Processu
1478 1188 1511 1214 et
1527 1195 1598 1224 per·

214 1239 294 1259 sona
318 1227 379 1266 tui,
398 1227 504 1258 Electi
528 1226 725 1268 hujusmodi
740 1238 748 1264 ;
773 1227 851 1267 quia
875 1228 1000 1258 dictam
1018 1228 1225 1258 Eleccionem
1242 1228 1430 1258 invenimus
1448 1228 1550 1258 fuisse
1567 1231 1601 1258 et

215 1283 284 1302 esse
302 1271 467 1302 Canonice
478 1271 689 1309 celebratam,
708 1271 984 1301 concurrentibus
1001 1271 1157 1301 omnibus
1174 1275 1208 1301 et
1224 1271 1364 1311 singulis
1380 1271 1414 1302 in
1431 1271 1492 1302 hac
1506 1274 1600 1311 parte

216 1316 256 1346 de
272 1315 347 1355 jure
363 1314 543 1355 requisitis,
560 1317 756 1354 servatoque
773 1324 873 1354 super
890 1314 953 1344 hiis
976 1315 1134 1345 Processu
1153 1315 1311 1354 legitimO,
1329 1315 1467 1345 eandem
1485 1318 1600 1345 aucto-

215 1359 315 1389 ritate
338 1362 452 1388 nostra
475 1358 656 1388 Diocesana
679 1357 972 1394 confirmavimus;
997 1358 1038 1388 de
1056 1357 1216 1397 Licencia,
1234 1361 1357 1396 tamen,
1390 1382 1397 1390 .
1431 1381 1437 1389 .
1474 1382 1481 1390 .
1515 1359 1600 1389 Lon-

216 1401 384 1432 doniensis
396 1401 560 1441 Episcopi,
574 1401 669 1431 nobis
685 1401 720 1431 in
736 1401 797 1431 hac
810 1404 904 1441 parte
920 1401 1103 1440 commissa,
1116 1401 1203 1432 sicut
1214 1405 1248 1432 et
1258 1404 1374 1432 tenore
1388 1402 1601 1432 Presencium

217 1445 476 1481 confirmamus;
501 1454 625 1482 curam,
649 1445 805 1484 regimen,
824 1455 860 1474 ac
876 1444 1101 1484 spiritualium
1127 1448 1160 1475 et
1183 1445 1419 1485 temporalium
1438 1445 1598 1476 adminis-

218 1488 398 1520 tracionem
416 1487 536 1528 prefati
555 1487 744 1518 Monasterii
762 1488 833 1526 tibi,
854 1488 967 1519 Electo
984 1488 1142 1527 predictO,
1157 1488 1259 1518 habili
1276 1489 1317 1519 ad
1335 1489 1396 1519 hoc
1412 1491 1446 1519 et
1461 1489 1602 1529 ydoneo,

217 1532 258 1563 de
273 1531 423 1571 legitimo
439 1531 537 1562 thoro
560 1534 741 1570 procreato,
765 1531 799 1561 in
824 1534 913 1562 etate
936 1531 1085 1570 legitima
1109 1532 1303 1571 constituto,
1321 1532 1354 1562 in
1371 1532 1603 1572 spiritualibus

218 1579 252 1606 et
268 1574 507 1615 temporalibus
523 1574 772 1614 circumspecto,
797 1574 829 1605 in
855 1575 1000 1605 Domino
1024 1575 1300 1612 committentes3
1324 1575 1419 1606 firma
1442 1578 1602 1616 concepta

217 1618 338 1650 fiducia
353 1618 443 1659 quod
459 1618 548 1648 idem
565 1618 815 1656 Mmmsterium,
833 1628 891 1658 per
906 1621 965 1648 tue
978 1618 1150 1658 vigilancie
1167 1619 1319 1649 studium
1335 1622 1370 1650 et
1386 1619 1602 1659 circumspec-

217 1662 319 1694 cionis
342 1661 555 1699 industriam,
572 1671 590 1691 a
607 1661 701 1702 lapsu
725 1671 826 1701 quem
849 1662 890 1692 ad
915 1672 1059 1701 presens,
1077 1662 1283 1702 prochdolor,
1301 1662 1447 1693 sustinet
1462 1663 1602 1694 faculta-

217 1709 293 1737 tum
309 1705 495 1745 respirabit,
515 1707 548 1735 et
565 1715 584 1735 a
600 1705 706 1736 noxiis
718 1705 965 1745 preservabitur
981 1708 1015 1736 et
1031 1705 1184 1736 adversis.
1234 1706 1273 1736 In
1292 1716 1434 1746 quorum
1451 1707 1602 1737 omnium

215 1749 448 1780 testimonium
475 1747 621 1788 sigillum
652 1752 807 1779 nostrum
832 1748 896 1779 hiis
923 1749 1082 1780 duximus
1107 1750 1492 1789 apponendum.-Data
1516 1750 1601 1781 Lon-

217 1792 334 1832 doniis,
362 1792 426 1833 xij0
452 1792 505 1823 die
530 1792 653 1823 mensis
681 1791 861 1831 Februarii,
886 1792 994 1831 Anno,
1020 1795 1081 1823 etc.
1110 1793 1243 1832 lxxxm,
1269 1796 1303 1824 et
1335 1793 1603 1825 Consecracionis

216 1839 329 1868 nostre
345 1835 429 1877 xjm0.

173 1879 417 1911 —Momdatum
433 1878 477 1910 ad
492 1878 713 1910 inducendum
730 1882 758 1910 et
774 1879 1064 1919 installandum‚—

64 1915 126 1943 ὂψ·
171 1924 325 1962 Thomas,
338 1926 411 1962 etc.‚
426 1922 665 1953 Archidiacono
675 1925 789 1953 nostro
800 1922 964 1962 Tottonie,
977 1923 1028 1954 vel
1039 1922 1112 1964 ejus
1124 1922 1272 1961 Officiali,
1284 1923 1436 1963 salutem,
1448 1924 1602 1964 graciam,

215 1971 250 1998 et
265 1966 740 1998 benediccionem—Vacante
755 1976 863 2006 nuper
887 1967 1087 1997 Monasterio
1103 1967 1332 2007 Tavystochie,
1349 1970 1423 2006 etc.,
1442 1978 1499 2008 per
1515 1978 1603 1998 mor-

217 2014 286 2042 tem
302 2011 429 2041 Fratris
446 2009 608 2050 Stephani
626 2010 667 2040 de
681 2009 913 2049 Langhedone,
927 2010 1039 2041 ultimi
1056 2010 1197 2041 Abbatis
1214 2009 1375 2050 ejusdem,
1390 2011 1604 2052 Pastorisque

216 2054 348 2093 solacio,
379 2057 451 2092 etc„
481 2057 521 2084 ut
552 2064 653 2094 supra
682 2063 789 2093 usque
821 2053 920 2084 verba
951 2054 1154 2085 unanimiter
1178 2058 1370 2094 potestatem,
1398 2054 1602 2094 Religiosum

216 2098 339 2136 virum,
370 2098 522 2128 Fratrem
545 2097 709 2127 'rhomam
733 2096 909 2137 Cullynge,
937 2097 1058 2137 prefati
1082 2097 1277 2128 Monasterii
1302 2098 1601 2137 Commonachum,

215 2144 287 2179 etc.‚
308 2144 348 2172 ut
363 2151 463 2181 supra
480 2150 586 2180 usque
602 2140 703 2171 verba
720 2140 872 2171 Processu
888 2144 916 2171 et
928 2151 1066 2180 persona
1082 2141 1223 2181 predicti
1240 2141 1365 2177 Electi;
1385 2142 1463 2182 quia
1479 2143 1604 2173 dictam

218 2185 425 2216 Eleccionem
442 2184 632 2214 invenimus
649 2183 752 2214 fuisse
775 2185 810 2214 et
832 2194 914 2222 esse,
933 2187 1006 2223 etc„
1032 2187 1071 2215 ut
1094 2195 1194 2224 supra
1217 2195 1324 2225 usque
1341 2185 1441 2216 verba
1456 2185 1546 2217 nobis
1567 2188 1605 2216 in

216 2228 276 2260 Ῐιαο
287 2232 381 2268 pao-te
397 2228 560 2259 commissa
574 2237 583 2264 3
607 2237 731 2265 curam,
748 2226 905 2266 regimen,
922 2238 959 2258 ac
975 2227 1200 2268 spiritualium
1224 2231 1259 2259 et
1281 2229 1520 2269 temporalium
1544 2230 1601 2260 ad-

217 2271 498 2303 ministracionem
516 2271 625 2302 eidem
645 2270 757 2300 Electo
781 2271 941 2310 predicto,
958 2271 1073 2309 habili,
1093 2274 1166 2309 etc„
1187 2281 1293 2312 usque
1310 2273 1450 2303 verbum
1466 2275 1604 2304 commit-

216 2320 321 2347 tentes.
371 2314 531 2354 Quocirca
555 2314 647 2345 vobis
671 2314 915 2345 committimus
939 2317 973 2345 et
995 2315 1203 2354 mandamus,
1222 2315 1362 2346 firmiter
1378 2316 1603 2356 injungentes,

216 2359 375 2400 quatinus
391 2359 536 2389 eundem
561 2358 726 2388 Abbatem
749 2357 783 2387 in
808 2358 1009 2398 corporalem
1034 2358 1272 2398 possessionem
1296 2359 1448 2399 ejusdem
1472 2360 1604 2391 Monas-

215 2402 301 2441 terii,
319 2412 395 2432 cum
412 2401 481 2432 suis
496 2401 629 2442 juribus
645 2403 680 2432 et
696 2400 910 2441 pertinenciis
921 2401 1084 2432 universis
1100 2402 1140 2432 ad
1158 2401 1325 2433 Abbatem
1342 2403 1423 2433 dicti
1441 2403 1519 2434 Loci
1532 2414 1605 2444 per-

217 2445 417 2482 tinentibus,
435 2445 612 2481 inducatis,
632 2447 667 2475 et
684 2444 821 2475 stallum
837 2444 900 2475 sibi
916 2445 1069 2475 debitum
1094 2445 1278 2485 assignetis,
1295 2449 1471 2486 ceteraque
1494 2447 1606 2477 omnia

218 2493 252 2520 et
268 2489 399 2528 singula
414 2488 448 2519 in
465 2488 527 2519 hac
543 2491 637 2528 parte
661 2487 842 2518 necessaria
865 2491 900 2518 et
923 2488 957 2518 in
981 2488 1210 2519 consimilibus
1227 2493 1386 2520 consueta
1403 2490 1511 2521 eidem
1534 2490 1605 2521 fieri

219 2533 356 2563 faciatis.
404 2532 449 2562 Et
465 2532 547 2572 quid
563 2531 708 2562 feceritis
724 2530 757 2561 in
776 2531 943 2570 premissis
967 2542 1036 2571 nos,
1061 2531 1257 2572 hujusmodi
1280 2533 1414 2573 negocio
1438 2534 1604 2573 expedito,

219 2586 296 2607 cum
312 2586 369 2616 per
385 2578 515 2616 partem
532 2575 653 2615 prefati
669 2574 811 2605 Abbatis
827 2585 971 2615 congrue
993 2585 1093 2615 super
1117 2575 1176 2606 hec
1200 2575 1332 2606 fueritis
1356 2577 1519 2617 requisiti,
1538 2588 1604 2608 cer-

219 2619 353 2650 tificetis
380 2629 438 2658 per
466 2619 595 2649 Literas
620 2621 746 2649 vestras
775 2621 937 2658 patentes,
962 2618 1082 2649 harum
1110 2619 1228 2649 seriem
1253 2620 1474 2659 continentes,
1498 2621 1606 2660 sigillo

221 2663 323 2693 vestri
339 2662 446 2693 Officii
463 2662 623 2693 veraciter
639 2661 1037 2700 consignatas—Datum
1056 2662 1246 2701 Londoniis,
1266 2666 1305 2693 ut
1321 2673 1357 2693 su
1365 2674 1431 2702 pra.

178 2706 305 2745 Postea,
323 2705 466 2746 septimo
482 2705 610 2736 decimo
626 2705 679 2735 die
697 2704 779 2736 dicti
795 2705 917 2736 mensis
935 2705 1118 2744 Februarii,
1135 2706 1291 2737 videlicet
1308 2705 1370 2736 Die
1387 2706 1562 2737 Dominica
1573 2707 1606 2737 in

221 2749 440 2789 Sexagesima,
457 2749 635 2786 Dominus,
661 2749 695 2779 in
721 2747 855 2788 Capella
878 2759 938 2779 sua
961 2749 1002 2779 de
1027 2749 1232 2787 Farendone,
1255 2750 1505 2789 Wyntoniensis
1529 2750 1606 2780 Dio-

220 2793 311 2831 cesis,
330 2792 455 2823 virtute
473 2792 722 2823 Commissionis
735 2791 934 2832 subscripta,
949 2792 1121 2823 benedixit
1139 2793 1305 2823 Abbatem
1322 2793 1508 2832 predictum
1523 2804 1532 2830 ;
1549 2793 1607 2833 qui

217 2834 346 2875 juravit
362 2834 608 2875 Obedienciam,
625 2838 665 2867 ut
681 2834 910 2876 subsequitur,
928 2838 963 2867 et
984 2835 1113 2868 Literas
1128 2835 1249 2867 habuit
1265 2836 1328 2867 sub
1343 2836 1407 2867 hiis
1423 2836 1587 2876 verbis,—

211 2879 257 2927 F2
