1987 3062
296 212 389 256 312

294 325 370 352 A.D.

295 359 369 386 1373.

292 392 357 419 Vol.
378 393 402 420 Ι.

491 224 590 257 THE
624 225 866 259 REGISTER
901 224 962 258 OF
994 224 1172 260 BISHOP
1203 227 1613 262 BRANTYNGHAM.

450 328 645 370 hujusmodi
661 330 918 361 denunciacione
935 341 999 362 non
1016 334 1181 363 cessantes
1197 343 1371 373 quousque
1387 333 1479 364 aliud
1494 343 1512 363 a
1523 333 1616 364 nobis
1629 331 1818 373 receperitis

449 372 483 403 in
514 373 692 404 mandatis.
741 375 963 414 Inquirentes,
990 375 1235 413 nichilominus,
1265 376 1478 416 singulariter
1506 380 1541 407 et
1571 377 1604 407 in
1632 377 1748 416 specie,
1780 376 1820 406 de

449 417 640 447 nominibus
666 420 701 448 et
727 418 979 457 cognominibus
1005 418 1275 458 delinquencium
1305 419 1511 450 consciorum
1540 423 1601 451 aut
1630 419 1819 459 aliqualiter

445 460 660 499 culpabilium
679 460 712 490 in
729 461 907 500 premissis.
953 461 1007 499 Et,
1024 461 1052 492 si
1067 472 1150 502 quos
1166 462 1250 493 tales
1265 472 1323 502 per
1346 463 1602 503 Inquisicionem
1625 461 1819 502 hujusmodi

445 503 650 540 inveneritis,
674 503 792 539 citetis,
817 507 889 541 etc,
914 504 1045 534 eosdem
1070 505 1159 545 quod
1183 509 1396 545 compareant
1419 516 1527 536 coram
1552 506 1689 538 Officiali
1705 508 1820 536 nostro

447 546 633 585 Principali,
665 551 726 577 aut
756 547 952 578 Consistorii
986 548 1092 578 nostri
1127 549 1321 579 Presidente
1358 559 1578 589 quocumque,
1609 549 1643 579 in
1677 548 1821 579 Ecclesia

448 589 640 620 Cathedrali
664 590 798 628 Exonie,
815 590 870 630 iijo
885 591 939 621 die
961 591 980 622 J
986 591 1112 621 uridico
1136 592 1277 631 proximi
1303 592 1495 623 Consistorii
1517 603 1536 622 a
1562 592 1616 622 die
1643 591 1822 623 Citacionis

446 635 556 663 vestre
586 636 752 670 secutum,
784 643 884 673 super
914 634 1081 673 premissis
1111 637 1146 665 et
1176 645 1213 665 ea
1243 635 1529 672 concernentibus,
1560 635 1602 665 ad
1632 635 1821 665 animarum

445 686 582 706 suarum
604 676 843 707 correccionem
867 677 991 707 eisdem
1015 688 1055 707 ex
1079 677 1194 709 Officio
1216 681 1331 709 nostro
1354 678 1534 709 obiciendis
1557 682 1592 708 et
1607 678 1821 718 exponendis,

445 718 577 749 divisim
600 720 798 759 responsuri,
823 723 859 750 et
881 720 923 750 de
945 721 1088 751 veritate
1110 721 1250 751 dicenda
1276 722 1495 761 personaliter
1520 721 1679 761 juraturi,
1706 720 1819 751 ulteri-

445 772 551 802 usque
567 763 690 793 facturi
706 766 740 793 et
756 763 924 803 recepturi
940 764 1030 803 quod
1046 764 1080 794 in
1097 764 1158 795 hac
1173 769 1267 804 parte
1282 765 1455 795 Canonicis
1467 765 1623 795 convenit
1637 763 1822 801 institutis,

445 808 480 836 et
510 805 551 835 ad
582 806 771 836 animarum
802 817 938 837 suarum
970 807 1209 838 correccionem
1240 808 1425 839 dinoscitur
1455 808 1633 847 pertinere.
1680 807 1819 837 Absolu-

443 849 581 886 cionem,
605 859 691 887 vere,
717 850 867 880 omnium
890 855 925 880 et
947 850 1155 890 singulorum
1179 851 1237 891 qui
1266 852 1432 891 prefatam
1457 850 1820 882 Excommunicacionis

444 891 580 932 Majoris
597 893 808 923 Sentenciam
826 893 1028 924 incurrerint
1044 904 1177 934 quoquo
1194 895 1302 933 modo,
1319 895 1414 925 nobis
1435 905 1588 934 expresse
1610 899 1646 926 et
1668 897 1818 937 tantum.-

444 935 542 965 modo
559 945 776 975 reservamus,
793 939 898 968 etc.——
906 937 1014 968 Dated
1029 942 1065 967 at
1083 937 1187 978 Clyst,
1206 938 1245 968 26
1263 938 1354 978 Sept.

400 989 609 1027 Tavistock
638 990 788 1040 Abbey,
821 990 1031 1028 Visitation
1061 992 1102 1028 of
1117 1005 1128 1038 3
1167 992 1367 1029 Decretum
1397 992 1638 1029 Visitacz'om's
1668 992 1820 1029 illonas-

455 1043 544 1080 terii
574 1044 887 1092 Tavystochie‚——

400 1097 552 1135 Thomas,
578 1100 650 1135 etc,
670 1098 794 1128 Abbati
818 1101 853 1129 et
878 1098 1067 1129 Conventui
1094 1099 1288 1130 Monasterii
1313 1099 1542 1140 Tavystochie,
1569 1102 1643 1137 etc,
1666 1099 1819 1136 salutem,

295 2306 341 2332 sol.
357 2305 416 2332 4012.

442 1151 518 1170 cum
535 1141 643 1180 gracia
661 1141 843 1180 professam
860 1142 1020 1181 Regulam
1039 1142 1462 1182 observandi.—Preceptis
1486 1143 1688 1174 salutaribus
1704 1142 1818 1173 incita-

443 1194 519 1213 mur
545 1186 580 1214 et
608 1184 744 1214 monitis
771 1187 821 1219 ut,
849 1195 908 1224 pro
935 1185 1042 1224 Grege
1069 1185 1164 1215 nobis
1194 1186 1322 1216 credito
1349 1186 1534 1226 vigilantes,
1562 1186 1757 1217 insolencias
1787 1189 1822 1216 et

441 1237 577 1263 errores,
606 1227 778 1266 potissime
803 1227 892 1258 inter
920 1228 1108 1268 Religiosos,
1137 1229 1312 1260 retroactis
1336 1230 1469 1260 molitos
1496 1229 1714 1269 temporibus,
1742 1239 1819 1259 cnm

442 1273 559 1300 exacta
580 1270 763 1310 diligencia,
788 1281 1020 1311 expurgemus.
1068 1272 1126 1310 Ut,
1144 1272 1256 1312 igitur,
1281 1272 1433 1303 defectus
1456 1273 1619 1312 comperti
1641 1273 1674 1303 in
1699 1272 1820 1303 Visita-

442 1313 536 1344 cione
562 1317 676 1344 nostra
706 1314 837 1344 dudum
868 1314 901 1344 in
930 1315 1133 1345 Monasterio
1159 1315 1310 1354 predicto
1339 1326 1397 1355 per
1428 1326 1486 1346 nos
1517 1316 1671 1354 exercita,
1700 1315 1822 1346 Divina

441 1356 631 1396 opitulante
657 1357 844 1395 clemencia,
873 1358 906 1388 in
933 1358 1052 1388 melius
1079 1358 1315 1395 reformentur,
1348 1359 1558 1396 Moniciones,
1588 1360 1756 1399 Precepta,
1785 1362 1820 1389 et

443 1400 603 1430 Mandata
625 1400 839 1440 infrascripta
862 1401 954 1431 vobis
977 1401 1154 1432 indicimus
1178 1412 1236 1441 per
1260 1402 1444 1441 Presentes,
1461 1403 1524 1433 sub
1546 1403 1821 1433 interminacione

443 1443 686 1474 maledicci‹›nis
710 1447 835 1482 eterne,
861 1447 1028 1484 quatenus
1051 1455 1108 1475 vos
1124 1445 1332 1485 conjunctim
1357 1456 1416 1476 seu
1443 1446 1573 1476 divisim
1602 1450 1817 1484 concernunt,

442 1486 583 1517 firmiter
609 1487 1037 1527 observanda.—Inprimis,
1065 1488 1188 1528 itaque,
1214 1489 1307 1519 vobis
1334 1489 1535 1529 precipimus
1562 1492 1597 1520 et
1620 1489 1818 1519 mandamus

442 1530 602 1570 quatinus
627 1530 787 1560 Divinum
813 1530 977 1568 Officium,
1004 1531 1163 1562 diurnum
1189 1532 1314 1571 pariter
1336 1535 1371 1563 et
1394 1535 1608 1570 nocturnum,
1632 1532 1721 1563 horis
1744 1543 1817 1563 cou-

442 1573 533 1613 gruis
549 1577 675 1603 etcum
692 1574 871 1604 devocione
894 1574 1017 1613 debita,
1042 1578 1242 1614 peragatur;
1266 1579 1300 1605 et
1323 1576 1422 1616 quod,
1447 1579 1560 1615 spreta
1582 1585 1713 1606 exnunc
1736 1586 1817 1616 qua-

442 1617 526 1647 libet
542 1617 736 1656 evagacione
752 1617 866 1648 inutili
882 1620 917 1648 et
933 1618 1084 1648 discursu
1103 1619 1274 1658 Regularis
1289 1619 1517 1655 observande,
1534 1622 1603 1650 tam
1621 1619 1654 1649 in
1670 1619 1817 1659 jejuniis,

443 1660 571 1699 vigiliis,
596 1660 739 1698 silencio,
763 1664 798 1691 et
822 1661 1038 1699 oracionibus,
1063 1671 1162 1701 quam
1194 1662 1266 1692 aliis
1289 1672 1354 1702 que
1376 1662 1417 1692 ad
1443 1665 1595 1692 vestram
1613 1662 1818 1702 Religionem

443 1703 627 1733 secundum
652 1703 812 1743 Regulam
837 1704 950 1734 Sancti
974 1704 1147 1735 Benedicti
1170 1705 1351 1744 pertinent,
1375 1716 1394 1735 a
1418 1705 1510 1736 vobis
1534 1705 1687 1736 omnibus
1711 1706 1820 1736 obser-

444 1750 562 1783 vetur3
595 1749 630 1777 et
660 1746 750 1786 quod
781 1757 942 1777 numerus
972 1752 1160 1785 consuetus,
1192 1748 1376 1778 secundum
1410 1749 1602 1779 Monasterii
1631 1749 1819 1787 facultates,

443 1789 702 1829 redintegretur,
719 1790 762 1820 ad
787 1790 847 1820 Dei
870 1790 1008 1829 gloriam
1032 1794 1068 1821 et
1090 1790 1403 1829 honorem—Item,
1422 1792 1609 1822 districcius
1628 1791 1819 1822 inhibemus

444 1843 487 1863 ne
504 1833 578 1872 quis
594 1836 757 1869 vestrum,
774 1832 807 1863 in
827 1833 859 1862 M
862 1834 1028 1864 onasterio
1044 1834 1096 1864 vel
1111 1834 1190 1864 alibi
1213 1834 1397 1865 incedendo
1414 1835 1465 1865 vel
1488 1835 1679 1875 equitando,
1696 1835 1819 1866 tunicis

443 1878 563 1906 utatur
589 1875 756 1906 botenatis
783 1876 967 1915 capuciisve
993 1877 1206 1914 secularibus,
1232 1880 1293 1907 aut
1320 1878 1421 1908 ocreis
1448 1878 1500 1908 vel
1524 1878 1727 1909 sotularibus
1751 1889 1818 1909 ros-

444 1919 554 1956 tratis,
584 1922 644 1949 aut
673 1919 949 1950 lintheaminibus
982 1920 1032 1950 vel
1062 1920 1203 1950 camisiis
1238 1920 1344 1958 lineis,
1376 1921 1418 1951 de
1453 1921 1506 1951 die
1544 1921 1596 1951 vel
1631 1921 1672 1951 de
1710 1925 1817 1959 nocte,

445 1972 503 1992 seu
540 1962 604 1992 alio
642 1972 855 2002 quocumque
892 1962 1010 1993 habitu
1048 1963 1240 1999 indece1iti;
1279 1974 1339 1994 nec
1368 1964 1487 2004 aliquis
1519 1964 1700 1995 Monachus
1730 1965 1819 1995 dicte

445 2006 582 2043 Domus,
611 2005 796 2035 Senescallo
822 2008 857 2036 et
886 2006 1024 2036 Cellario
1054 2006 1234 2037 dumtaxat
1264 2007 1420 2047 exeeptis,
1447 2010 1543 2038 extra
1568 2010 1663 2048 septa
1690 2008 1818 2038 Monas-

445 2049 522 2079 terii
544 2048 614 2078 sine
637 2048 733 2086 socio,
756 2048 820 2078 nisi
843 2049 950 2088 petita
974 2049 1160 2089 Superioris
1181 2049 1316 2080 licencia
1343 2053 1379 2081 et
1403 2054 1552 2090 optenta,
1580 2054 1686 2089 exeat,
1710 2061 1819 2091 neque

445 2101 521 2122 cum
552 2091 748 2122 mulieribus
775 2092 1033 2129 confabuletur3
1064 2096 1116 2123 set
1145 2093 1238 2123 libris
1269 2096 1304 2124 et
1333 2094 1542 2133 regularibus
1568 2094 1815 2125 insci-macioni-

446 2135 516 2173 bus,
540 2134 572 2164 in
591 2135 746 2172 Ecclesia,
768 2135 931 2172 Claustro,
949 2138 983 2166 et
999 2135 1072 2166 aliis
1088 2136 1166 2166 locis
1182 2136 1225 2166 ad
1241 2136 1303 2167 hoc
1318 2137 1500 2176 deputatis,
1517 2137 1674 2168 intendat
1690 2140 1818 2178 tempo-

448 2178 541 2208 ribus
564 2177 686 2208 debitis
710 2181 744 2208 et
767 2179 1108 2218 oportunis—Vobis,
1126 2180 1238 2217 eciam,
1263 2180 1326 2210 sub
1348 2190 1434 2220 pena
1458 2181 1820 2211 Excommunicacionis

446 2220 592 2261 Majoris,
617 2221 825 2261 injungimus
856 2222 1015 2261 quatinus
1046 2232 1186 2260 exnunc,
1211 2226 1282 2253 tam
1312 2223 1346 2253 in
1373 2223 1465 2254 victu
1496 2234 1596 2264 quam
1627 2224 1662 2254 in
1692 2224 1819 2255 vestitu

447 2265 480 2294 in
505 2264 674 2294 communi
697 2268 733 2294 et
759 2264 800 2295 de
827 2265 996 2295 communi
1022 2265 1170 2303 uniatis;
1197 2266 1245 2296 ita
1269 2266 1360 2306 quod
1385 2267 1564 2306 unicuique
1590 2267 1819 2298 distribuatur

451 2311 551 2347 prout
576 2318 658 2347 opus
682 2307 787 2338 fuerit
809 2308 841 2338 in
871 2309 1153 2348 premissis—Et,
1171 2309 1322 2349 quolibet
1345 2309 1406 2348 die,
1424 2310 1524 2341 simul
1547 2320 1671 2347 omnes,
1688 2310 1740 2340 vel
1756 2311 1816 2340 sal·

446 2355 517 2382 tem
533 2351 598 2381 due
617 2354 738 2390 partes,
754 2354 815 2381 aut
831 2351 939 2391 major
961 2362 1037 2391 pars
1054 2355 1214 2390 vestrum,
1231 2353 1265 2382 in
1282 2353 1470 2383 Refectorio
1491 2353 1682 2392 comedatis,
1704 2353 1816 2393 ibique

448 2395 481 2424 in
496 2404 609 2424 mensa
621 2395 831 2434 Scripturam
845 2395 977 2425 Sacram
991 2395 1064 2435 legi,
1077 2395 1176 2435 juxta
1185 2396 1309 2426 dictam
1324 2396 1494 2435 Regulam,
1505 2396 1635 2427 faciatis
1648 2407 1654 2434 ;
1670 2407 1816 2427 cameras

447 2441 575 2468 vestras
592 2437 754 2468 hactenus
770 2437 912 2468 usitatas
928 2438 1062 2477 penitus
1085 2435 1313 2478 relinquendo.
1362 2440 1405 2470 Et
1428 2450 1494 2475 vos,
1513 2440 1633 2478 Abbas,
1651 2443 1700 2475 ut,
1716 2440 1815 2479 juxta

449 2480 628 2511 Salvatoris
645 2480 784 2518 dictum,
801 2481 991 2520 exemplum
1008 2481 1079 2511 aliis
1095 2481 1192 2519 detis,
1209 2485 1249 2512 ut
1266 2482 1547 2521 quemadmodum
1564 2493 1622 2513 vos
1637 2482 1746 2513 facitis
1769 2482 1817 2513 illi

447 2524 581 2561 faciant,
599 2524 632 2553 in
649 2524 849 2561 Refectoris),
868 2524 1025 2563 quociens
1040 2524 1214 2554 commode
1230 2525 1391 2564 poteritis,
1409 2526 1528 2556 saltem
1541 2526 1659 2556 diebus
1674 2525 1814 2565 piscium

447 2567 628 2598 comedatis
646 2578 652 2604 3
677 2572 711 2597 et
727 2577 804 2597 cum
819 2567 943 2597 eisdem
960 2567 993 2597 in
1008 2567 1220 2606 Dormitorio,
1239 2568 1402 2606 similiter,
1419 2569 1544 2608 absque
1560 2569 1654 2599 lineis
1666 2568 1812 2608 jaceatis,

446 2621 483 2640 ac
500 2609 677 2640 Monachos
694 2614 830 2647 vestros,
848 2610 988 2641 vestitos
1004 2613 1039 2640 et
1055 2611 1189 2648 cinctos,
1203 2611 1380 2650 quiescere,
1398 2614 1433 2642 et
1448 2612 1577 2642 debitas
1594 2612 1813 2642 correcciones

447 2654 481 2684 in
517 2653 680 2692 Capitulo,
715 2653 871 2693 precipue
902 2653 1011 2693 quoad
1034 2653 1262 2684 inobedientes
1292 2657 1328 2684 et
1350 2655 1548 2685 discordiam
1571 2655 1660 2686 inter
1681 2655 1814 2685 Fratres

446 2696 659 2734 seminante&
687 2696 758 2726 sine
788 2706 1006 2736 personarum
1033 2696 1233 2736 accepcione,
1262 2697 1371 2727 facere
1394 2698 1568 2735 studeatis,
1596 2703 1696 2738 prout
1724 2698 1812 2729 Ordo

446 2740 650 2769 Monasticus
671 2739 775 2778 exigit
797 2742 832 2769 et
855 2740 1152 2779 requirit—Item,
1172 2740 1372 2771 Sanctorum
1390 2741 1529 2771 Patrum
1552 2741 1700 2781 vestigiis
1722 2741 1812 2771 inhe-

449 2785 570 2820 rentes,
588 2782 689 2820 vobis,
707 2783 769 2812 sub
786 2782 879 2822 penis
903 2783 1105 2820 memoratis,
1123 2783 1310 2814 districcius
1331 2783 1520 2815 inhibemus
1537 2794 1578 2815 ne
1595 2784 1816 2821 liberaciones,

445 2825 627 2864 pensiones,
641 2825 708 2856 sive
725 2825 874 2856 corrodia
890 2826 1001 2866 aliqua
1017 2826 1277 2866 imperpetuum,
1291 2826 1343 2857 vel
1360 2827 1402 2857 ad
1413 2830 1546 2868 tempus
1559 2827 1636 2867 vite,
1649 2827 1812 2868 cuiquam,
