1987 3062
99 388 171 415 A„12

99 423 172 449 1384

100 456 161 482 vor
182 455 205 482 L

91 1680 138 1707 ἦῆ.

93 1714 170 1741 134b.

404 292 696 327 REGISTRUM
732 291 1196 327 COMMUNE—ANNO
1236 279 1328 324 15⁰.
1541 281 1634 326 559

253 394 432 426 Johannes
463 397 498 426 et
524 396 697 427 Hem-icus
721 395 820 426 nobis
844 395 1085 435 supplicarunt:
1110 394 1175 424 sibi
1199 393 1372 434 provideri
1396 393 1433 423 in
1456 393 1635 433 premissis

255 438 297 468 de
322 439 475 470 remedio
510 443 691 479 oportuno.
738 440 819 478 Nos,
851 440 969 479 igitur,
1002 439 1225 469 advertentes
1257 438 1347 477 quod
1379 438 1415 467 in
1454 438 1519 468 hoc
1552 448 1634 468 casu

253 482 382 522 duplici
406 483 588 523 fungimur
610 486 794 523 potestate,
819 486 940 514 nostra
962 483 1125 513 videlicet
1149 483 1325 512 ordinaria
1349 484 1384 511 et
1408 482 1518 512 eciam
1543 482 1632 512 dele-

251 529 350 565 gata3
382 528 550 567 quodque,
575 528 603 558 si
635 529 805 567 premissa
828 528 952 558 fulcita
975 527 1107 557 fuerint
1134 527 1292 564 veritate,
1317 528 1420 565 prout
1445 536 1547 565 super
1566 526 1633 556 hiis

251 570 296 600 ad
327 571 603 612 subscriptorum
627 573 791 602 effectum
816 582 932 602 coram
957 571 1056 602 nobis
1080 571 1253 601 sufficiens
1277 570 1394 600 extitit
1418 570 1512 600 facta
1536 570 1631 608 fides,

252 624 293 644 ea
306 625 371 654 que
383 626 446 655 per
455 616 612 655 prefatos
629 617 797 647 Thomam
810 616 956 656 Pyltone
974 618 1009 646 et
1021 616 1214 646 Walterum
1229 615 1419 652 Tauntone,
1435 624 1496 644 seu
1512 624 1631 644 eorum

252 659 412 698 alterum,
446 663 537 698 sunt,
563 663 602 690 ut
625 661 826 700 predicitur,
850 660 947 690 facta
970 660 1025 690 vel
1049 660 1159 690 eciam
1185 662 1406 698 attemptata,
1431 658 1631 688 nullatenus

250 706 416 742 poterunt
441 705 482 735 de
505 704 583 745 jure
608 705 797 735 subsistere
822 704 1064 744 quovismodo;
1097 703 1266 743 quodque,
1290 705 1331 732 ut
1354 703 1550 740 recolimus,
1568 713 1631 733 nos

251 747 363 788 eidem
381 748 512 778 Thome
529 749 676 789 Pyltone
693 759 732 779 ac
749 749 901 779 Waltero
919 749 1110 785 Tauntone,
1128 750 1163 778 et
1180 748 1384 786 cuicumque
1409 747 1467 776 alii
1491 747 1527 776 in
1549 746 1629 777 Pro-

251 792 405 822 cessibus
436 793 639 824 memoratis
662 793 698 822 in
722 793 835 833 specie
859 793 914 823 vel
938 793 974 822 in
998 802 1124 831 genere
1148 792 1338 828 nominato,
1364 791 1428 820 sub
1452 800 1492 820 ea
1516 790 1631 821 forma-

249 835 343 866 vices
356 838 494 867 nostras
508 837 974 875 commisimus—videlicet,
988 837 1096 867 donec
1109 846 1168 866 eas
1180 836 1223 866 ad
1237 846 1299 865 nos
1316 835 1516 865 duxerimus
1533 845 1628 865 revo-

249 880 394 918 candas;
419 881 577 921 quodque
601 882 687 911 nulli
712 881 930 911 subditorum
954 883 1153 911 nostrorum
1178 880 1347 916 volumus,
1373 879 1475 909 sicuti
1492 889 1555 908 nec
1573 879 1628 909 de-

249 923 382 962 bemus,
399 925 435 954 in
453 935 515 955 sua
539 925 658 956 deesse
681 925 840 965 justicia3
865 925 1026 965 quocirca
1048 924 1155 961 vobis,
1174 923 1407 954 communiter
1426 925 1461 953 et
1479 923 1628 961 divisim,

250 968 503 999 committimus
534 971 569 999 et
600 969 808 1000 mandamus
840 969 1005 1009 quatinus
1036 969 1152 999 citetis
1183 967 1416 1007 peremptorie
1450 966 1628 1006 prefatum

250 1012 437 1042 Dominum
452 1013 642 1043 Robertum
661 1014 803 1053 Knythe
821 1013 911 1053 quod
928 1016 1128 1052 compareat
1145 1022 1261 1043 coram
1270 1011 1473 1041 Presidente
1492 1011 1627 1041 Consis-

249 1056 329 1085 torii
346 1057 456 1086 nostri
474 1057 689 1095 Exoniensis,
707 1058 743 1087 in
761 1058 916 1088 Ecclesia
932 1060 1053 1087 nostra
1071 1056 1272 1087 Cathedrali
1285 1056 1425 1093 Exonie,
1438 1055 1492 1085 die
1504 1055 1628 1085 Martis

247 1100 404 1139 proximo
420 1103 499 1140 post
517 1102 658 1132 Festum
685 1102 804 1131 Sancti
830 1102 952 1139 Mauri,
978 1101 1134 1139 Abbatis,
1159 1101 1316 1140 proximo
1340 1110 1433 1129 nunc
1457 1099 1626 1137 futurum,

247 1144 404 1183 prefatas
422 1145 556 1176 Literas
587 1146 805 1186 Apostolicas
829 1149 864 1176 et
888 1146 1074 1176 Processus
1098 1155 1160 1184 per
1183 1155 1246 1175 nos
1269 1144 1350 1174 inde
1375 1143 1562 1182 confectos,
1588 1146 1627 1173 ut

249 1188 386 1227 dicitur,
404 1192 439 1219 et
456 1192 603 1227 secutos,
621 1190 745 1230 quibus
762 1190 998 1220 mediantibus
1014 1189 1189 1229 prefatam
1214 1189 1390 1219 Vicariam
1415 1188 1625 1227 Perpetuam

249 1232 383 1263 detinet
400 1236 616 1273 occupatam,
633 1237 837 1264 ostensurus
853 1237 888 1264 et
900 1234 1135 1270 exhibiturus3
1160 1243 1305 1271 necnon,
1317 1242 1459 1262 causam
1470 1232 1624 1262 raciona-

248 1276 364 1315 bilem,
398 1277 425 1308 si
456 1288 560 1317 quam
584 1288 646 1318 pro
671 1288 706 1309 se
730 1278 868 1315 habeat,
893 1288 999 1317 quare
1023 1278 1193 1317 premissa
1223 1287 1286 1316 per
1313 1277 1423 1306 dictos
1456 1276 1625 1306 Thomam

249 1320 396 1360 Pyltone
413 1327 448 1351 et
465 1322 655 1352 Walterun]
674 1323 866 1361 Tauntone,
883 1323 1081 1361 ipsorumve
1105 1322 1265 1358 alterum,
1283 1324 1317 1351 et
1332 1324 1453 1351 contra
1468 1320 1625 1359 prefatos

249 1365 437 1395 Dominum
454 1366 474 1396 J
477 1366 649 1396 ohannem
662 1369 695 1396 et
710 1367 913 1404 Henricum,
926 1369 965 1396 ut
978 1366 1204 1405 premittitur,
1219 1367 1441 1404 attemptata,
1453 1370 1624 1404 quatenus

249 1409 290 1438 de
320 1408 415 1439 facto
445 1414 700 1449 processerunt,
731 1421 800 1440 non
832 1411 981 1440 debeant
1012 1410 1177 1448 revocari,
1208 1409 1262 1440 vel
1287 1409 1412 1439 saltem
1436 1408 1565 1438 cassari
1589 1411 1625 1438 et

248 1453 431 1492 annullari,
450 1464 511 1484 seu
535 1464 642 1492 cassa,
660 1455 770 1493 irrita,
788 1457 823 1485 et
839 1455 944 1492 nulla,
962 1455 1056 1484 omni
1081 1456 1238 1493 tempore
1262 1453 1371 1483 fuisse
1389 1455 1424 1483 et
1448 1462 1522 1483 esse
1546 1462 1622 1491 pro-

247 1497 405 1527 nunciari
422 1500 456 1527 et
473 1498 583 1528 eciam
601 1499 779 1537 declarari,
804 1499 839 1528 in
864 1499 982 1529 debita
1004 1498 1092 1539 juris
1115 1498 1229 1528 forma
1252 1497 1479 1536 proposituri3
1504 1496 1622 1526 ulteri-

247 1550 355 1580 usque
371 1541 501 1572 facturi
518 1545 553 1572 et
568 1543 743 1582 recepturi
760 1543 850 1582 quod
873 1543 1015 1583 justicia
1032 1542 1202 1573 suadebit.
1249 1542 1294 1571 Et
1310 1541 1392 1580 quid
1414 1540 1570 1571 feceritis
1587 1541 1619 1570 in

246 1585 424 1624 premissis
456 1587 655 1617 certificetis
682 1587 861 1626 prefatum
890 1587 1130 1617 Presidentem
1160 1586 1262 1617 dictis
1290 1585 1344 1615 die
1377 1587 1412 1615 et
1435 1585 1519 1623 loco,
1545 1586 1621 1623 ete„

247 1630 425 1661 autentico
442 1631 505 1661 sub
522 1631 805 1670 sigillo—Dated
822 1631 975 1670 London,
992 1631 1007 1660 1
1026 1631 1107 1661 Dec.

200 1682 525 1733 Drewsteignton
542 1698 552 1731 3
581 1685 741 1722 Licence
762 1692 797 1722 to
817 1685 1062 1730 celebrate,—

200 1738 302 1777 Item,
320 1739 517 1777 Londoniis,
534 1740 645 1779 primo
662 1741 716 1771 die
733 1741 863 1771 mensis
880 1741 1091 1778 Decembris,
1116 1740 1285 1770 Dominus
1309 1739 1480 1769 concessit
1504 1739 1622 1769 Licen-

246 1783 335 1813 ciam
352 1783 512 1814 Michaeli
530 1784 763 1823 Ercedeakne,
780 1785 871 1824 quod
885 1785 995 1824 possit
1018 1784 1134 1815 facere
1151 1784 1278 1814 Divina
1301 1783 1478 1821 celebrari,
1495 1783 1531 1812 in
1547 1793 1622 1822 pre-

247 1827 363 1857 sencia
379 1838 451 1866 sua,
469 1828 505 1858 in
523 1828 663 1868 Capella
680 1829 751 1859 sive
769 1828 928 1859 Oratorio
952 1828 1046 1858 infra
1070 1828 1286 1858 Mansionem
1305 1837 1401 1857 suam
1420 1827 1461 1857 de
1480 1826 1622 1857 Combe-

246 1870 348 1909 halle,
372 1871 408 1901 in
433 1872 602 1902 Parochia
625 1873 667 1903 de
691 1873 895 1913 Teyngtone
927 1870 1053 1910 Drew‚¹
1079 1873 1244 1903 situatam
1263 1886 1270 1909 ;
1303 1882 1381 1902 cum
1413 1871 1623 1909 clausula,—

245 1914 414 1946 Volumus
431 1917 522 1955 quod
538 1917 582 1946 ad
600 1917 791 1947 Ecclesiam
817 1917 999 1947 Matricem
1021 1919 1186 1955 vestram,
1204 1927 1282 1947 cum
1300 1916 1479 1946 commode
1496 1915 1621 1955 poteri-

243 1959 299 1998 tis,
316 1962 401 1997 etc.;
426 1961 591 2000 quamdiu
606 1961 706 1992 nobis
722 1962 902 2001 placuerit,
919 1964 984 1992 etc.

198 2011 660 2064 Letters-Dimissory,—

199 2067 292 2097 John
318 2068 454 2106 Michel,
483 2070 637 2108 accolite,
664 2070 681 2083 ‘⁴
700 2070 744 2100 ad
768 2080 888 2100 omnes
914 2070 1036 2100 Sacros
1068 2069 1216 2100 Ordines
1232 2068 1250 2081 '’
1285 2069 1451 2107 (London,
1478 2069 1497 2097 2
1524 2068 1620 2105 Dec.)

249 2109 378 2150 [Three
390 2113 477 2143 lines
490 2124 580 2144 were
597 2114 661 2144 left
678 2114 784 2144 blank
795 2115 887 2152 here,
904 2114 1111 2153 apparently
1123 2113 1179 2143 for
1189 2113 1289 2143 other
1299 2113 1432 2143 similar
1449 2110 1618 2152 Entries.]

200 2163 317 2201 West
342 2166 578 2215 Alvington,
610 2167 757 2216 Chapel
783 2172 826 2204 at
855 2167 1120 2216 Malborough
1149 2167 1214 2212 in3
1246 2166 1476 2204 Commissio
1495 2167 1549 2203 ad
1565 2179 1621 2202 re-

252 2219 549 2256 conciliandum
571 2220 823 2258 C'imz'lerium
846 2221 999 2269 Capella
1015 2221 1059 2258 de
1076 2220 1342 2267 illccllebzcrgslze
1352 2220 1620 2268 pollutum,—

199 2273 300 2311 Item,
318 2274 458 2312 ibidem,
474 2285 566 2305 nono
583 2276 638 2305 die
654 2276 784 2306 mensis
808 2276 1019 2313 Decembris,
1038 2276 1207 2306 Dominus
1232 2275 1406 2305 commisit
1422 2275 1516 2305 vices
1540 2284 1620 2305 suas

247 2317 361 2347 Fratri
377 2318 538 2356 Johanni,
556 2319 619 2349 Dei
635 2320 753 2357 gracia
777 2320 946 2359 Episcopo
971 2319 1249 2358 Cumanagiensi,
1266 2319 1310 2348 ad
1326 2319 1620 2349 reconciliandum

244 2361 463 2392 Cimiterium
481 2362 618 2402 Capelle
636 2363 847 2394 Parochialis
864 2364 905 2394 de
923 2364 1170 2402 Malleburghe,
1188 2363 1231 2393 ab
1249 2363 1403 2393 Ecclesia
1427 2363 1621 2393 Parochiali

244 2405 286 2435 de
302 2406 526 2446 Alvyngtone
544 2407 781 2446 dependentis,
798 2407 871 2447 jam
889 2408 1067 2447 sanguinis
1084 2408 1251 2438 effusione
1268 2407 1450 2446 pollutum.

197 2457 364 2496 London
377 2473 388 2505 ;
417 2459 547 2496 Grant
573 2460 614 2497 of
641 2474 665 2497 a
693 2461 911 2498 Tenement
935 2462 977 2498 in
1004 2461 1073 2499 the
1102 2461 1243 2498 Parish
1270 2460 1311 2497 of
1339 2462 1395 2497 St.
1425 2460 1607 2498 Clement

250 2512 452 2558 Danes,—

203 2567 278 2598 Hec
295 2568 498 2607 Indentura,
514 2567 611 2599 facta
626 2569 719 2600 inter
734 2569 978 2600 Venerabilem
995 2570 1146 2608 Patrem,
1172 2570 1359 2600 Dominum
1385 2569 1553 2599 Thomam
1577 2569 1619 2599 de

247 2611 524 2651 Brantyngham,
553 2613 783 2643 Exoniensem
816 2614 1036 2654 Episcopum,
1060 2624 1101 2644 ex
1125 2624 1194 2644 una
1218 2616 1327 2653 parte,
1358 2615 1393 2643 et
1423 2613 1619 2643 Johannem

246 2655 383 2693 Michel,
402 2656 520 2686 Civem
538 2659 573 2686 et
588 2657 799 2687 Vinitarium
817 2658 1084 2696 Londoniarum,
1102 2661 1136 2688 et
1153 2658 1299 2688 Aliciam
1317 2667 1459 2687 uxorem
1475 2657 1561 2696 ejus,
1579 2667 1620 2687 ex

246 2700 366 2737 altera,
383 2702 535 2730 testatur
553 2701 644 2740 quod
666 2701 825 2740 prefatus
841 2702 1058 2732 Venerabilis
1082 2702 1187 2732 Pater
1209 2701 1355 2731 tradidit
1371 2704 1406 2730 et
1423 2701 1466 2730 ad
1482 2702 1619 2730 firmam

246 2743 379 2774 dimisit
395 2744 415 2774 J
418 2744 546 2774 ohanni
564 2745 690 2776 Michel
705 2746 862 2784 predicto
878 2748 913 2776 et
929 2746 1040 2776 Alicie
1056 2746 1153 2775 uxori
1177 2746 1262 2785 ejus,
1280 2745 1465 2775 heredibus
1482 2746 1517 2774 et
1534 2744 1619 2775 Exe-

246 2788 424 2819 cutoribus
441 2789 522 2826 suis,
539 2790 653 2819 totum
670 2789 755 2819 illud
771 2792 1013 2820 tenementum
1031 2790 1114 2820 dicti
1131 2789 1349 2820 Venerabilis
1373 2788 1488 2818 Patris
1504 2798 1545 2818 ex
1561 2798 1619 2828 op-

278 2859 289 2879 ¹
314 2862 378 2893 See
394 2863 520 2901 Bishop
537 2863 774 2894 Grandisson’s
791 2865 939 2902 Reqisz‘er
956 2864 1053 2903 (Part
1068 2864 1117 2903 ii),
1134 2874 1223 2904 page
1240 2864 1315 2902 660,
1331 2866 1418 2894 note.
