1987 3062
314 218 406 263 180

305 331 392 362 [Α.Ῑ).

307 365 394 395 1372.]

307 399 371 424 Vol.

309 432 347 458 II.

304 1475 376 1501 AD.

304 1508 405 1535 1370-1.

511 228 611 261 THE
646 227 890 261 REGISTER
926 227 985 260 OF
1020 226 1197 261 BISHOP
1232 226 1636 263 BRANTYNGHAM.

456 336 491 364 et
507 333 599 364 illam
623 333 744 364 dilecto
768 333 884 364 elerico
908 336 1031 370 nostro,
1055 332 1230 370 Reqinaldo
1255 332 1351 370 Galle,
1376 333 1616 364 contulerimus
1641 333 1741 373 Regio
1760 332 1837 374 jure

455 380 579 415 nostro,
597 379 631 407 et
646 377 734 407 idem
751 377 887 407 clericus
904 379 1016 406 noster
1032 376 1071 406 ad
1090 376 1193 413 ipsam
1212 377 1471 416 Preposituiam,
1491 377 1616 408 virtute
1641 377 1837 408 Collacionis

456 423 568 451 nostre
586 420 742 460 predicte,
760 420 924 451 Canonice
941 420 986 449 sit
1001 419 1174 457 admissus,
1193 423 1226 449 et
1243 430 1314 450 eam
1338 420 1371 450 in
1396 421 1511 451 eodem
1535 420 1610 460 jure
1633 423 1746 450 nostro
1768 420 1837 460 jam

459 464 645 503 possideat;
678 467 726 501 tu,
751 466 874 499 tamen,
900 463 1098 502 pretendens
1122 463 1246 502 primos
1271 463 1401 493 fructus
1424 464 1465 494 de
1488 465 1601 494 eadem
1626 463 1839 503 Prepositura

458 507 565 537 eidem
583 506 727 537 Domino
752 507 891 536 Summo
916 505 1079 543 Pontifici,
1096 506 1225 536 racione
1248 506 1423 546 cujusdam
1451 507 1650 537 Provisionis
1672 507 1750 537 inde
1774 507 1836 537 Ro-

457 550 551 580 berto
569 551 642 580 Hoo
660 560 716 589 per
732 550 841 589 ipsum
861 549 1041 579 Dominum
1060 549 1237 579 Summum
1258 550 1460 588 Pontificem,
1478 560 1683 590 quamquam
1698 550 1740 580 ad
1760 550 1836 580 Pro-

458 593 617 623 visionem
633 593 737 632 ipsius
755 593 889 623 Domini
905 592 1037 623 Summi
1054 592 1223 622 Pontificis
1240 596 1322 623 tunc
1338 603 1404 623 non
1421 593 1603 633 spectabat,
1621 603 1658 623 eo
1682 593 1772 633 quod
1795 593 1837 623 ad

456 637 562 676 ipsam
587 636 872 666 Presentacionem
899 639 1047 665 nostram
1071 639 1153 666 tunc
1176 636 1349 675 pertinuit,
1366 636 1477 673 facte3
1501 636 1697 677 hujusmodi
1714 636 1837 676 primos

455 680 587 710 fructus
611 690 629 710 a
650 679 739 709 dicta
764 679 975 719 prepositura
1003 689 1060 718 per
1085 679 1375 719 Sequestraciones
1402 683 1435 710 et
1460 679 1539 710 alias
1568 680 1729 710 Censuras
1760 682 1837 710 tuas

456 723 563 753 levare
594 723 816 760 demandasti,
842 722 875 753 in
900 722 1004 752 nostri
1029 725 1261 762 contemptum
1288 726 1322 753 et
1345 723 1568 764 prejudicium
1593 726 1627 754 et
1652 723 1780 754 Corone
1803 725 1837 753 et

457 766 638 805 Dignitatis
662 769 773 796 nostre
796 766 897 805 Regie
921 765 1077 796 lesionem
1102 766 1323 804 manifestam,
1347 769 1382 797 et
1403 766 1499 797 aliter
1522 777 1622 806 quam
1646 773 1744 797 antea
1767 765 1838 796 fieri

455 809 651 846 consuevit3
675 819 744 847 nos,
769 808 964 849 hujusmodi
987 819 1089 839 novas
1112 809 1341 848 imposiciones
1364 810 1396 840 in
1422 810 1492 850 ipso
1516 810 1629 849 Regno
1651 812 1765 840 nostro
1781 810 1836 840 de-

454 855 563 883 cetero
579 852 648 883 fieri
665 853 828 890 nolentes,
847 852 909 882 tibi
926 852 1136 892 precipimus,
1153 852 1293 883 firmiter
1309 852 1532 892 injungentes,
1550 853 1650 893 quod,
1668 853 1694 883 si
1711 853 1758 883 ita
1775 855 1834 891 est,

453 900 536 927 tunc
552 896 593 926 ab
609 895 804 936 hujusmodi
820 895 1049 926 exaccionibus
1066 896 1106 925 de
1124 896 1237 935 primis
1254 896 1421 926 fructibus
1444 896 1655 936 Prepositure
1679 896 1834 936 predicte,

453 940 620 971 occasione
637 939 784 979 predicta
808 938 942 969 interim
966 938 1134 976 faciendis,
1152 939 1357 979 supersederi
1381 940 1582 977 demandes3
1608 940 1835 979 sequestrum,

453 983 480 1013 si
504 983 593 1023 quod
617 993 674 1022 per
698 985 743 1020 te,
762 992 819 1012 seu
843 982 886 1012 ad
910 982 1106 1012 Mandatum
1131 985 1241 1020 tuum,
1258 982 1292 1013 in
1309 982 1370 1013 hac
1386 985 1479 1022 parte
1503 983 1630 1013 factum
1648 983 1761 1021 fuerit,
1787 993 1834 1013 re-

452 1027 577 1057 laxans.
628 1026 684 1063 Et,
710 1026 736 1056 si
761 1035 859 1056 causa
881 1025 1088 1055 racionabilis
1118 1025 1284 1056 subfuerit
1307 1036 1408 1066 quare
1430 1026 1465 1057 id
1488 1026 1593 1057 facere
1616 1036 1682 1056 non
1707 1027 1835 1065 debeas,

452 1073 534 1100 tunc
551 1079 610 1099 uos
626 1069 704 1099 inde
720 1069 753 1099 in
772 1068 1007 1099 Cancellariam
1025 1072 1182 1106 nostram,
1200 1068 1262 1099 sub
1279 1069 1385 1108 sigillo
1402 1072 1471 1108 tuo,
1489 1069 1644 1100 distincte
1662 1072 1696 1099 et
1712 1072 1834 1109 aperte,

453 1113 523 1143 sine
541 1112 711 1149 dilacione,
732 1112 850 1142 reddas
873 1111 1043 1149 cerciores,
1062 1111 1122 1142 hoc
1146 1112 1250 1142 Breve
1274 1112 1368 1143 nobis
1391 1113 1777 1144 remittentes—Tested
1802 1116 1837 1143 at

454 1155 699 1193 Westminster,
718 1156 756 1186 10
774 1155 847 1186 Oct.
870 1154 1086 1196 [1372].—Et
1103 1165 1172 1193 nos,
1197 1155 1291 1186 Sedis
1314 1155 1503 1195 Apostolice
1527 1156 1679 1186 Nuncius
1703 1159 1738 1187 et
1762 1156 1834 1187 Col-

453 1199 558 1229 lector
581 1198 760 1239 predictus,
778 1199 805 1228 si
822 1198 868 1228 ita
884 1202 935 1228 est
952 1201 990 1228 ut
1007 1198 1039 1228 in
1057 1198 1121 1228 isto
1138 1199 1243 1229 Breve
1266 1199 1467 1238 continetur,
1494 1199 1710 1240 Sequestrum
1736 1210 1833 1239 appo-

453 1243 568 1280 situm,
588 1242 616 1272 si
633 1241 723 1281 quod
739 1242 793 1280 sit,
810 1245 845 1271 et
860 1241 939 1272 alias
957 1242 1120 1272 Censuras
1144 1245 1283 1280 nostras,
1301 1245 1466 1282 quantum
1488 1253 1664 1283 possumus
1681 1246 1714 1273 et
1738 1243 1834 1273 debe-

453 1296 536 1324 mus,
555 1296 612 1325 per
633 1286 807 1315 Presentes
823 1285 1022 1323 relaxamus,
1042 1295 1216 1325 quousque
1233 1285 1324 1316 aliud
1339 1285 1443 1316 fuerit
1468 1297 1526 1326 per
1548 1286 1643 1317 illum
1667 1287 1709 1316 ad
1733 1296 1833 1326 quem

454 1329 601 1369 pertinet
623 1328 827 1366 ordinatum,
855 1331 889 1358 et
912 1339 1011 1368 super
1032 1327 1092 1359 hoc
1116 1328 1328 1360 concedimus
1351 1330 1451 1369 parti,
1476 1329 1504 1360 si
1527 1329 1680 1368 voluerit,
1707 1330 1834 1361 Literas

454 1376 645 1412 oportunas.
693 1372 791 1410 Quas,
820 1372 967 1412 quidem,
996 1371 1124 1403 Literas
1151 1372 1214 1402 sub
1244 1372 1351 1413 sigillo
1382 1373 1464 1404 dicti
1498 1372 1691 1404 Collectoris
1721 1377 1835 1413 postea

452 1416 599 1447 vidimus
615 1415 783 1456 sigillatas.
1553 1416 1748 1449 SUARDEBY.

409 1475 536 1510 4.——De
553 1475 704 1506 veniendo
720 1474 764 1505 ad
781 1474 1290 1514 Parliamentum.-Edwardus,
1305 1475 1502 1514 ete—Quia
1517 1486 1617 1516 super
1634 1476 1834 1517 quibusdam

453 1519 566 1549 arduis
591 1522 626 1549 et
654 1518 853 1558 urgentibus
880 1517 1036 1557 negociis,
1061 1521 1134 1557 etc„
1160 1518 1424 1549 Parliamentum
1448 1522 1601 1550 nostrum
1619 1520 1709 1560 apud
1728 1520 1834 1551 West-

455 1562 695 1593 monasterium
710 1562 763 1591 die
781 1561 874 1592 Lune
890 1561 925 1591 in
943 1561 1048 1601 prima
1064 1561 1252 1602 septimana
1263 1562 1530 1602 Quaclragesime‚
1544 1563 1699 1594 videlicet
1711 1563 1744 1593 in
1758 1564 1832 1594 Fes-

455 1610 490 1636 to
508 1604 621 1636 Sancti
638 1605 775 1641 Mathie,
794 1605 956 1644 Apostoli,
975 1605 1126 1644 proximo
1142 1605 1269 1644 futuro,
1288 1609 1401 1636 tenere
1418 1606 1657 1644 ordinavimus,
1676 1610 1711 1636 et
1728 1607 1830 1637 vobis-

456 1660 530 1680 cum
551 1659 588 1679 ac
604 1649 721 1679 ceteris
739 1648 889 1686 Prelatis,
909 1648 1131 1687 Magnetibus,
1148 1651 1182 1678 et
1199 1648 1396 1679 Proceribus
1420 1649 1501 1680 ‹licti
1520 1650 1624 1688 Regni
1642 1651 1747 1680 nostri
1770 1651 1833 1681 col-

457 1692 608 1732 loquium
622 1691 742 1722 habere
756 1694 789 1721 et
805 1691 1002 1729 tractatum,
1020 1691 1113 1721 vobis
1131 1691 1163 1721 in
1178 1691 1242 1722 fide
1255 1695 1289 1722 et
1303 1692 1481 1722 dileccione
1495 1693 1617 1732 quibus
1634 1693 1729 1723 nobis
1742 1697 1832 1724 tene-

458 1735 541 1766 mini
557 1735 764 1772 mandamus,
783 1734 923 1765 firmiter
938 1734 1164 1774 injungentes
1183 1736 1283 1775 quod,
1301 1736 1457 1766 omnibus
1474 1736 1546 1766 aliis
1564 1737 1783 1775 pretermissis
1800 1741 1834 1768 et

457 1778 673 1809 excusacione
689 1787 901 1817 quacumque
918 1781 1076 1815 cessante,
1094 1778 1147 1808 die
1165 1778 1303 1808 sabbati
1319 1779 1352 1808 in
1372 1778 1471 1809 Festo
1489 1777 1603 1809 Sancti
1621 1780 1711 1810 Petri
1724 1780 1757 1810 in
1774 1781 1831 1811 Ca-

457 1822 578 1852 thedra
594 1821 744 1861 proximo
760 1821 878 1851 futuro
894 1821 1019 1850 ibidem
1036 1821 1255 1860 personaliter
1270 1821 1445 1859 intersitis,
1465 1826 1588 1852 extunc
1605 1823 1763 1853 continue
1776 1834 1831 1854 no-

458 1866 597 1903 biscum,
615 1867 650 1894 et
666 1875 742 1894 cum
759 1864 877 1894 ceteris
895 1864 1045 1902 Prelatis,
1062 1864 1283 1903 Magnatibus,
1296 1868 1330 1895 et
1343 1865 1537 1895 Proceribus
1552 1866 1718 1905 predictis,
1735 1877 1834 1907 super

459 1909 556 1939 dictis
573 1908 716 1947 negociis
732 1907 911 1938 tractaturi
928 1910 1146 1946 vestrumque
1163 1908 1336 1938 consilium
1355 1908 1548 1948 impensuri.
1597 1909 1641 1939 Et
1657 1910 1728 1948 hoc,
1746 1911 1834 1941 sicut

458 1963 518 1982 nos
535 1954 569 1981 et
584 1951 743 1981 honorem
761 1954 915 1981 nostrum
931 1961 967 1980 ac
985 1950 1233 1989 expedicionem
1251 1952 1462 1990 negociorum
1481 1952 1705 1990 predictorum
1727 1954 1831 1993 diligi-

459 1995 513 2033 tis,
531 1994 723 2025 nullatenus
739 1993 913 2024 omittatis.
961 1994 1214 2024 Premunientes
1231 1994 1402 2024 Dec-anum
1420 1998 1454 2024 et
1479 1995 1672 2035 Capitulum
1692 1992 1834 2028 Ecclesie

459 2041 568 2068 vestre
600 2037 806 2075 Exoniensis,
837 2047 874 2067 ac
903 2036 1160 2067 Archidiaconos
1184 2040 1362 2077 totumque
1387 2038 1521 2068 Clerum
1546 2042 1654 2069 vestre
1678 2040 1833 2079 Diocesis,

459 2082 547 2122 quod
564 2081 664 2111 iidem
683 2081 834 2110 Decanus
851 2083 885 2110 et
904 2079 1134 2111 Archidiaconi
1157 2081 1190 2110 in
1215 2081 1355 2120 propriis
1378 2082 1526 2120 personis
1549 2083 1627 2121 suis,
1644 2093 1680 2113 ac
1703 2084 1833 2116 dictum

459 2124 653 2164 Capitulum
678 2134 737 2164 per
763 2133 880 2162 unum,
907 2123 1062 2163 idemque
1089 2123 1205 2154 Clerus
1232 2134 1289 2164 per
1312 2124 1395 2154 duos
1423 2125 1655 2156 Procuratores
1677 2128 1833 2167 ydoneos,

458 2168 590 2209 plenam
614 2172 648 2198 et
671 2167 890 2197 sufficientem
914 2169 1115 2206 potestatem
1139 2167 1180 2196 ab
1202 2167 1281 2207 ipsis
1306 2167 1461 2207 Capitulo
1484 2171 1518 2198 et
1542 2169 1637 2199 Clero
1658 2169 1830 2210 habentes,

459 2212 550 2242 dicto
565 2211 618 2241 die
635 2210 772 2241 Sabbati
787 2210 910 2241 ibidem
928 2210 1093 2247 intersint,
1111 2211 1152 2240 ad
1169 2211 1410 2241 consulendum
1427 2214 1461 2242 et
1477 2212 1753 2244 consenciendum
1772 2215 1834 2246 hiis

458 2265 523 2296 que
540 2257 622 2285 tunc
637 2254 678 2284 de
693 2253 862 2284 communi
878 2253 1012 2283 consilio
1028 2253 1109 2283 dicti
1126 2254 1230 2293 Regni
1253 2254 1366 2292 nostri,
1384 2254 1526 2285 Domino
1543 2255 1686 2294 favente,
1707 2257 1777 2288 fieri
1800 2262 1834 2289 et

459 2298 604 2328 ordinari
629 2297 805 2336 contigerit
835 2307 934 2336 super
963 2296 1107 2335 negociis
1137 2297 1323 2327 antedictis.
1374 2298 1531 2336 Scientes,
1562 2299 1706 2339 insuper,
1732 2302 1831 2341 quod,

458 2345 592 2382 propter
607 2340 810 2371 arduitatem
827 2340 1038 2380 negociorum
1062 2339 1297 2379 predictorum,
1316 2341 1568 2371 Procul-aciones
1585 2353 1642 2372 seu
1666 2345 1832 2375 excusaci-

458 2395 555 2415 onem
572 2384 726 2424 aliquam,
743 2383 892 2423 legitimo
907 2386 1055 2414 cessante
1078 2383 1326 2423 impedimento,
1344 2394 1403 2422 pro
1420 2384 1520 2423 vobis,
1537 2386 1715 2416 admittere
1739 2388 1831 2418 nolu-

457 2438 532 2459 mus
548 2428 611 2458 ista
628 2427 874 2458 vice.-—Tested
890 2429 925 2457 at
944 2426 1184 2465 Westmiuster,
1202 2426 1220 2459 7
1237 2427 1322 2465 Jan.,
1337 2426 1581 2459 1370-1.—The
1595 2429 1719 2470 Bishop
1732 2435 1834 2462 wrote

457 2475 493 2502 to
506 2471 556 2501 his
570 2470 889 2510 Official-Principal,
903 2470 967 2500 and
981 2472 1016 2499 to
1032 2469 1089 2500 the
1105 2470 1194 2499 Dean
1211 2470 1277 2500 and
1291 2470 1446 2510 Chapter,
1459 2471 1629 2511 enjoining
1645 2473 1831 2505 obedience.

460 2516 526 2545 But
543 2515 576 2544 in
593 2514 651 2545 the
667 2513 795 2554 margin
819 2514 847 2544 is
871 2512 1079 2551 written‚—-“
1093 2513 1191 2544 Istud
1216 2513 1319 2543 Breve
1343 2524 1408 2544 non
1432 2514 1551 2545 habuit
1574 2516 1738 2556 effectum,
1755 2518 1833 2558 qnia

458 2557 733 2597 Archiepiscopus
750 2567 816 2587 non
833 2557 1010 2597 scripserat
1026 2566 1084 2596 pro
1100 2554 1247 2588 eodem.’'

303 2616 355 2642 fol·
370 2617 393 2641 2.
415 2616 544 2652 5.—Ad
574 2615 836 2655 distrinqendum
866 2615 1058 2655 Episcopum
1082 2619 1110 2645 et
1134 2615 1304 2645 Robertum
1337 2615 1415 2654 Hoo,
1440 2616 1598 2648 occasione
1629 2618 1833 2658 prepositure

457 2659 790 2734 ξ’ἶῖαεὲιεῃα-Τθεῑεᾱ
806 2660 851 2700 by
868 2659 906 2690 R.
923 2659 964 2689 de
981 2658 1119 2698 Thorpe,
1136 2661 1172 2689 at
1188 2658 1433 2698 VVestminster,
1452 2661 1492 2691 29
1510 2661 1594 2691 Nov.
1615 2660 1739 2700 [1370]
1779 2662 1833 2694 See

492 2713 518 2734 ο.
560 2726 566 2732 .

412 2767 543 2802 6.-Βε
558 2766 754 2798 admittendo
767 2777 934 2808 personam
951 2767 1098 2798 idoneam
1113 2766 1157 2798 ad
1173 2766 1411 2807 preposituram
1423 2767 1775 2808 predictam.—Tested
1788 2770 1832 2812 by

457 2811 516 2842 the
531 2821 630 2849 same,
649 2812 688 2842 23
706 2811 791 2850 Jan.,
811 2810 937 2844 1370-1.
