<?xml version="1.0" encoding="UTF-8"?>
<!DOCTYPE html PUBLIC "-//W3C//DTD XHTML 1.0 Transitional//EN"
    "http://www.w3.org/TR/xhtml1/DTD/xhtml1-transitional.dtd">
<html xmlns="http://www.w3.org/1999/xhtml" xml:lang="en" lang="en">
 <head>
  <title>
</title>
<meta http-equiv="Content-Type" content="text/html;charset=utf-8" />
  <meta name='ocr-system' content='tesseract 3.04.00' />
  <meta name='ocr-capabilities' content='ocr_page ocr_carea ocr_par ocr_line ocrx_word'/>
</head>
<body>
  <div class='ocr_page' id='page_1' title='image "./registerofthomas01cathuoft_0508.png"; bbox 0 0 1987 3062; ppageno 0'>
   <div class='ocr_carea' id='block_1_1' title="bbox 311 244 1637 294">
    <p class='ocr_par' dir='ltr' id='par_1_1' title="bbox 311 244 1637 294">
     <span class='ocr_line' id='line_1_1' title="bbox 311 244 1637 294; baseline 0.002 -3"><span class='ocrx_word' id='word_1_1' title='bbox 311 244 404 293; x_wconf 78' lang='lat'>476</span> <span class='ocrx_word' id='word_1_2' title='bbox 509 259 608 292; x_wconf 82' lang='lat' dir='ltr'>THE</span> <span class='ocrx_word' id='word_1_3' title='bbox 644 255 889 292; x_wconf 75' lang='lat' dir='ltr'>REG1STER</span> <span class='ocrx_word' id='word_1_4' title='bbox 925 258 983 291; x_wconf 69' lang='lat' dir='ltr'>or</span> <span class='ocrx_word' id='word_1_5' title='bbox 1019 253 1196 292; x_wconf 80' lang='lat' dir='ltr'>BlsHoP</span> <span class='ocrx_word' id='word_1_6' title='bbox 1231 254 1637 294; x_wconf 68' lang='lat' dir='ltr'><strong>BRANTYNGHAM.</strong></span> 
     </span>
    </p>
   </div>
   <div class='ocr_carea' id='block_1_2' title="bbox 308 361 1843 455">
    <p class='ocr_par' dir='ltr' id='par_1_2' title="bbox 308 361 1843 455">
     <span class='ocr_line' id='line_1_2' title="bbox 308 361 1843 439; baseline 0.001 -45"><span class='ocrx_word' id='word_1_7' title='bbox 308 361 384 421; x_wconf 47' lang='lat'>{³381}-</span> <span class='ocrx_word' id='word_1_8' title='bbox 463 367 496 439; x_wconf 59' lang='lat' dir='ltr'>1et</span> <span class='ocrx_word' id='word_1_9' title='bbox 515 364 555 438; x_wconf 47' lang='lat' dir='ltr'>(iic</span> <span class='ocrx_word' id='word_1_10' title='bbox 572 364 760 395; x_wconf 85' lang='lat' dir='ltr'>exhibendo</span> <span class='ocrx_word' id='word_1_11' title='bbox 777 364 861 394; x_wconf 89' lang='lat' dir='ltr'>illud</span> <span class='ocrx_word' id='word_1_12' title='bbox 879 373 988 394; x_wconf 78' lang='lat' dir='ltr'>coram</span> <span class='ocrx_word' id='word_1_13' title='bbox 1006 363 1161 401; x_wconf 91' lang='lat' dir='ltr'>Domino,</span> <span class='ocrx_word' id='word_1_14' title='bbox 1180 363 1230 394; x_wconf 84' lang='lat' dir='ltr'>vel</span> <span class='ocrx_word' id='word_1_15' title='bbox 1248 363 1321 403; x_wconf 82' lang='lat' dir='ltr'>ejus</span> <span class='ocrx_word' id='word_1_16' title='bbox 1340 363 1574 395; x_wconf 82' lang='lat' dir='ltr'>Commissario</span> <span class='ocrx_word' id='word_1_17' title='bbox 1591 364 1632 395; x_wconf 86' lang='lat' dir='ltr'>ad</span> <span class='ocrx_word' id='word_1_18' title='bbox 1657 364 1718 396; x_wconf 90' lang='lat' dir='ltr'>hoc</span> <span class='ocrx_word' id='word_1_19' title='bbox 1741 364 1843 405; x_wconf 83' lang='lat' dir='ltr'>depu-</span> 
     </span>
     <span class='ocr_line' id='line_1_3' title="bbox 309 418 577 455; baseline 0.004 -2"><span class='ocrx_word' id='word_1_20' title='bbox 309 429 372 455; x_wconf 89' lang='lat' dir='ltr'>v01.</span> <span class='ocrx_word' id='word_1_21' title='bbox 389 429 409 454; x_wconf 93' lang='lat'>1.</span> <span class='ocrx_word' id='word_1_22' title='bbox 480 418 521 438; x_wconf 65' lang='lat'>²¹¹³</span> <span class='ocrx_word' id='word_1_23' title='bbox 549 419 577 438; x_wconf 88' lang='lat'>0·</span> 
     </span>
    </p>
   </div>
   <div class='ocr_carea' id='block_1_3' title="bbox 308 462 1848 1740">
    <p class='ocr_par' dir='ltr' id='par_1_3' title="bbox 308 462 1844 565">
     <span class='ocr_line' id='line_1_4' title="bbox 308 462 1844 522; baseline -0.001 -21"><span class='ocrx_word' id='word_1_24' title='bbox 308 462 360 522; x_wconf 44' lang='grc' dir='ltr'>ἓξὲξ)</span> <span class='ocrx_word' id='word_1_25' title='bbox 420 463 635 512; x_wconf 80' lang='lat' dir='ltr'>Ludgvan3</span> <span class='ocrx_word' id='word_1_26' title='bbox 687 462 927 510; x_wconf 68' lang='lat' dir='ltr'>Sequestrum</span> <span class='ocrx_word' id='word_1_27' title='bbox 973 462 1240 509; x_wconf 49' lang='lat' dir='ltr'>iuteo-[motum</span> <span class='ocrx_word' id='word_1_28' title='bbox 1287 463 1329 498; x_wconf 77' lang='lat' dir='ltr'>in</span> <span class='ocrx_word' id='word_1_29' title='bbox 1368 462 1473 499; x_wconf 70' lang='lat' dir='ltr'>bonis</span> <span class='ocrx_word' id='word_1_30' title='bbox 1510 463 1674 500; x_wconf 74' lang='lat' dir='ltr'>Domini</span> <span class='ocrx_word' id='word_1_31' title='bbox 1710 463 1844 500; x_wconf 76' lang='lat' dir='ltr'>Jacobz&#39;</span> 
     </span>
     <span class='ocr_line' id='line_1_5' title="bbox 364 516 1430 565; baseline -0.002 -11"><span class='ocrx_word' id='word_1_32' title='bbox 364 516 369 521; x_wconf 78' lang='grc'><strong>”</strong></span> <span class='ocrx_word' id='word_1_33' title='bbox 475 518 697 565; x_wconf 67' lang='lat' dir='ltr'>Tremrbyn,</span> <span class='ocrx_word' id='word_1_34' title='bbox 721 517 892 553; x_wconf 70' lang='lat' dir='ltr'>Rectom&#39;s</span> <span class='ocrx_word' id='word_1_35' title='bbox 916 517 960 553; x_wconf 74' lang='lat' dir='ltr'>(Ze</span> <span class='ocrx_word' id='word_1_36' title='bbox 982 517 1170 560; x_wconf 75' lang='lat' dir='ltr'>Ludvone,</span> <span class='ocrx_word' id='word_1_37' title='bbox 1194 517 1430 564; x_wconf 64' lang='lat' dir='ltr'>defient-td,—</span> 
     </span>
    </p>

    <p class='ocr_par' dir='ltr' id='par_1_4' title="bbox 418 570 1848 1740">
     <span class='ocr_line' id='line_1_6' title="bbox 418 570 1844 610; baseline -0.001 -8"><span class='ocrx_word' id='word_1_38' title='bbox 418 572 572 609; x_wconf 77' lang='lat' dir='ltr'>Thomas,</span> <span class='ocrx_word' id='word_1_39' title='bbox 590 575 662 609; x_wconf 86' lang='lat' dir='ltr'>etc.,</span> <span class='ocrx_word' id='word_1_40' title='bbox 681 571 813 600; x_wconf 84' lang='lat' dir='ltr'>Decano</span> <span class='ocrx_word' id='word_1_41' title='bbox 832 571 872 600; x_wconf 86' lang='lat' dir='ltr'>de</span> <span class='ocrx_word' id='word_1_42' title='bbox 892 570 1084 610; x_wconf 67' lang='lat' dir='ltr'>Penwythe,</span> <span class='ocrx_word' id='word_1_43' title='bbox 1102 573 1136 600; x_wconf 86' lang='lat' dir='ltr'>et</span> <span class='ocrx_word' id='word_1_44' title='bbox 1154 570 1283 600; x_wconf 76' lang='lat' dir='ltr'>vicario</span> <span class='ocrx_word' id='word_1_45' title='bbox 1300 571 1465 610; x_wconf 86' lang='lat' dir='ltr'>Perpetuo</span> <span class='ocrx_word' id='word_1_46' title='bbox 1484 571 1627 601; x_wconf 84' lang='lat' dir='ltr'>Ecclesie</span> <span class='ocrx_word' id='word_1_47' title='bbox 1645 570 1844 601; x_wconf 75' lang='lat' dir='ltr'>parochialis</span> 
     </span>
     <span class='ocr_line' id='line_1_7' title="bbox 462 614 1843 651; baseline 0 -6"><span class='ocrx_word' id='word_1_48' title='bbox 462 615 575 645; x_wconf 80' lang='lat' dir='ltr'>Sancti</span> <span class='ocrx_word' id='word_1_49' title='bbox 595 614 735 651; x_wconf 76' lang='lat' dir='ltr'>Hillarii,</span> <span class='ocrx_word' id='word_1_50' title='bbox 749 614 783 644; x_wconf 89' lang='lat' dir='ltr'>in</span> <span class='ocrx_word' id='word_1_51' title='bbox 801 614 980 651; x_wconf 75' lang='lat' dir='ltr'>Cornubia,</span> <span class='ocrx_word' id='word_1_52' title='bbox 994 614 1147 651; x_wconf 79' lang='lat' dir='ltr'>salutem,</span> <span class='ocrx_word' id='word_1_53' title='bbox 1166 614 1364 644; x_wconf 68' lang='lat' dir='ltr'>etc.-—Cum</span> <span class='ocrx_word' id='word_1_54' title='bbox 1381 614 1524 644; x_wconf 87' lang='lat' dir='ltr'>virorum</span> <span class='ocrx_word' id='word_1_55' title='bbox 1538 615 1843 645; x_wconf 77' lang='lat' dir='ltr'>Ecclesiasticorum</span> 
     </span>
     <span class='ocr_line' id='line_1_8' title="bbox 461 657 1842 697; baseline 0 -9"><span class='ocrx_word' id='word_1_56' title='bbox 461 658 677 695; x_wconf 74' lang='lat' dir='ltr'>Secularium,</span> <span class='ocrx_word' id='word_1_57' title='bbox 696 661 729 687; x_wconf 88' lang='lat' dir='ltr'>et</span> <span class='ocrx_word' id='word_1_58' title='bbox 748 658 921 696; x_wconf 77' lang='lat' dir='ltr'>presertim</span> <span class='ocrx_word' id='word_1_59' title='bbox 942 657 1119 687; x_wconf 57' lang='lat' dir='ltr'>{tectorum</span> <span class='ocrx_word' id='word_1_60' title='bbox 1137 667 1174 687; x_wconf 87' lang='lat' dir='ltr'>ac</span> <span class='ocrx_word' id='word_1_61' title='bbox 1190 657 1396 687; x_wconf 72' lang='lat' dir='ltr'>Vicariorum</span> <span class='ocrx_word' id='word_1_62' title='bbox 1425 658 1665 697; x_wconf 71' lang='lat' dir='ltr'>perpetuorum</span> <span class='ocrx_word' id='word_1_63' title='bbox 1684 658 1842 688; x_wconf 79' lang='lat' dir='ltr'>Ecclesia-</span> 
     </span>
     <span class='ocr_line' id='line_1_9' title="bbox 460 700 1843 738; baseline -0.001 -6"><span class='ocrx_word' id='word_1_64' title='bbox 460 712 547 738; x_wconf 84' lang='lat' dir='ltr'>rum,</span> <span class='ocrx_word' id='word_1_65' title='bbox 565 702 654 731; x_wconf 79' lang='lat' dir='ltr'>clicte</span> <span class='ocrx_word' id='word_1_66' title='bbox 678 705 791 730; x_wconf 89' lang='lat' dir='ltr'>nostre</span> <span class='ocrx_word' id='word_1_67' title='bbox 816 701 971 736; x_wconf 83' lang='lat' dir='ltr'>Diocesis,</span> <span class='ocrx_word' id='word_1_68' title='bbox 989 701 1030 730; x_wconf 90' lang='lat' dir='ltr'>ab</span> <span class='ocrx_word' id='word_1_69' title='bbox 1053 700 1215 731; x_wconf 83' lang='lat' dir='ltr'>intestato</span> <span class='ocrx_word' id='word_1_70' title='bbox 1239 700 1486 738; x_wconf 81' lang='lat' dir='ltr'>decedencium,</span> <span class='ocrx_word' id='word_1_71' title='bbox 1506 701 1666 731; x_wconf 82' lang='lat' dir='ltr'>bonorum</span> <span class='ocrx_word' id='word_1_72' title='bbox 1692 701 1843 731; x_wconf 85' lang='lat' dir='ltr'>omnium</span> 
     </span>
     <span class='ocr_line' id='line_1_10' title="bbox 462 743 1844 784; baseline -0.001 -9"><span class='ocrx_word' id='word_1_73' title='bbox 462 745 635 775; x_wconf 89' lang='lat' dir='ltr'>mobilium</span> <span class='ocrx_word' id='word_1_74' title='bbox 654 744 912 774; x_wconf 78' lang='lat' dir='ltr'>Administracio</span> <span class='ocrx_word' id='word_1_75' title='bbox 930 744 969 773; x_wconf 74' lang='lat' dir='ltr'>ad</span> <span class='ocrx_word' id='word_1_76' title='bbox 988 755 1058 781; x_wconf 89' lang='lat' dir='ltr'>nos,</span> <span class='ocrx_word' id='word_1_77' title='bbox 1076 745 1116 774; x_wconf 86' lang='lat' dir='ltr'>(le</span> <span class='ocrx_word' id='word_1_78' title='bbox 1133 743 1272 784; x_wconf 78' lang='lat' dir='ltr'>antiqua</span> <span class='ocrx_word' id='word_1_79' title='bbox 1289 747 1323 774; x_wconf 87' lang='lat' dir='ltr'>et</span> <span class='ocrx_word' id='word_1_80' title='bbox 1347 744 1505 774; x_wconf 77' lang='lat' dir='ltr'>laudabili</span> <span class='ocrx_word' id='word_1_81' title='bbox 1529 745 1781 783; x_wconf 78' lang='lat' dir='ltr'>consuetudine,</span> <span class='ocrx_word' id='word_1_82' title='bbox 1800 745 1844 774; x_wconf 86' lang='lat' dir='ltr'>sit</span> 
     </span>
     <span class='ocr_line' id='line_1_11' title="bbox 462 787 1845 827; baseline 0 -9"><span class='ocrx_word' id='word_1_83' title='bbox 462 789 590 819; x_wconf 84' lang='lat' dir='ltr'>notorie</span> <span class='ocrx_word' id='word_1_84' title='bbox 607 788 774 825; x_wconf 77' lang='lat' dir='ltr'>devoluta,</span> <span class='ocrx_word' id='word_1_85' title='bbox 792 799 836 825; x_wconf 80' lang='lat' dir='ltr'>ac,</span> <span class='ocrx_word' id='word_1_86' title='bbox 855 788 882 817; x_wconf 85' lang='lat' dir='ltr'>si</span> <span class='ocrx_word' id='word_1_87' title='bbox 899 787 1036 827; x_wconf 75' lang='lat' dir='ltr'>quidam</span> <span class='ocrx_word' id='word_1_88' title='bbox 1061 787 1285 817; x_wconf 77' lang='lat' dir='ltr'>Testamentis</span> <span class='ocrx_word' id='word_1_89' title='bbox 1302 787 1445 818; x_wconf 87' lang='lat' dir='ltr'>conditis</span> <span class='ocrx_word' id='word_1_90' title='bbox 1469 788 1698 827; x_wconf 80' lang='lat' dir='ltr'>migraverunt</span> <span class='ocrx_word' id='word_1_91' title='bbox 1721 789 1762 818; x_wconf 89' lang='lat' dir='ltr'>ab</span> <span class='ocrx_word' id='word_1_92' title='bbox 1785 788 1845 818; x_wconf 77' lang='lat' dir='ltr'>hac</span> 
     </span>
     <span class='ocr_line' id='line_1_12' title="bbox 461 830 1844 871; baseline 0 -9"><span class='ocrx_word' id='word_1_93' title='bbox 461 833 543 870; x_wconf 92' lang='lat' dir='ltr'>luce,</span> <span class='ocrx_word' id='word_1_94' title='bbox 562 833 855 862; x_wconf 83' lang='lat' dir='ltr'>Testamentorum</span> <span class='ocrx_word' id='word_1_95' title='bbox 881 842 1016 861; x_wconf 86' lang='lat' dir='ltr'>suorum</span> <span class='ocrx_word' id='word_1_96' title='bbox 1042 830 1237 870; x_wconf 82' lang='lat' dir='ltr'>hujusmodi</span> <span class='ocrx_word' id='word_1_97' title='bbox 1262 831 1459 869; x_wconf 83' lang='lat' dir='ltr'>Insinuacio,</span> <span class='ocrx_word' id='word_1_98' title='bbox 1480 831 1702 869; x_wconf 81' lang='lat' dir='ltr'>Examinacio,</span> <span class='ocrx_word' id='word_1_99' title='bbox 1720 835 1755 862; x_wconf 86' lang='lat' dir='ltr'>et</span> <span class='ocrx_word' id='word_1_100' title='bbox 1778 833 1844 871; x_wconf 88' lang='lat' dir='ltr'>Ap-</span> 
     </span>
     <span class='ocr_line' id='line_1_13' title="bbox 462 875 1844 915; baseline -0.002 -10"><span class='ocrx_word' id='word_1_101' title='bbox 462 876 625 915; x_wconf 79' lang='lat' dir='ltr'>probacio,</span> <span class='ocrx_word' id='word_1_102' title='bbox 651 885 778 905; x_wconf 86' lang='lat' dir='ltr'>necnon</span> <span class='ocrx_word' id='word_1_103' title='bbox 803 875 1061 914; x_wconf 78' lang='lat' dir='ltr'>disposicionum</span> <span class='ocrx_word' id='word_1_104' title='bbox 1094 875 1295 905; x_wconf 85' lang='lat' dir='ltr'>Ultimarum</span> <span class='ocrx_word' id='word_1_105' title='bbox 1321 885 1456 904; x_wconf 78' lang='lat' dir='ltr'>suarum</span> <span class='ocrx_word' id='word_1_106' title='bbox 1483 875 1707 905; x_wconf 84' lang='lat' dir='ltr'>Voluntatum</span> <span class='ocrx_word' id='word_1_107' title='bbox 1731 875 1844 913; x_wconf 89' lang='lat' dir='ltr'>tuicio,</span> 
     </span>
     <span class='ocr_line' id='line_1_14' title="bbox 462 918 1845 958; baseline -0.001 -9"><span class='ocrx_word' id='word_1_108' title='bbox 462 923 531 949; x_wconf 80' lang='lat' dir='ltr'>tam</span> <span class='ocrx_word' id='word_1_109' title='bbox 557 920 597 949; x_wconf 83' lang='lat' dir='ltr'>de</span> <span class='ocrx_word' id='word_1_110' title='bbox 621 918 695 958; x_wconf 84' lang='lat' dir='ltr'>jure</span> <span class='ocrx_word' id='word_1_111' title='bbox 719 928 819 957; x_wconf 78' lang='lat' dir='ltr'>quam</span> <span class='ocrx_word' id='word_1_112' title='bbox 851 919 953 947; x_wconf 77' lang='lat' dir='ltr'>eciam</span> <span class='ocrx_word' id='word_1_113' title='bbox 986 918 1229 948; x_wconf 80' lang='lat' dir='ltr'>consuetudine</span> <span class='ocrx_word' id='word_1_114' title='bbox 1258 918 1352 948; x_wconf 86' lang='lat' dir='ltr'>nobis</span> <span class='ocrx_word' id='word_1_115' title='bbox 1384 922 1571 957; x_wconf 79' lang='lat' dir='ltr'>competere</span> <span class='ocrx_word' id='word_1_116' title='bbox 1603 918 1845 955; x_wconf 81' lang='lat' dir='ltr'>dinoscantur;</span> 
     </span>
     <span class='ocr_line' id='line_1_15' title="bbox 461 961 1844 1002; baseline -0.001 -9"><span class='ocrx_word' id='word_1_117' title='bbox 461 973 604 1002; x_wconf 86' lang='lat' dir='ltr'>cumque</span> <span class='ocrx_word' id='word_1_118' title='bbox 623 962 743 991; x_wconf 83' lang='lat' dir='ltr'>nostris</span> <span class='ocrx_word' id='word_1_119' title='bbox 767 961 811 991; x_wconf 86' lang='lat' dir='ltr'>sit</span> <span class='ocrx_word' id='word_1_120' title='bbox 834 961 971 991; x_wconf 83' lang='lat' dir='ltr'>auribus</span> <span class='ocrx_word' id='word_1_121' title='bbox 996 964 1126 991; x_wconf 85' lang='lat' dir='ltr'>noviter</span> <span class='ocrx_word' id='word_1_122' title='bbox 1150 961 1346 991; x_wconf 89' lang='lat' dir='ltr'>nunciatum</span> <span class='ocrx_word' id='word_1_123' title='bbox 1373 961 1556 991; x_wconf 87' lang='lat' dir='ltr'>Dominum</span> <span class='ocrx_word' id='word_1_124' title='bbox 1582 962 1745 992; x_wconf 77' lang='lat' dir='ltr'>Jacobum</span> <span class='ocrx_word' id='word_1_125' title='bbox 1769 963 1844 992; x_wconf 83' lang='lat' dir='ltr'>Tre-</span> 
     </span>
     <span class='ocr_line' id='line_1_16' title="bbox 463 1005 1845 1044; baseline -0.001 -8"><span class='ocrx_word' id='word_1_126' title='bbox 463 1006 599 1044; x_wconf 63' lang='lat' dir='ltr'>verbyn,</span> <span class='ocrx_word' id='word_1_127' title='bbox 636 1006 808 1035; x_wconf 77' lang='lat' dir='ltr'>Rectorem</span> <span class='ocrx_word' id='word_1_128' title='bbox 841 1005 920 1034; x_wconf 87' lang='lat' dir='ltr'>dum</span> <span class='ocrx_word' id='word_1_129' title='bbox 955 1005 1039 1034; x_wconf 85' lang='lat' dir='ltr'>vixit</span> <span class='ocrx_word' id='word_1_130' title='bbox 1064 1005 1208 1035; x_wconf 82' lang='lat' dir='ltr'>Ecclesie</span> <span class='ocrx_word' id='word_1_131' title='bbox 1242 1005 1440 1035; x_wconf 80' lang='lat' dir='ltr'>Parochialis</span> <span class='ocrx_word' id='word_1_132' title='bbox 1471 1005 1512 1035; x_wconf 90' lang='lat' dir='ltr'>de</span> <span class='ocrx_word' id='word_1_133' title='bbox 1544 1005 1714 1044; x_wconf 86' lang='lat' dir='ltr'>Ludvone,</span> <span class='ocrx_word' id='word_1_134' title='bbox 1746 1005 1845 1035; x_wconf 83' lang='lat' dir='ltr'>sortis</span> 
     </span>
     <span class='ocr_line' id='line_1_17' title="bbox 463 1048 1845 1089; baseline -0.001 -10"><span class='ocrx_word' id='word_1_135' title='bbox 463 1050 607 1079; x_wconf 83' lang='lat' dir='ltr'>humane</span> <span class='ocrx_word' id='word_1_136' title='bbox 625 1049 776 1078; x_wconf 82' lang='lat' dir='ltr'>debitum</span> <span class='ocrx_word' id='word_1_137' title='bbox 796 1048 989 1088; x_wconf 70' lang='lat' dir='ltr'>persolvisse</span> <span class='ocrx_word' id='word_1_138' title='bbox 1006 1059 1012 1086; x_wconf 87' lang='grc'>;</span> <span class='ocrx_word' id='word_1_139' title='bbox 1037 1059 1077 1078; x_wconf 88' lang='lat' dir='ltr'>ne</span> <span class='ocrx_word' id='word_1_140' title='bbox 1095 1048 1255 1078; x_wconf 84' lang='lat' dir='ltr'>bonorum</span> <span class='ocrx_word' id='word_1_141' title='bbox 1274 1059 1411 1078; x_wconf 82' lang='lat' dir='ltr'>suorum</span> <span class='ocrx_word' id='word_1_142' title='bbox 1429 1048 1613 1086; x_wconf 82' lang='lat' dir='ltr'>mobilium,</span> <span class='ocrx_word' id='word_1_143' title='bbox 1632 1052 1666 1079; x_wconf 86' lang='lat' dir='ltr'>et</span> <span class='ocrx_word' id='word_1_144' title='bbox 1690 1049 1845 1089; x_wconf 79' lang='lat' dir='ltr'><strong>precipue</strong></span> 
     </span>
     <span class='ocr_line' id='line_1_18' title="bbox 463 1092 1843 1131; baseline -0.001 -8"><span class='ocrx_word' id='word_1_145' title='bbox 463 1093 779 1126; x_wconf 77' lang='lat' dir='ltr'>Ecclesiasticorum,</span> <span class='ocrx_word' id='word_1_146' title='bbox 804 1092 965 1121; x_wconf 86' lang='lat' dir='ltr'>ammocio</span> <span class='ocrx_word' id='word_1_147' title='bbox 989 1102 1046 1121; x_wconf 87' lang='lat' dir='ltr'>seu</span> <span class='ocrx_word' id='word_1_148' title='bbox 1071 1092 1255 1131; x_wconf 79' lang='lat' dir='ltr'>(lissipacio,</span> <span class='ocrx_word' id='word_1_149' title='bbox 1273 1092 1313 1121; x_wconf 83' lang='lat' dir='ltr'>(le</span> <span class='ocrx_word' id='word_1_150' title='bbox 1338 1092 1460 1131; x_wconf 85' lang='lat' dir='ltr'>quibus</span> <span class='ocrx_word' id='word_1_151' title='bbox 1483 1092 1706 1122; x_wconf 84' lang='lat' dir='ltr'>verisimiliter</span> <span class='ocrx_word' id='word_1_152' title='bbox 1729 1092 1843 1122; x_wconf 83' lang='lat' dir='ltr'>formi-</span> 
     </span>
     <span class='ocr_line' id='line_1_19' title="bbox 462 1135 1845 1175; baseline -0.001 -8"><span class='ocrx_word' id='word_1_153' title='bbox 462 1138 591 1173; x_wconf 73' lang='lat' dir='ltr'>damus,</span> <span class='ocrx_word' id='word_1_154' title='bbox 609 1135 868 1175; x_wconf 69' lang='lat' dir='ltr'>subsequantur,</span> <span class='ocrx_word' id='word_1_155' title='bbox 886 1135 1021 1165; x_wconf 80' lang='lat' dir='ltr'>mobilia</span> <span class='ocrx_word' id='word_1_156' title='bbox 1045 1135 1129 1165; x_wconf 86' lang='lat' dir='ltr'>bona</span> <span class='ocrx_word' id='word_1_157' title='bbox 1146 1135 1300 1165; x_wconf 78' lang='lat' dir='ltr'>universa</span> <span class='ocrx_word' id='word_1_158' title='bbox 1324 1140 1357 1165; x_wconf 83' lang='lat' dir='ltr'>et</span> <span class='ocrx_word' id='word_1_159' title='bbox 1381 1135 1511 1175; x_wconf 83' lang='lat' dir='ltr'>singula</span> <span class='ocrx_word' id='word_1_160' title='bbox 1534 1146 1599 1175; x_wconf 86' lang='lat' dir='ltr'>que</span> <span class='ocrx_word' id='word_1_161' title='bbox 1623 1136 1744 1175; x_wconf 80' lang='lat' dir='ltr'>prefati</span> <span class='ocrx_word' id='word_1_162' title='bbox 1766 1136 1845 1166; x_wconf 80' lang='lat' dir='ltr'>Reo-</span> 
     </span>
     <span class='ocr_line' id='line_1_20' title="bbox 464 1178 1845 1219; baseline -0.001 -8"><span class='ocrx_word' id='word_1_163' title='bbox 464 1180 546 1211; x_wconf 80' lang='lat' dir='ltr'>toris</span> <span class='ocrx_word' id='word_1_164' title='bbox 563 1180 645 1209; x_wconf 73' lang='lat' dir='ltr'>(lum</span> <span class='ocrx_word' id='word_1_165' title='bbox 664 1179 757 1217; x_wconf 77' lang='lat' dir='ltr'>vixit,</span> <span class='ocrx_word' id='word_1_166' title='bbox 776 1182 811 1208; x_wconf 85' lang='lat' dir='ltr'>et</span> <span class='ocrx_word' id='word_1_167' title='bbox 828 1179 946 1209; x_wconf 87' lang='lat' dir='ltr'>mortis</span> <span class='ocrx_word' id='word_1_168' title='bbox 970 1189 1029 1208; x_wconf 88' lang='lat' dir='ltr'>sue</span> <span class='ocrx_word' id='word_1_169' title='bbox 1054 1182 1213 1218; x_wconf 81' lang='lat' dir='ltr'>tempore,</span> <span class='ocrx_word' id='word_1_170' title='bbox 1232 1178 1372 1218; x_wconf 84' lang='lat' dir='ltr'>propria,</span> <span class='ocrx_word' id='word_1_171' title='bbox 1390 1189 1447 1208; x_wconf 90' lang='lat' dir='ltr'>seu</span> <span class='ocrx_word' id='word_1_172' title='bbox 1472 1179 1655 1218; x_wconf 55' lang='lat' dir='ltr'>comodatzu</span> <span class='ocrx_word' id='word_1_173' title='bbox 1673 1182 1734 1210; x_wconf 90' lang='lat' dir='ltr'>aut</span> <span class='ocrx_word' id='word_1_174' title='bbox 1756 1179 1845 1219; x_wconf 82' lang='lat' dir='ltr'>apud</span> 
     </span>
     <span class='ocr_line' id='line_1_21' title="bbox 463 1221 1847 1264; baseline 0 -11"><span class='ocrx_word' id='word_1_175' title='bbox 463 1224 572 1264; x_wconf 84' lang='lat' dir='ltr'>ipsum</span> <span class='ocrx_word' id='word_1_176' title='bbox 602 1222 751 1262; x_wconf 82' lang='lat' dir='ltr'>deposita</span> <span class='ocrx_word' id='word_1_177' title='bbox 779 1222 964 1260; x_wconf 79' lang='lat' dir='ltr'>extiterint,</span> <span class='ocrx_word' id='word_1_178' title='bbox 991 1232 1067 1251; x_wconf 89' lang='lat' dir='ltr'>cum</span> <span class='ocrx_word' id='word_1_179' title='bbox 1095 1222 1219 1252; x_wconf 90' lang='lat' dir='ltr'>nemini</span> <span class='ocrx_word' id='word_1_180' title='bbox 1243 1221 1298 1261; x_wconf 84' lang='lat' dir='ltr'>jus</span> <span class='ocrx_word' id='word_1_181' title='bbox 1325 1222 1388 1252; x_wconf 82' lang='lat' dir='ltr'>sibi</span> <span class='ocrx_word' id='word_1_182' title='bbox 1412 1222 1520 1252; x_wconf 82' lang='lat' dir='ltr'>dicere</span> <span class='ocrx_word' id='word_1_183' title='bbox 1543 1222 1649 1259; x_wconf 79' lang='lat' dir='ltr'>liceat,</span> <span class='ocrx_word' id='word_1_184' title='bbox 1674 1227 1708 1253; x_wconf 82' lang='lat' dir='ltr'>et</span> <span class='ocrx_word' id='word_1_185' title='bbox 1732 1226 1771 1253; x_wconf 86' lang='lat' dir='ltr'>ut</span> <span class='ocrx_word' id='word_1_186' title='bbox 1796 1223 1847 1252; x_wconf 87' lang='lat' dir='ltr'>via</span> 
     </span>
     <span class='ocr_line' id='line_1_22' title="bbox 463 1265 1846 1306; baseline -0.001 -9"><span class='ocrx_word' id='word_1_187' title='bbox 463 1266 638 1297; x_wconf 77' lang='lat' dir='ltr'>fraudibus</span> <span class='ocrx_word' id='word_1_188' title='bbox 668 1266 894 1305; x_wconf 78' lang='lat' dir='ltr'>precludatur,</span> <span class='ocrx_word' id='word_1_189' title='bbox 926 1268 1042 1296; x_wconf 85' lang='lat' dir='ltr'>tenore</span> <span class='ocrx_word' id='word_1_190' title='bbox 1082 1265 1295 1295; x_wconf 86' lang='lat' dir='ltr'>Presencium</span> <span class='ocrx_word' id='word_1_191' title='bbox 1328 1269 1586 1305; x_wconf 77' lang='lat' dir='ltr'>sequestramus,</span> <span class='ocrx_word' id='word_1_192' title='bbox 1619 1277 1655 1296; x_wconf 83' lang='lat' dir='ltr'>ac</span> <span class='ocrx_word' id='word_1_193' title='bbox 1692 1277 1751 1306; x_wconf 85' lang='lat' dir='ltr'>per</span> <span class='ocrx_word' id='word_1_194' title='bbox 1788 1276 1846 1296; x_wconf 79' lang='lat' dir='ltr'>vos</span> 
     </span>
     <span class='ocr_line' id='line_1_23' title="bbox 463 1309 1845 1351; baseline -0.001 -10"><span class='ocrx_word' id='word_1_195' title='bbox 463 1310 665 1351; x_wconf 61' lang='lat' dir='ltr'>sequestrari</span> <span class='ocrx_word' id='word_1_196' title='bbox 684 1310 838 1339; x_wconf 91' lang='lat' dir='ltr'>volumus</span> <span class='ocrx_word' id='word_1_197' title='bbox 855 1313 889 1339; x_wconf 84' lang='lat' dir='ltr'>et</span> <span class='ocrx_word' id='word_1_198' title='bbox 907 1309 1103 1338; x_wconf 85' lang='lat' dir='ltr'>mandamus</span> <span class='ocrx_word' id='word_1_199' title='bbox 1123 1319 1129 1346; x_wconf 91' lang='lat'>;</span> <span class='ocrx_word' id='word_1_200' title='bbox 1154 1309 1350 1349; x_wconf 72' lang='lat' dir='ltr'>hujusmodi</span> <span class='ocrx_word' id='word_1_201' title='bbox 1368 1309 1473 1339; x_wconf 85' lang='lat' dir='ltr'>nostri</span> <span class='ocrx_word' id='word_1_202' title='bbox 1490 1312 1524 1339; x_wconf 86' lang='lat' dir='ltr'>et</span> <span class='ocrx_word' id='word_1_203' title='bbox 1548 1309 1650 1340; x_wconf 79' lang='lat' dir='ltr'>vestri</span> <span class='ocrx_word' id='word_1_204' title='bbox 1674 1309 1845 1349; x_wconf 86' lang='lat' dir='ltr'>Sequestri</span> 
     </span>
     <span class='ocr_line' id='line_1_24' title="bbox 464 1352 1848 1392; baseline -0.001 -8"><span class='ocrx_word' id='word_1_205' title='bbox 464 1354 650 1385; x_wconf 79' lang='lat' dir='ltr'>custodiam</span> <span class='ocrx_word' id='word_1_206' title='bbox 681 1353 772 1382; x_wconf 88' lang='lat' dir='ltr'>vobis</span> <span class='ocrx_word' id='word_1_207' title='bbox 798 1352 832 1382; x_wconf 91' lang='lat' dir='ltr'>in</span> <span class='ocrx_word' id='word_1_208' title='bbox 867 1353 1010 1382; x_wconf 87' lang='lat' dir='ltr'>Domino</span> <span class='ocrx_word' id='word_1_209' title='bbox 1034 1352 1295 1383; x_wconf 75' lang='lat' dir='ltr'>committentes.</span> <span class='ocrx_word' id='word_1_210' title='bbox 1342 1353 1547 1391; x_wconf 84' lang='lat' dir='ltr'>Inhibemus,</span> <span class='ocrx_word' id='word_1_211' title='bbox 1572 1354 1715 1392; x_wconf 80' lang='lat' dir='ltr'>insuper,</span> <span class='ocrx_word' id='word_1_212' title='bbox 1733 1357 1767 1383; x_wconf 89' lang='lat' dir='ltr'>et</span> <span class='ocrx_word' id='word_1_213' title='bbox 1791 1363 1848 1392; x_wconf 87' lang='lat' dir='ltr'>per</span> 
     </span>
     <span class='ocr_line' id='line_1_25' title="bbox 464 1396 1845 1435; baseline -0.001 -8"><span class='ocrx_word' id='word_1_214' title='bbox 464 1409 521 1428; x_wconf 83' lang='lat' dir='ltr'>vos</span> <span class='ocrx_word' id='word_1_215' title='bbox 539 1397 693 1427; x_wconf 85' lang='lat' dir='ltr'>volumus</span> <span class='ocrx_word' id='word_1_216' title='bbox 717 1396 869 1426; x_wconf 84' lang='lat' dir='ltr'>inhiberi.</span> <span class='ocrx_word' id='word_1_217' title='bbox 894 1396 956 1425; x_wconf 88' lang='lat' dir='ltr'>sub</span> <span class='ocrx_word' id='word_1_218' title='bbox 982 1406 1064 1435; x_wconf 85' lang='lat' dir='ltr'>pena</span> <span class='ocrx_word' id='word_1_219' title='bbox 1088 1396 1121 1425; x_wconf 89' lang='lat' dir='ltr'>in</span> <span class='ocrx_word' id='word_1_220' title='bbox 1147 1396 1345 1426; x_wconf 82' lang='lat' dir='ltr'>Sanctorum</span> <span class='ocrx_word' id='word_1_221' title='bbox 1372 1397 1509 1426; x_wconf 79' lang='lat' dir='ltr'>Patrum</span> <span class='ocrx_word' id='word_1_222' title='bbox 1535 1397 1845 1428; x_wconf 81' lang='lat' dir='ltr'>Constitucionibus</span> 
     </span>
     <span class='ocr_line' id='line_1_26' title="bbox 464 1439 1846 1481; baseline -0.001 -9"><span class='ocrx_word' id='word_1_223' title='bbox 464 1444 666 1481; x_wconf 70' lang='lat' dir='ltr'>express-ata,</span> <span class='ocrx_word' id='word_1_224' title='bbox 692 1450 732 1469; x_wconf 92' lang='lat' dir='ltr'>ne</span> <span class='ocrx_word' id='word_1_225' title='bbox 756 1440 831 1479; x_wconf 86' lang='lat' dir='ltr'>quis</span> <span class='ocrx_word' id='word_1_226' title='bbox 855 1440 1073 1479; x_wconf 77' lang='lat' dir='ltr'>Sequestrum</span> <span class='ocrx_word' id='word_1_227' title='bbox 1106 1443 1258 1469; x_wconf 88' lang='lat' dir='ltr'>nostrum</span> <span class='ocrx_word' id='word_1_228' title='bbox 1292 1439 1487 1480; x_wconf 83' lang='lat' dir='ltr'>hujusmodi</span> <span class='ocrx_word' id='word_1_229' title='bbox 1519 1444 1691 1479; x_wconf 78' lang='lat' dir='ltr'>presumat</span> <span class='ocrx_word' id='word_1_230' title='bbox 1721 1443 1846 1470; x_wconf 87' lang='lat' dir='ltr'>temere</span> 
     </span>
     <span class='ocr_line' id='line_1_27' title="bbox 465 1482 1844 1524; baseline -0.001 -9"><span class='ocrx_word' id='word_1_231' title='bbox 465 1485 594 1515; x_wconf 81' lang='lat' dir='ltr'>violare.</span> <span class='ocrx_word' id='word_1_232' title='bbox 642 1483 753 1521; x_wconf 75' lang='lat' dir='ltr'>Vobis,</span> <span class='ocrx_word' id='word_1_233' title='bbox 772 1483 885 1522; x_wconf 78' lang='lat' dir='ltr'>igitur,</span> <span class='ocrx_word' id='word_1_234' title='bbox 910 1482 1118 1522; x_wconf 82' lang='lat' dir='ltr'>conjunctim</span> <span class='ocrx_word' id='word_1_235' title='bbox 1144 1486 1178 1512; x_wconf 90' lang='lat' dir='ltr'>et</span> <span class='ocrx_word' id='word_1_236' title='bbox 1201 1483 1343 1521; x_wconf 83' lang='lat' dir='ltr'>divisim,</span> <span class='ocrx_word' id='word_1_237' title='bbox 1369 1484 1624 1521; x_wconf 80' lang='lat' dir='ltr'>committimus,</span> <span class='ocrx_word' id='word_1_238' title='bbox 1642 1486 1719 1522; x_wconf 85' lang='lat' dir='ltr'>etc.,</span> <span class='ocrx_word' id='word_1_239' title='bbox 1737 1483 1844 1524; x_wconf 83' lang='lat' dir='ltr'>quati-</span> 
     </span>
     <span class='ocr_line' id='line_1_28' title="bbox 464 1527 1845 1566; baseline -0.001 -7"><span class='ocrx_word' id='word_1_240' title='bbox 464 1540 527 1559; x_wconf 82' lang='lat' dir='ltr'>nus</span> <span class='ocrx_word' id='word_1_241' title='bbox 544 1528 670 1557; x_wconf 81' lang='lat' dir='ltr'>(lictum</span> <span class='ocrx_word' id='word_1_242' title='bbox 690 1531 842 1557; x_wconf 84' lang='lat' dir='ltr'>nostrum</span> <span class='ocrx_word' id='word_1_243' title='bbox 860 1527 1079 1566; x_wconf 77' lang='lat' dir='ltr'>Sequestrum</span> <span class='ocrx_word' id='word_1_244' title='bbox 1097 1527 1151 1563; x_wconf 75' lang='lat' dir='ltr'>sic,</span> <span class='ocrx_word' id='word_1_245' title='bbox 1171 1530 1209 1556; x_wconf 90' lang='lat' dir='ltr'>ut</span> <span class='ocrx_word' id='word_1_246' title='bbox 1232 1527 1451 1566; x_wconf 81' lang='lat' dir='ltr'>premittitur,</span> <span class='ocrx_word' id='word_1_247' title='bbox 1469 1527 1571 1557; x_wconf 78' lang='lat' dir='ltr'>fuisse</span> <span class='ocrx_word' id='word_1_248' title='bbox 1594 1531 1628 1557; x_wconf 84' lang='lat' dir='ltr'>et</span> <span class='ocrx_word' id='word_1_249' title='bbox 1651 1538 1720 1557; x_wconf 86' lang='lat' dir='ltr'>esse</span> <span class='ocrx_word' id='word_1_250' title='bbox 1743 1529 1845 1557; x_wconf 87' lang='lat' dir='ltr'>inter-</span> 
     </span>
     <span class='ocr_line' id='line_1_29' title="bbox 464 1570 1847 1612; baseline -0.001 -11"><span class='ocrx_word' id='word_1_251' title='bbox 464 1572 621 1612; x_wconf 81' lang='lat' dir='ltr'>positum,</span> <span class='ocrx_word' id='word_1_252' title='bbox 639 1571 716 1600; x_wconf 81' lang='lat' dir='ltr'>locis</span> <span class='ocrx_word' id='word_1_253' title='bbox 734 1574 767 1600; x_wconf 91' lang='lat' dir='ltr'>et</span> <span class='ocrx_word' id='word_1_254' title='bbox 784 1570 992 1610; x_wconf 74' lang='lat' dir='ltr'>temporibus</span> <span class='ocrx_word' id='word_1_255' title='bbox 1009 1570 1049 1599; x_wconf 75' lang='lat' dir='ltr'>ad</span> <span class='ocrx_word' id='word_1_256' title='bbox 1067 1570 1099 1599; x_wconf 78' lang='lat' dir='ltr'>id</span> <span class='ocrx_word' id='word_1_257' title='bbox 1117 1570 1272 1609; x_wconf 82' lang='lat' dir='ltr'>congruis</span> <span class='ocrx_word' id='word_1_258' title='bbox 1289 1570 1475 1610; x_wconf 79' lang='lat' dir='ltr'>publicetis,</span> <span class='ocrx_word' id='word_1_259' title='bbox 1493 1574 1527 1600; x_wconf 88' lang='lat' dir='ltr'>et</span> <span class='ocrx_word' id='word_1_260' title='bbox 1542 1570 1670 1601; x_wconf 78' lang='lat' dir='ltr'>faciatis</span> <span class='ocrx_word' id='word_1_261' title='bbox 1687 1581 1744 1610; x_wconf 90' lang='lat' dir='ltr'>per</span> <span class='ocrx_word' id='word_1_262' title='bbox 1766 1571 1847 1600; x_wconf 84' lang='lat' dir='ltr'>alios</span> 
     </span>
     <span class='ocr_line' id='line_1_30' title="bbox 464 1613 1846 1654; baseline -0.001 -9"><span class='ocrx_word' id='word_1_263' title='bbox 464 1626 554 1646; x_wconf 90' lang='lat' dir='ltr'>more</span> <span class='ocrx_word' id='word_1_264' title='bbox 571 1614 670 1644; x_wconf 83' lang='lat' dir='ltr'>simili</span> <span class='ocrx_word' id='word_1_265' title='bbox 686 1613 856 1654; x_wconf 84' lang='lat' dir='ltr'>publicari.</span> <span class='ocrx_word' id='word_1_266' title='bbox 905 1614 949 1643; x_wconf 85' lang='lat' dir='ltr'>Et</span> <span class='ocrx_word' id='word_1_267' title='bbox 965 1613 1045 1653; x_wconf 83' lang='lat' dir='ltr'>quid</span> <span class='ocrx_word' id='word_1_268' title='bbox 1063 1613 1208 1643; x_wconf 76' lang='lat' dir='ltr'>feceritis</span> <span class='ocrx_word' id='word_1_269' title='bbox 1225 1614 1257 1643; x_wconf 94' lang='lat' dir='ltr'>in</span> <span class='ocrx_word' id='word_1_270' title='bbox 1277 1613 1442 1653; x_wconf 70' lang='lat' dir='ltr'>premissis</span> <span class='ocrx_word' id='word_1_271' title='bbox 1468 1614 1656 1644; x_wconf 84' lang='lat' dir='ltr'>certificetis</span> <span class='ocrx_word' id='word_1_272' title='bbox 1680 1625 1739 1644; x_wconf 81' lang='lat' dir='ltr'>nos</span> <span class='ocrx_word' id='word_1_273' title='bbox 1763 1614 1846 1644; x_wconf 81' lang='lat' dir='ltr'>citra</span> 
     </span>
     <span class='ocr_line' id='line_1_31' title="bbox 466 1657 1846 1697; baseline -0.001 -8"><span class='ocrx_word' id='word_1_274' title='bbox 466 1659 603 1689; x_wconf 83' lang='lat' dir='ltr'>Festum</span> <span class='ocrx_word' id='word_1_275' title='bbox 623 1657 901 1687; x_wconf 80' lang='lat' dir='ltr'>Annunciacionis</span> <span class='ocrx_word' id='word_1_276' title='bbox 918 1657 1020 1687; x_wconf 81' lang='lat' dir='ltr'>Beate</span> <span class='ocrx_word' id='word_1_277' title='bbox 1038 1657 1139 1687; x_wconf 80' lang='lat' dir='ltr'>Marie</span> <span class='ocrx_word' id='word_1_278' title='bbox 1164 1657 1314 1697; x_wconf 83' lang='lat' dir='ltr'>proximo</span> <span class='ocrx_word' id='word_1_279' title='bbox 1338 1667 1427 1687; x_wconf 88' lang='lat' dir='ltr'>nunc</span> <span class='ocrx_word' id='word_1_280' title='bbox 1451 1657 1617 1696; x_wconf 82' lang='lat' dir='ltr'>futurum,</span> <span class='ocrx_word' id='word_1_281' title='bbox 1635 1668 1694 1697; x_wconf 87' lang='lat' dir='ltr'>per</span> <span class='ocrx_word' id='word_1_282' title='bbox 1718 1658 1846 1688; x_wconf 81' lang='lat' dir='ltr'>Literas</span> 
     </span>
     <span class='ocr_line' id='line_1_32' title="bbox 464 1700 895 1740; baseline -0.005 -8"><span class='ocrx_word' id='word_1_283' title='bbox 464 1705 590 1732; x_wconf 83' lang='lat' dir='ltr'>vestras</span> <span class='ocrx_word' id='word_1_284' title='bbox 618 1701 778 1740; x_wconf 80' lang='lat' dir='ltr'>(without</span> <span class='ocrx_word' id='word_1_285' title='bbox 794 1700 895 1737; x_wconf 75' lang='lat' dir='ltr'>date).</span> 
     </span>
    </p>
   </div>
   <div class='ocr_carea' id='block_1_4' title="bbox 312 1760 1846 2158">
    <p class='ocr_par' dir='ltr' id='par_1_5' title="bbox 312 1760 1752 1810">
     <span class='ocr_line' id='line_1_33' title="bbox 312 1760 1752 1810; baseline -0.002 -10"><span class='ocrx_word' id='word_1_286' title='bbox 312 1763 536 1801; x_wconf 79' lang='lat' dir='ltr'>f01·99·Torre</span> <span class='ocrx_word' id='word_1_287' title='bbox 558 1762 695 1810; x_wconf 79' lang='lat' dir='ltr'>Abbey</span> <span class='ocrx_word' id='word_1_288' title='bbox 711 1775 720 1808; x_wconf 74' lang='lat'><em>3</em></span> <span class='ocrx_word' id='word_1_289' title='bbox 752 1761 943 1806; x_wconf 75' lang='lat' dir='ltr'>Quomodo</span> <span class='ocrx_word' id='word_1_290' title='bbox 964 1761 1088 1797; x_wconf 73' lang='lat' dir='ltr'>Ahhas</span> <span class='ocrx_word' id='word_1_291' title='bbox 1107 1761 1151 1797; x_wconf 79' lang='lat' dir='ltr'>de</span> <span class='ocrx_word' id='word_1_292' title='bbox 1174 1761 1290 1797; x_wconf 65' lang='lat' dir='ltr'>Tam-e</span> <span class='ocrx_word' id='word_1_293' title='bbox 1301 1760 1398 1809; x_wconf 72' lang='lat' dir='ltr'>fecit</span> <span class='ocrx_word' id='word_1_294' title='bbox 1422 1760 1752 1806; x_wconf 62' lang='lat' dir='ltr'>obedienciam,—</span> 
     </span>
    </p>

    <p class='ocr_par' dir='ltr' id='par_1_6' title="bbox 421 1814 1846 2158">
     <span class='ocr_line' id='line_1_34' title="bbox 421 1814 1846 1855; baseline -0.001 -8"><span class='ocrx_word' id='word_1_295' title='bbox 421 1819 518 1855; x_wconf 73' lang='lat' dir='ltr'>Item,</span> <span class='ocrx_word' id='word_1_296' title='bbox 537 1815 627 1855; x_wconf 83' lang='lat' dir='ltr'>xxvij</span> <span class='ocrx_word' id='word_1_297' title='bbox 653 1816 706 1844; x_wconf 75' lang='lat' dir='ltr'>die</span> <span class='ocrx_word' id='word_1_298' title='bbox 730 1815 824 1852; x_wconf 80' lang='lat' dir='ltr'>Julii,</span> <span class='ocrx_word' id='word_1_299' title='bbox 851 1815 883 1844; x_wconf 91' lang='lat' dir='ltr'>in</span> <span class='ocrx_word' id='word_1_300' title='bbox 914 1815 1046 1854; x_wconf 83' lang='lat' dir='ltr'>Capella</span> <span class='ocrx_word' id='word_1_301' title='bbox 1071 1814 1209 1844; x_wconf 78' lang='lat' dir='ltr'>Manerii</span> <span class='ocrx_word' id='word_1_302' title='bbox 1238 1814 1372 1844; x_wconf 86' lang='lat' dir='ltr'>Domini</span> <span class='ocrx_word' id='word_1_303' title='bbox 1398 1815 1439 1844; x_wconf 84' lang='lat' dir='ltr'>de</span> <span class='ocrx_word' id='word_1_304' title='bbox 1464 1814 1710 1855; x_wconf 82' lang='lat' dir='ltr'>Chuddeleghe,</span> <span class='ocrx_word' id='word_1_305' title='bbox 1729 1815 1846 1846; x_wconf 78' lang='lat' dir='ltr'>Frater</span> 
     </span>
     <span class='ocr_line' id='line_1_35' title="bbox 467 1858 1844 1897; baseline -0.001 -8"><span class='ocrx_word' id='word_1_306' title='bbox 467 1860 651 1890; x_wconf 85' lang='lat' dir='ltr'>Willelmus</span> <span class='ocrx_word' id='word_1_307' title='bbox 670 1859 832 1895; x_wconf 83' lang='lat' dir='ltr'>Nortone,</span> <span class='ocrx_word' id='word_1_308' title='bbox 852 1858 963 1888; x_wconf 81' lang='lat' dir='ltr'>Abbas</span> <span class='ocrx_word' id='word_1_309' title='bbox 982 1858 1173 1888; x_wconf 87' lang='lat' dir='ltr'>Monasterii</span> <span class='ocrx_word' id='word_1_310' title='bbox 1190 1858 1230 1887; x_wconf 84' lang='lat' dir='ltr'>de</span> <span class='ocrx_word' id='word_1_311' title='bbox 1244 1858 1354 1894; x_wconf 88' lang='lat' dir='ltr'>Torre,</span> <span class='ocrx_word' id='word_1_312' title='bbox 1370 1858 1502 1888; x_wconf 78' lang='lat' dir='ltr'>Ordinis</span> <span class='ocrx_word' id='word_1_313' title='bbox 1520 1859 1844 1897; x_wconf 78' lang='lat' dir='ltr'>Premonstratensis,</span> 
     </span>
     <span class='ocr_line' id='line_1_36' title="bbox 465 1901 1845 1942; baseline -0.001 -8"><span class='ocrx_word' id='word_1_314' title='bbox 465 1904 544 1934; x_wconf 78' lang='lat' dir='ltr'>fecit</span> <span class='ocrx_word' id='word_1_315' title='bbox 562 1902 823 1942; x_wconf 77' lang='lat' dir='ltr'>Subjeccionem,</span> <span class='ocrx_word' id='word_1_316' title='bbox 845 1901 1085 1938; x_wconf 72' lang='lat' dir='ltr'>Reverenciam,</span> <span class='ocrx_word' id='word_1_317' title='bbox 1105 1904 1137 1931; x_wconf 88' lang='lat' dir='ltr'>et</span> <span class='ocrx_word' id='word_1_318' title='bbox 1163 1901 1409 1938; x_wconf 78' lang='lat' dir='ltr'>Obedienciam,</span> <span class='ocrx_word' id='word_1_319' title='bbox 1435 1902 1498 1932; x_wconf 78' lang='lat' dir='ltr'>sub</span> <span class='ocrx_word' id='word_1_320' title='bbox 1522 1901 1581 1932; x_wconf 82' lang='lat' dir='ltr'>hac</span> <span class='ocrx_word' id='word_1_321' title='bbox 1602 1902 1709 1932; x_wconf 83' lang='lat' dir='ltr'>forma</span> <span class='ocrx_word' id='word_1_322' title='bbox 1734 1902 1845 1932; x_wconf 88' lang='lat' dir='ltr'>verbo-</span> 
     </span>
     <span class='ocr_line' id='line_1_37' title="bbox 464 1944 1845 1985; baseline -0.001 -8"><span class='ocrx_word' id='word_1_323' title='bbox 464 1947 674 1985; x_wconf 79' lang='lat' dir='ltr'>rum,-Ego,</span> <span class='ocrx_word' id='word_1_324' title='bbox 695 1946 811 1975; x_wconf 84' lang='lat' dir='ltr'>Frater</span> <span class='ocrx_word' id='word_1_325' title='bbox 829 1945 1013 1974; x_wconf 71' lang='lat' dir='ltr'>willelmus</span> <span class='ocrx_word' id='word_1_326' title='bbox 1031 1945 1191 1982; x_wconf 84' lang='lat' dir='ltr'>Nortone,</span> <span class='ocrx_word' id='word_1_327' title='bbox 1218 1944 1330 1974; x_wconf 77' lang='lat' dir='ltr'>Abbas</span> <span class='ocrx_word' id='word_1_328' title='bbox 1355 1945 1547 1975; x_wconf 76' lang='lat' dir='ltr'>Mon-asterii</span> <span class='ocrx_word' id='word_1_329' title='bbox 1570 1945 1610 1974; x_wconf 86' lang='lat' dir='ltr'>de</span> <span class='ocrx_word' id='word_1_330' title='bbox 1635 1945 1744 1984; x_wconf 87' lang='lat' dir='ltr'>Torre,</span> <span class='ocrx_word' id='word_1_331' title='bbox 1769 1949 1845 1983; x_wconf 88' lang='lat' dir='ltr'>etc.‚</span> 
     </span>
     <span class='ocr_line' id='line_1_38' title="bbox 464 1988 1846 2029; baseline -0.001 -9"><span class='ocrx_word' id='word_1_332' title='bbox 464 1991 599 2028; x_wconf 88' lang='lat' dir='ltr'>electus,</span> <span class='ocrx_word' id='word_1_333' title='bbox 625 1988 886 2029; x_wconf 67' lang='lat' dir='ltr'>subjeccionem,</span> <span class='ocrx_word' id='word_1_334' title='bbox 912 1988 1154 2025; x_wconf 79' lang='lat' dir='ltr'>Reverenciam,</span> <span class='ocrx_word' id='word_1_335' title='bbox 1180 1991 1213 2017; x_wconf 90' lang='lat' dir='ltr'>et</span> <span class='ocrx_word' id='word_1_336' title='bbox 1238 1988 1470 2018; x_wconf 82' lang='lat' dir='ltr'>Obedienciatn</span> <span class='ocrx_word' id='word_1_337' title='bbox 1494 1999 1512 2018; x_wconf 83' lang='lat' dir='ltr'>a</span> <span class='ocrx_word' id='word_1_338' title='bbox 1535 1988 1666 2019; x_wconf 80' lang='lat' dir='ltr'>Sanctis</span> <span class='ocrx_word' id='word_1_339' title='bbox 1692 1989 1846 2019; x_wconf 80' lang='lat' dir='ltr'>Patribus</span> 
     </span>
     <span class='ocr_line' id='line_1_39' title="bbox 465 2031 1842 2072; baseline -0.001 -8"><span class='ocrx_word' id='word_1_340' title='bbox 465 2033 694 2070; x_wconf 80' lang='lat' dir='ltr'>constitutam,</span> <span class='ocrx_word' id='word_1_341' title='bbox 712 2032 895 2062; x_wconf 80' lang='lat' dir='ltr'>secundum</span> <span class='ocrx_word' id='word_1_342' title='bbox 911 2032 1070 2071; x_wconf 74' lang='lat' dir='ltr'>Regulam</span> <span class='ocrx_word' id='word_1_343' title='bbox 1084 2031 1197 2062; x_wconf 78' lang='lat' dir='ltr'>Sancti</span> <span class='ocrx_word' id='word_1_344' title='bbox 1215 2031 1405 2071; x_wconf 80' lang='lat' dir='ltr'>Augustini,</span> <span class='ocrx_word' id='word_1_345' title='bbox 1424 2032 1495 2070; x_wconf 85' lang='lat' dir='ltr'>tibi,</span> <span class='ocrx_word' id='word_1_346' title='bbox 1514 2032 1656 2062; x_wconf 85' lang='lat' dir='ltr'>Domine</span> <span class='ocrx_word' id='word_1_347' title='bbox 1673 2033 1842 2072; x_wconf 80' lang='lat' dir='ltr'>Episcope,</span> 
     </span>
     <span class='ocr_line' id='line_1_40' title="bbox 464 2074 1842 2117; baseline -0.002 -9"><span class='ocrx_word' id='word_1_348' title='bbox 464 2077 599 2117; x_wconf 88' lang='lat' dir='ltr'>tuisque</span> <span class='ocrx_word' id='word_1_349' title='bbox 617 2075 867 2106; x_wconf 80' lang='lat' dir='ltr'>Successoribus</span> <span class='ocrx_word' id='word_1_350' title='bbox 895 2075 1057 2105; x_wconf 82' lang='lat' dir='ltr'>Canonice</span> <span class='ocrx_word' id='word_1_351' title='bbox 1083 2074 1338 2113; x_wconf 82' lang='lat' dir='ltr'>substituendis,</span> <span class='ocrx_word' id='word_1_352' title='bbox 1364 2078 1397 2104; x_wconf 91' lang='lat' dir='ltr'>et</span> <span class='ocrx_word' id='word_1_353' title='bbox 1414 2075 1533 2105; x_wconf 78' lang='lat' dir='ltr'>Sancte</span> <span class='ocrx_word' id='word_1_354' title='bbox 1551 2076 1739 2115; x_wconf 78' lang='lat' dir='ltr'>Apostolice</span> <span class='ocrx_word' id='word_1_355' title='bbox 1756 2076 1842 2114; x_wconf 77' lang='lat' dir='ltr'>sedi,</span> 
     </span>
     <span class='ocr_line' id='line_1_41' title="bbox 465 2118 1476 2158; baseline -0.003 -7"><span class='ocrx_word' id='word_1_356' title='bbox 465 2121 554 2151; x_wconf 84' lang='lat' dir='ltr'>salvo</span> <span class='ocrx_word' id='word_1_357' title='bbox 573 2120 696 2150; x_wconf 79' lang='lat' dir='ltr'>Ordine</span> <span class='ocrx_word' id='word_1_358' title='bbox 715 2129 795 2156; x_wconf 84' lang='lat' dir='ltr'>meo,</span> <span class='ocrx_word' id='word_1_359' title='bbox 814 2122 974 2158; x_wconf 83' lang='lat' dir='ltr'>perpetuo</span> <span class='ocrx_word' id='word_1_360' title='bbox 992 2129 1044 2148; x_wconf 89' lang='lat' dir='ltr'>me</span> <span class='ocrx_word' id='word_1_361' title='bbox 1057 2118 1287 2148; x_wconf 77' lang='lat' dir='ltr'>exhibiturum</span> <span class='ocrx_word' id='word_1_362' title='bbox 1306 2118 1476 2158; x_wconf 84' lang='lat' dir='ltr'>promitto.</span> 
     </span>
    </p>
   </div>
   <div class='ocr_carea' id='block_1_5' title="bbox 422 2173 1846 2443">
    <p class='ocr_par' dir='ltr' id='par_1_7' title="bbox 422 2173 1254 2224">
     <span class='ocr_line' id='line_1_42' title="bbox 422 2173 1254 2224; baseline -0.006 -11"><span class='ocrx_word' id='word_1_363' title='bbox 422 2176 730 2224; x_wconf 80' lang='lat' dir='ltr'>Kingsteignton</span> <span class='ocrx_word' id='word_1_364' title='bbox 746 2186 755 2219; x_wconf 76' lang='lat'><em>3</em></span> <span class='ocrx_word' id='word_1_365' title='bbox 784 2173 936 2210; x_wconf 75' lang='lat' dir='ltr'>Lz&#39;cence</span> <span class='ocrx_word' id='word_1_366' title='bbox 957 2179 992 2210; x_wconf 78' lang='lat' dir='ltr'>to</span> <span class='ocrx_word' id='word_1_367' title='bbox 1012 2174 1254 2218; x_wconf 72' lang='lat' dir='ltr'>celebrate,—</span> 
     </span>
    </p>

    <p class='ocr_par' dir='ltr' id='par_1_8' title="bbox 423 2226 1846 2443">
     <span class='ocr_line' id='line_1_43' title="bbox 423 2226 1844 2267; baseline -0.003 -6"><span class='ocrx_word' id='word_1_368' title='bbox 423 2232 519 2267; x_wconf 86' lang='lat' dir='ltr'>Item,</span> <span class='ocrx_word' id='word_1_369' title='bbox 537 2229 660 2259; x_wconf 87' lang='lat' dir='ltr'>eisdem</span> <span class='ocrx_word' id='word_1_370' title='bbox 678 2228 730 2257; x_wconf 84' lang='lat' dir='ltr'>die</span> <span class='ocrx_word' id='word_1_371' title='bbox 747 2231 781 2257; x_wconf 88' lang='lat' dir='ltr'>et</span> <span class='ocrx_word' id='word_1_372' title='bbox 799 2227 877 2263; x_wconf 79' lang='lat' dir='ltr'>loco,</span> <span class='ocrx_word' id='word_1_373' title='bbox 898 2227 1061 2257; x_wconf 86' lang='lat' dir='ltr'>Dominus</span> <span class='ocrx_word' id='word_1_374' title='bbox 1079 2227 1240 2257; x_wconf 87' lang='lat' dir='ltr'>concessit</span> <span class='ocrx_word' id='word_1_375' title='bbox 1258 2227 1441 2257; x_wconf 77' lang='lat' dir='ltr'>Licenciam</span> <span class='ocrx_word' id='word_1_376' title='bbox 1467 2226 1614 2257; x_wconf 75' lang='lat' dir='ltr'>Johanni</span> <span class='ocrx_word' id='word_1_377' title='bbox 1640 2228 1793 2257; x_wconf 82' lang='lat' dir='ltr'>Burdone</span> <span class='ocrx_word' id='word_1_378' title='bbox 1811 2229 1844 2256; x_wconf 79' lang='lat' dir='ltr'>et</span> 
     </span>
     <span class='ocr_line' id='line_1_44' title="bbox 464 2269 1846 2311; baseline -0.002 -9"><span class='ocrx_word' id='word_1_379' title='bbox 464 2273 617 2303; x_wconf 72' lang='lat' dir='ltr'>Joliaiine</span> <span class='ocrx_word' id='word_1_380' title='bbox 635 2270 705 2310; x_wconf 83' lang='lat' dir='ltr'>ejus</span> <span class='ocrx_word' id='word_1_381' title='bbox 724 2271 828 2308; x_wconf 81' lang='lat' dir='ltr'>uxori,</span> <span class='ocrx_word' id='word_1_382' title='bbox 846 2271 933 2311; x_wconf 77' lang='lat' dir='ltr'>quod</span> <span class='ocrx_word' id='word_1_383' title='bbox 953 2270 1079 2310; x_wconf 78' lang='lat' dir='ltr'>possint</span> <span class='ocrx_word' id='word_1_384' title='bbox 1096 2270 1202 2300; x_wconf 77' lang='lat' dir='ltr'>facere</span> <span class='ocrx_word' id='word_1_385' title='bbox 1220 2270 1337 2300; x_wconf 75' lang='lat' dir='ltr'>Divina</span> <span class='ocrx_word' id='word_1_386' title='bbox 1355 2270 1521 2308; x_wconf 82' lang='lat' dir='ltr'>celebrari,</span> <span class='ocrx_word' id='word_1_387' title='bbox 1539 2274 1612 2309; x_wconf 91' lang='lat' dir='ltr'>etc.,</span> <span class='ocrx_word' id='word_1_388' title='bbox 1630 2270 1662 2300; x_wconf 92' lang='lat' dir='ltr'>in</span> <span class='ocrx_word' id='word_1_389' title='bbox 1680 2269 1846 2310; x_wconf 78' lang='lat' dir='ltr'>presencia</span> 
     </span>
     <span class='ocr_line' id='line_1_45' title="bbox 466 2314 1843 2356; baseline -0.002 -10"><span class='ocrx_word' id='word_1_390' title='bbox 466 2317 613 2356; x_wconf 66' lang='lat' dir='ltr'>ipsorum</span> <span class='ocrx_word' id='word_1_391' title='bbox 642 2325 699 2344; x_wconf 87' lang='lat' dir='ltr'>seu</span> <span class='ocrx_word' id='word_1_392' title='bbox 727 2325 842 2344; x_wconf 86' lang='lat' dir='ltr'>eorum</span> <span class='ocrx_word' id='word_1_393' title='bbox 867 2314 1015 2350; x_wconf 80' lang='lat' dir='ltr'>alterius,</span> <span class='ocrx_word' id='word_1_394' title='bbox 1044 2314 1077 2344; x_wconf 91' lang='lat' dir='ltr'>in</span> <span class='ocrx_word' id='word_1_395' title='bbox 1104 2314 1237 2353; x_wconf 81' lang='lat' dir='ltr'>Capella</span> <span class='ocrx_word' id='word_1_396' title='bbox 1260 2314 1328 2344; x_wconf 88' lang='lat' dir='ltr'>sive</span> <span class='ocrx_word' id='word_1_397' title='bbox 1352 2314 1503 2345; x_wconf 78' lang='lat' dir='ltr'>Oratorio</span> <span class='ocrx_word' id='word_1_398' title='bbox 1526 2314 1613 2344; x_wconf 84' lang='lat' dir='ltr'>infra</span> <span class='ocrx_word' id='word_1_399' title='bbox 1640 2314 1843 2344; x_wconf 81' lang='lat' dir='ltr'>Mansionem</span> 
     </span>
     <span class='ocr_line' id='line_1_46' title="bbox 465 2357 1843 2398; baseline -0.002 -8"><span class='ocrx_word' id='word_1_400' title='bbox 465 2360 646 2390; x_wconf 78' lang='lat' dir='ltr'>eorundem</span> <span class='ocrx_word' id='word_1_401' title='bbox 660 2359 700 2388; x_wconf 69' lang='lat' dir='ltr'>‹le</span> <span class='ocrx_word' id='word_1_402' title='bbox 713 2358 963 2395; x_wconf 83' lang='lat' dir='ltr'>Burdonewere,</span> <span class='ocrx_word' id='word_1_403' title='bbox 978 2358 1063 2387; x_wconf 81' lang='lat' dir='ltr'>infra</span> <span class='ocrx_word' id='word_1_404' title='bbox 1078 2357 1270 2387; x_wconf 81' lang='lat' dir='ltr'>Parochiam</span> <span class='ocrx_word' id='word_1_405' title='bbox 1288 2358 1328 2387; x_wconf 77' lang='lat' dir='ltr'>cle</span> <span class='ocrx_word' id='word_1_406' title='bbox 1341 2358 1535 2398; x_wconf 79' lang='lat' dir='ltr'>Teyngtone</span> <span class='ocrx_word' id='word_1_407' title='bbox 1548 2357 1645 2397; x_wconf 83' lang='lat' dir='ltr'>Regis</span> <span class='ocrx_word' id='word_1_408' title='bbox 1662 2357 1817 2387; x_wconf 83' lang='lat' dir='ltr'>situatam</span> <span class='ocrx_word' id='word_1_409' title='bbox 1836 2365 1843 2393; x_wconf 88' lang='lat'>;</span> 
     </span>
     <span class='ocr_line' id='line_1_47' title="bbox 465 2401 1010 2443; baseline -0.004 -11"><span class='ocrx_word' id='word_1_410' title='bbox 465 2414 521 2443; x_wconf 85' lang='lat' dir='ltr'>per</span> <span class='ocrx_word' id='word_1_411' title='bbox 540 2412 644 2432; x_wconf 91' lang='lat' dir='ltr'>unum</span> <span class='ocrx_word' id='word_1_412' title='bbox 662 2411 785 2431; x_wconf 82' lang='lat' dir='ltr'>annum</span> <span class='ocrx_word' id='word_1_413' title='bbox 804 2401 1010 2431; x_wconf 72' lang='lat' dir='ltr'>duraturam.</span> 
     </span>
    </p>
   </div>
   <div class='ocr_carea' id='block_1_6' title="bbox 422 2454 1844 2872">
    <p class='ocr_par' dir='ltr' id='par_1_9' title="bbox 422 2454 1844 2613">
     <span class='ocr_line' id='line_1_48' title="bbox 422 2454 1844 2506; baseline -0.003 -11"><span class='ocrx_word' id='word_1_414' title='bbox 422 2458 721 2506; x_wconf 79' lang='lat' dir='ltr'>Archdcaconry</span> <span class='ocrx_word' id='word_1_415' title='bbox 741 2456 781 2492; x_wconf 85' lang='lat' dir='ltr'>of</span> <span class='ocrx_word' id='word_1_416' title='bbox 802 2455 1033 2504; x_wconf 79' lang='lat' dir='ltr'>Barnstaple</span> <span class='ocrx_word' id='word_1_417' title='bbox 1051 2468 1060 2501; x_wconf 76' lang='lat'><em>3</em></span> <span class='ocrx_word' id='word_1_418' title='bbox 1083 2454 1232 2492; x_wconf 70' lang='lat' dir='ltr'>Citacio</span> <span class='ocrx_word' id='word_1_419' title='bbox 1253 2469 1363 2503; x_wconf 73' lang='lat' dir='ltr'>super</span> <span class='ocrx_word' id='word_1_420' title='bbox 1382 2456 1583 2503; x_wconf 58' lang='lat' dir='ltr'>defit-tibus</span> <span class='ocrx_word' id='word_1_421' title='bbox 1598 2455 1640 2492; x_wconf 71' lang='lat' dir='ltr'>in</span> <span class='ocrx_word' id='word_1_422' title='bbox 1659 2454 1844 2493; x_wconf 73' lang='lat' dir='ltr'>Cancellis</span> 
     </span>
     <span class='ocr_line' id='line_1_49' title="bbox 476 2509 1844 2558; baseline -0.002 -10"><span class='ocrx_word' id='word_1_423' title='bbox 476 2518 509 2548; x_wconf 74' lang='lat' dir='ltr'>et</span> <span class='ocrx_word' id='word_1_424' title='bbox 529 2511 621 2548; x_wconf 68' lang='lat' dir='ltr'>aliis</span> <span class='ocrx_word' id='word_1_425' title='bbox 644 2509 887 2547; x_wconf 64' lang='lat' dir='ltr'>Ornamentis</span> <span class='ocrx_word' id='word_1_426' title='bbox 908 2509 1166 2546; x_wconf 64' lang='lat' dir='ltr'>Ecclesiarmn</span> <span class='ocrx_word' id='word_1_427' title='bbox 1186 2510 1297 2558; x_wconf 73' lang='lat' dir='ltr'>infra</span> <span class='ocrx_word' id='word_1_428' title='bbox 1311 2509 1677 2547; x_wconf 71' lang='lat' dir='ltr'>Arclzz&#39;dz&#39;aconatum</span> <span class='ocrx_word' id='word_1_429' title='bbox 1695 2510 1844 2547; x_wconf 73' lang='lat' dir='ltr'>Barna-</span> 
     </span>
     <span class='ocr_line' id='line_1_50' title="bbox 476 2565 803 2613; baseline -0.009 -11"><span class='ocrx_word' id='word_1_430' title='bbox 476 2565 803 2613; x_wconf 70' lang='lat' dir='ltr'>scapoliensem‚—</span> 
     </span>
    </p>

    <p class='ocr_par' dir='ltr' id='par_1_10' title="bbox 423 2616 1843 2872">
     <span class='ocr_line' id='line_1_51' title="bbox 423 2616 1841 2658; baseline -0.002 -9"><span class='ocrx_word' id='word_1_431' title='bbox 423 2620 577 2656; x_wconf 82' lang='lat' dir='ltr'>Thomas,</span> <span class='ocrx_word' id='word_1_432' title='bbox 595 2622 666 2655; x_wconf 81' lang='lat' dir='ltr'>etc.‚</span> <span class='ocrx_word' id='word_1_433' title='bbox 684 2617 924 2648; x_wconf 80' lang='lat' dir='ltr'>Archicliacono</span> <span class='ocrx_word' id='word_1_434' title='bbox 941 2620 1053 2646; x_wconf 82' lang='lat' dir='ltr'>nostro</span> <span class='ocrx_word' id='word_1_435' title='bbox 1070 2617 1329 2656; x_wconf 74' lang='lat' dir='ltr'>Barnastapolie,</span> <span class='ocrx_word' id='word_1_436' title='bbox 1355 2617 1405 2647; x_wconf 87' lang='lat' dir='ltr'>vel</span> <span class='ocrx_word' id='word_1_437' title='bbox 1422 2617 1495 2658; x_wconf 85' lang='lat' dir='ltr'>ejus</span> <span class='ocrx_word' id='word_1_438' title='bbox 1513 2617 1650 2649; x_wconf 82' lang='lat' dir='ltr'>Officiali</span> <span class='ocrx_word' id='word_1_439' title='bbox 1674 2627 1730 2646; x_wconf 86' lang='lat' dir='ltr'>seu</span> <span class='ocrx_word' id='word_1_440' title='bbox 1748 2616 1841 2647; x_wconf 85' lang='lat' dir='ltr'>Com-</span> 
     </span>
     <span class='ocr_line' id='line_1_52' title="bbox 466 2658 1843 2697; baseline -0.004 -4"><span class='ocrx_word' id='word_1_441' title='bbox 466 2662 616 2693; x_wconf 83' lang='lat' dir='ltr'>missario</span> <span class='ocrx_word' id='word_1_442' title='bbox 643 2661 794 2691; x_wconf 87' lang='lat' dir='ltr'>locumve</span> <span class='ocrx_word' id='word_1_443' title='bbox 818 2660 957 2695; x_wconf 74' lang='lat' dir='ltr'>tenenti,</span> <span class='ocrx_word' id='word_1_444' title='bbox 983 2660 1135 2697; x_wconf 82' lang='lat' dir='ltr'>salutem,</span> <span class='ocrx_word' id='word_1_445' title='bbox 1160 2661 1354 2691; x_wconf 87' lang='lat' dir='ltr'>etc.——Cum</span> <span class='ocrx_word' id='word_1_446' title='bbox 1378 2671 1444 2690; x_wconf 88' lang='lat' dir='ltr'>non</span> <span class='ocrx_word' id='word_1_447' title='bbox 1468 2661 1536 2690; x_wconf 86' lang='lat' dir='ltr'>sint</span> <span class='ocrx_word' id='word_1_448' title='bbox 1559 2660 1687 2690; x_wconf 88' lang='lat' dir='ltr'>ferendi</span> <span class='ocrx_word' id='word_1_449' title='bbox 1710 2658 1843 2690; x_wconf 85' lang='lat' dir='ltr'>comoda</span> 
     </span>
     <span class='ocr_line' id='line_1_53' title="bbox 467 2703 1843 2745; baseline -0.003 -9"><span class='ocrx_word' id='word_1_450' title='bbox 467 2706 705 2745; x_wconf 78' lang='lat' dir='ltr'>amplectentes</span> <span class='ocrx_word' id='word_1_451' title='bbox 721 2704 748 2733; x_wconf 88' lang='lat' dir='ltr'>si</span> <span class='ocrx_word' id='word_1_452' title='bbox 765 2714 891 2734; x_wconf 79' lang='lat' dir='ltr'>annexa</span> <span class='ocrx_word' id='word_1_453' title='bbox 908 2714 1005 2733; x_wconf 86' lang='lat' dir='ltr'>onera</span> <span class='ocrx_word' id='word_1_454' title='bbox 1022 2703 1190 2733; x_wconf 84' lang='lat' dir='ltr'>voluerint</span> <span class='ocrx_word' id='word_1_455' title='bbox 1213 2714 1373 2741; x_wconf 86' lang='lat' dir='ltr'>recusare,</span> <span class='ocrx_word' id='word_1_456' title='bbox 1400 2714 1437 2733; x_wconf 78' lang='lat' dir='ltr'>ac</span> <span class='ocrx_word' id='word_1_457' title='bbox 1460 2705 1493 2734; x_wconf 94' lang='lat' dir='ltr'>in</span> <span class='ocrx_word' id='word_1_458' title='bbox 1510 2703 1709 2734; x_wconf 84' lang='lat' dir='ltr'>Visitacione</span> <span class='ocrx_word' id='word_1_459' title='bbox 1732 2705 1843 2733; x_wconf 69' lang='lat' dir='ltr'>nostra</span> 
     </span>
     <span class='ocr_line' id='line_1_54' title="bbox 467 2743 1842 2786; baseline -0.004 -7"><span class='ocrx_word' id='word_1_460' title='bbox 467 2750 499 2779; x_wconf 86' lang='lat' dir='ltr'>in</span> <span class='ocrx_word' id='word_1_461' title='bbox 526 2748 801 2779; x_wconf 78' lang='lat' dir='ltr'>Archidiaconatu</span> <span class='ocrx_word' id='word_1_462' title='bbox 827 2747 975 2786; x_wconf 84' lang='lat' dir='ltr'>predicto</span> <span class='ocrx_word' id='word_1_463' title='bbox 993 2746 1112 2776; x_wconf 84' lang='lat' dir='ltr'>ultimo</span> <span class='ocrx_word' id='word_1_464' title='bbox 1130 2747 1293 2777; x_wconf 88' lang='lat' dir='ltr'>Canonice</span> <span class='ocrx_word' id='word_1_465' title='bbox 1310 2747 1462 2785; x_wconf 78' lang='lat' dir='ltr'>exercita,</span> <span class='ocrx_word' id='word_1_466' title='bbox 1479 2747 1512 2777; x_wconf 91' lang='lat' dir='ltr'>in</span> <span class='ocrx_word' id='word_1_467' title='bbox 1531 2747 1691 2779; x_wconf 79' lang='lat' dir='ltr'>Cancellis</span> <span class='ocrx_word' id='word_1_468' title='bbox 1707 2743 1842 2776; x_wconf 86' lang='lat' dir='ltr'>Ecclesi—</span> 
     </span>
     <span class='ocr_line' id='line_1_55' title="bbox 469 2787 1838 2830; baseline -0.003 -8"><span class='ocrx_word' id='word_1_469' title='bbox 469 2802 562 2822; x_wconf 78' lang='lat' dir='ltr'>arum</span> <span class='ocrx_word' id='word_1_470' title='bbox 580 2791 864 2830; x_wconf 72' lang='lat' dir='ltr'>appropriat-arum</span> <span class='ocrx_word' id='word_1_471' title='bbox 882 2793 916 2820; x_wconf 86' lang='lat' dir='ltr'>et</span> <span class='ocrx_word' id='word_1_472' title='bbox 934 2800 998 2819; x_wconf 88' lang='lat' dir='ltr'>non</span> <span class='ocrx_word' id='word_1_473' title='bbox 1016 2789 1315 2829; x_wconf 75' lang='lat' dir='ltr'>appropriatarum,</span> <span class='ocrx_word' id='word_1_474' title='bbox 1332 2800 1369 2820; x_wconf 84' lang='lat' dir='ltr'>ac</span> <span class='ocrx_word' id='word_1_475' title='bbox 1386 2790 1488 2820; x_wconf 78' lang='lat' dir='ltr'>eciam</span> <span class='ocrx_word' id='word_1_476' title='bbox 1505 2790 1537 2820; x_wconf 91' lang='lat' dir='ltr'>in</span> <span class='ocrx_word' id='word_1_477' title='bbox 1555 2800 1621 2820; x_wconf 92' lang='lat' dir='ltr'>non</span> <span class='ocrx_word' id='word_1_478' title='bbox 1639 2787 1838 2830; x_wconf 78' lang='lat' dir='ltr'>appropriat-</span> 
     </span>
     <span class='ocr_line' id='line_1_56' title="bbox 466 2832 1840 2872; baseline -0.004 -7"><span class='ocrx_word' id='word_1_479' title='bbox 466 2845 560 2866; x_wconf 80' lang='lat' dir='ltr'>arum</span> <span class='ocrx_word' id='word_1_480' title='bbox 572 2834 736 2872; x_wconf 84' lang='lat' dir='ltr'>domibus,</span> <span class='ocrx_word' id='word_1_481' title='bbox 748 2843 874 2864; x_wconf 87' lang='lat' dir='ltr'>necnon</span> <span class='ocrx_word' id='word_1_482' title='bbox 888 2833 921 2863; x_wconf 89' lang='lat' dir='ltr'>in</span> <span class='ocrx_word' id='word_1_483' title='bbox 936 2833 1042 2863; x_wconf 83' lang='lat' dir='ltr'>Libris</span> <span class='ocrx_word' id='word_1_484' title='bbox 1056 2832 1321 2872; x_wconf 82' lang='lat' dir='ltr'>Matutinalibus,</span> <span class='ocrx_word' id='word_1_485' title='bbox 1336 2833 1486 2864; x_wconf 83' lang='lat' dir='ltr'>defectus</span> <span class='ocrx_word' id='word_1_486' title='bbox 1497 2833 1658 2864; x_wconf 84' lang='lat' dir='ltr'>notabiles</span> <span class='ocrx_word' id='word_1_487' title='bbox 1670 2832 1840 2863; x_wconf 83' lang='lat' dir='ltr'>imminere</span> 
     </span>
    </p>
   </div>
  </div>
 </body>
</html>
