1987 3062
289 217 385 263 344

289 333 366 360 AD.

291 367 364 393 1374.

293 400 352 427 Vol.
375 402 397 427 Ι.

290 467 338 494 sol.
349 470 390 496 54.

502 233 600 267 THE
635 235 878 270 REGISTER
913 237 970 270 OF
1005 237 1183 272 BISHOP
1217 238 1622 275 BRANTYNGHAM.

443 338 611 377 quillitate
637 339 734 371 letari
761 341 904 378 valeant,
928 341 1044 379 foveri,
1069 345 1103 373 et
1130 343 1325 375 conversari.
1374 344 1431 383 Ut,
1455 347 1579 383 autem,
1605 355 1659 375 eos
1683 347 1717 375 et
1740 344 1821 375 alios

444 381 569 413 Christi
594 383 706 414 fideles
729 387 860 414 nostros
883 385 1061 424 utriusque
1086 396 1185 416 sexus
1210 387 1362 418 subditos
1386 388 1428 417 ad
1454 388 1603 427 predicta
1631 388 1820 418 devocionis

441 434 541 464 opera
555 426 716 457 allectivis
733 427 1025 467 Indulgenciarum
1043 429 1237 460 muneribus
1261 430 1456 470 propensius
1473 431 1660 469 incitemus,
1680 431 1819 470 singulis

442 477 557 499 eorum
575 469 616 499 ad
632 470 721 500 viam
738 470 862 501 Salutis
876 471 1068 511 preparatis,
1083 473 1139 512 qui
1153 472 1259 503 dictas
1274 473 1388 503 Missas
1400 474 1578 512 audierint,
1595 474 1819 504 Processiones

444 512 550 542 secuti
572 512 708 551 fuerint,
727 514 988 553 Oracionemque
1012 515 1221 546 Dominio-am
1244 527 1320 547 cum
1345 517 1555 548 Salutacione
1580 517 1728 548 Gloriose
1744 517 1817 547 Vir-

443 554 528 593 ginis
556 555 670 593 Marie,
698 557 882 587 Genetricis
906 557 977 596 Dei,
1004 558 1161 597 dixerint,
1189 560 1243 599 pia
1267 563 1389 596 mente,
1409 571 1468 600 pro
1496 560 1662 599 predictis,
1691 560 1732 590 de
1758 560 1818 591 Dei

445 597 694 637 Omnipotentis
717 600 948 639 misericordia,
975 601 1169 632 Beati-ssime
1192 606 1227 633 et
1252 603 1400 633 Gloriose
1419 603 1574 643 Virginis,
1603 603 1719 634 Matris
1744 604 1819 641 Sue,

443 650 570 672 necnon
596 642 773 673 Beatorum
796 643 889 674 Petri
912 647 947 674 et
971 644 1075 683 Pauli,
1100 645 1346 685 Apostolorum,
1372 647 1594 677 Patronorum
1617 650 1820 683 nostrorum,

445 684 671 725 Omniumque
698 687 897 717 Sanctorum
925 687 1054 718 meritis
1077 691 1112 719 et
1136 689 1287 728 precibus
1310 689 1524 728 confidentes,
1549 690 1703 720 omnibus
1726 689 1821 720 nobis

442 727 517 767 jure
534 728 716 759 Diocesano
732 729 902 769 subjectis,
919 734 953 761 et
969 731 1041 761 aliis
1057 742 1200 771 quorum
1228 733 1398 763 Diocesani
1421 733 1506 764 hanc
1529 736 1679 764 nostram
1703 733 1819 764 Indul-

443 771 593 809 genciam
624 775 733 803 ratam
763 773 944 804 habuerint
978 777 1012 804 et
1048 778 1228 815 acceptam,
1260 779 1295 806 et
1326 776 1627 816 quocienscumque
1662 776 1821 816 premissa

443 814 593 853 fecerint,
620 816 843 856 quadraginta
869 817 939 847 dies
966 817 1007 847 de
1032 818 1185 858 injuncta
1215 819 1261 849 eis
1290 820 1476 859 penitencia
1503 819 1760 850 misericorditer
1786 819 1820 850 in

445 857 589 888 Domino
615 859 812 889 relaxamus.
862 860 996 891 Proviso
1021 862 1111 901 quod
1137 863 1295 902 premissa
1323 863 1443 902 exequi
1470 863 1610 894 sollicite
1637 863 1760 893 curetis
1787 865 1822 893 et

444 900 614 939 continue,
633 902 736 933 donec
751 903 842 933 aliud
858 903 935 934 inde
954 904 1047 935 vobis
1070 905 1260 936 dederimus
1283 906 1316 936 111
1340 906 1518 937 mandatis.
1567 906 1671 944 Diem,
1696 909 1821 943 autem,

444 944 643 984 recepcionis
661 945 884 983 Presencium,
904 950 939 978 et
955 948 1160 978 execucionis
1183 959 1297 979 earum
1321 949 1473 986 formam,
1491 949 1594 986 nobis,
1612 949 1699 979 infra
1717 950 1821 986 Quin-

444 986 562 1017 denam
596 991 671 1027 post
697 989 835 1020 Festum
864 991 979 1021 Sancti
1003 991 1172 1022 Michaelis
1198 992 1350 1032 proximo
1376 992 1446 1032 jam
1475 993 1640 1031 futurum,
1667 993 1824 1023 intimare

444 1031 609 1061 studeatis
633 1042 692 1071 per
714 1036 842 1063 vestras
866 1036 1020 1072 patentes
1045 1034 1181 1072 Literas,
1207 1035 1368 1066 habentes
1391 1035 1481 1066 hunc
1504 1035 1823 1066 tenorem.—Dated

443 1076 479 1103 at
496 1073 693 1114 Chudleigh,
712 1076 729 1105 9
748 1076 1097 1115 September.-—Item,
1112 1078 1293 1108 consimilia
1306 1079 1466 1109 Mandata
1479 1082 1679 1109 emanarunt
1693 1079 1824 1109 Decano

442 1116 588 1148 Ecclesie
612 1118 830 1157 Cathedralis,
847 1130 884 1149 ac
900 1120 1147 1151 Archidiaconis
1172 1122 1307 1160 Exonie,
1325 1122 1492 1161 Tottonie,
1509 1126 1544 1153 et
1564 1122 1823 1162 Barnastapolie,

443 1169 500 1190 seu
519 1171 634 1191 eorum
651 1161 863 1194 Officialibus.

403 1210 715 1259 Indulgence‚-—

401 1264 499 1302 Item,
526 1264 616 1303 apud
648 1264 896 1305 Chuddeleghe,
925 1266 1049 1297 eisdem
1077 1266 1140 1303 die,
1168 1267 1248 1305 loco,
1279 1270 1313 1297 et
1343 1277 1440 1305 anno,
1474 1267 1637 1298 Dominus
1665 1267 1826 1298 concessit

445 1307 696 1347 Indulgenciam
713 1309 745 1339 xl
763 1309 893 1339 dIerum
917 1309 1072 1340 omnibus
1096 1310 1303 1350 parochianis
1327 1311 1405 1347 suis,
1426 1314 1460 1341 et
1483 1311 1555 1341 aliis
1579 1321 1723 1350 quorum
1748 1311 1824 1341 Dio-

444 1351 562 1388 cesani,
579 1355 652 1390 etc.,
670 1352 727 1392 qui
750 1363 810 1391 pro
832 1353 943 1383 anima
968 1353 1096 1390 Cecilie,
1115 1354 1283 1393 quondam
1310 1354 1421 1384 uxoris
1448 1354 1615 1393 Radulphi
1640 1354 1825 1394 Schillyng-

445 1394 548 1432 forde,
562 1404 599 1425 ac
615 1405 674 1434 pro
690 1395 865 1426 animabus
882 1396 1031 1426 omnium
1052 1397 1216 1427 Fidelium
1230 1397 1480 1434 defunctorum,
1501 1398 1692 1428 Oracionem
1712 1396 1825 1427 Domi-

446 1437 554 1468 nicam
586 1448 662 1468 cum
691 1439 903 1469 Salutacione
934 1440 1092 1479 Angelica
1124 1440 1272 1471 dixerint
1303 1443 1416 1471 mente
1447 1441 1527 1480 pia:
1557 1440 1760 1471 ratificantos
1791 1444 1826 1472 et

444 1480 680 1512 confirmantes
698 1482 929 1521 Indulgencias
950 1493 969 1512 a
985 1483 1254 1523 quibuscumque
1272 1484 1442 1524 Epi-scopis
1461 1484 1650 1522 Catholicis,
1668 1484 1700 1514 in
1719 1494 1824 1524 quan-

445 1527 521 1554 tum
537 1534 556 1554 a
570 1524 645 1564 jure
662 1525 860 1564 permissum
878 1529 938 1564 est,
956 1526 990 1556 in
1006 1527 1068 1557 hac
1084 1530 1179 1566 parte
1196 1537 1372 1558 concessas.
1590 1538 1593 1541 ·

400 1577 554 1616 Ashton
572 1592 582 1625 3
612 1578 921 1627 &quenquenn—

401 1632 499 1670 Item,
517 1632 641 1663 eisdem
658 1633 710 1664 die
727 1636 761 1664 et
777 1634 857 1672 loco,
875 1634 1043 1665 emanavit
1061 1645 1166 1665 unum
1184 1635 1414 1675 Sequestrum,
1433 1646 1491 1675 per
1516 1635 1695 1666 Dominum
1721 1635 1822 1666 inter—

444 1675 592 1715 positum
617 1686 657 1706 ex
682 1677 796 1707 Officio
819 1682 972 1717 promoto
995 1688 1054 1717 per
1077 1678 1241 1709 Jacobum
1265 1679 1306 1709 de
1331 1679 1577 1718 Chuddeleghe,
1601 1678 1824 1717 domicellum,

446 1719 578 1749 Decano
594 1719 635 1749 de
654 1720 839 1750 Donsforde
857 1724 892 1751 et
911 1721 1042 1751 Hectori
1068 1722 1212 1752 Ecclesie
1235 1722 1276 1752 de
1301 1722 1387 1762 Leye
1412 1721 1760 1761 [Doddiscombslez'ykL
1784 1723 1826 1752 ad

447 1763 738 1802 sequestrandum,
756 1766 791 1794 et
818 1764 880 1794 sub
897 1764 1070 1804 Sequestri
1093 1765 1245 1795 custodia
1268 1766 1479 1802 servandum,
1496 1765 1579 1796 duas
1602 1770 1714 1804 partes
1737 1766 1825 1796 fruc-

442 1808 542 1836 tuum
558 1808 593 1836 et
609 1806 852 1837 obvencionum
878 1807 1021 1837 Ecclesie
1045 1808 1245 1838 Parochialis
1269 1809 1310 1838 de
1327 1808 1556 1847 Asschestone,
1574 1809 1616 1838 de
1642 1809 1825 1839 Patronatu

447 1848 529 1879 dicti
546 1849 661 1879 Jacobi
678 1860 684 1887 3
710 1860 769 1889 pro
785 1860 822 1880 eo
840 1851 928 1890 quod
947 1851 1070 1881 Rector
1085 1851 1188 1890 ipsius
1210 1851 1350 1882 Ecclesie
1366 1852 1482 1882 domos
1506 1852 1659 1882 Rectorie
1682 1855 1716 1882 et
1740 1852 1824 1883 Can-

444 1892 566 1922 eellum
582 1892 687 1922 ruinis
704 1896 818 1932 patere
833 1896 868 1924 et
884 1893 1056 1933 subjacere
1072 1894 1242 1934 permittit
1257 1905 1265 1931 ;
1288 1894 1492 1925 duraturum
1516 1905 1690 1934 quousque
1713 1895 1824 1926 dictus

447 1935 570 1966 Rector-
586 1936 806 1966 snfficientem
822 1937 1013 1967 caucionem
1030 1937 1071 1967 de
1088 1937 1280 1976 reparando,
1298 1941 1376 1976 etc.,
1395 1938 1538 1968 Domino
1558 1938 1755 1978 prestiterit.

603 1978 721 2018 [Space
736 1979 789 2009 for
804 1989 866 2009 one
884 1980 993 2020 Entry
1012 1981 1044 2017 (2
1060 1979 1157 2020 lines)
1174 1991 1239 2011 was
1255 1981 1409 2012 reserved
1425 1981 1532 2020 he1·e.]

405 2030 596 2069 Buckfast
616 2032 758 2081 Bridge
772 2046 782 2079 3
815 2034 1260 2082 Indulyencz‘a—Pontis
1281 2035 1566 2083 Bickfest⁷·2'e,—-

406 2084 503 2122 Item,
530 2086 663 2125 ibidem,
681 2086 715 2127 xj
734 2087 787 2117 die
811 2087 933 2118 mensis
955 2088 1118 2127 ejusdem,
1140 2088 1303 2119 Dominus
1325 2089 1488 2119 concessit
1511 2089 1733 2130 quadraginta
1756 2089 1826 2120 dies

448 2128 665 2169 Indulgencie
681 2130 835 2160 omnibus
852 2131 1058 2170 parochianis
1075 2132 1152 2169 suis,
1169 2134 1203 2162 et
1220 2132 1292 2162 aliis
1309 2142 1453 2172 quorum
1478 2132 1660 2172 Diocesani,
1677 2136 1750 2170 etc„
1769 2132 1827 2172 qui

448 2172 491 2202 ad
513 2172 674 2203 fabricam
697 2183 755 2204 seu
778 2174 1050 2205 reformacionem
1069 2175 1186 2206 Pontis
1203 2175 1403 2214 Bukfestrie‚
1421 2175 1520 2215 juxta
1536 2176 1657 2206 Villam
1674 2176 1715 2206 de
1739 2175 1827 2206 Buk-

450 2215 581 2256 fastley,
596 2217 811 2255 contulerint,
825 2218 1034 2256 donaverint,
1050 2228 1107 2248 seu
1120 2218 1224 2248 eciam
1240 2219 1482 2258 assignaverint
1498 2219 1646 2250 subsidia
1658 2219 1826 2257 caritatis;

448 2268 508 2298 per
523 2259 697 2290 biennium
712 2270 731 2290 a
747 2261 825 2290 data
842 2261 1054 2292 Presencium
1073 2262 1310 2292 tantummodo
1326 2262 1535 2292 duraturam.

404 2312 604 2350 Hartland
626 2314 789 2364 Abbey;
818 2314 1140 2364 Indulqencia‚-—

406 2365 505 2404 Item,
522 2366 658 2405 ibidem,
677 2370 712 2398 et
738 2368 854 2398 eodem
878 2369 941 2407 die,
959 2369 1123 2400 Dominus
1146 2369 1307 2400 concessit
1330 2369 1582 2409 Indulgenciam
1606 2369 1827 2409 quadraginta

450 2410 581 2441 dierum
598 2411 752 2441 omnibus
768 2411 974 2451 parochianis
991 2412 1068 2451 suis,
1086 2415 1120 2443 et
1135 2412 1207 2443 aliis
1224 2423 1367 2452 quorum
1392 2413 1576 2451 Diocesani,
1594 2418 1668 2449 etc„
1686 2413 1745 2452 qui
1768 2422 1826 2452 pro

448 2453 560 2483 anima
582 2453 725 2484 Domine
748 2455 901 2485 Muriclle
925 2455 1091 2495 Dynham,
1109 2455 1207 2496 cujus
1222 2466 1342 2495 corpus
1365 2456 1399 2486 in
1424 2456 1627 2486 Monasterio
1643 2455 1685 2486 de
1702 2456 1825 2495 Herty-

448 2495 548 2527 londe
569 2497 748 2536 requiescit
770 2498 959 2536 humatum,
983 2509 1020 2529 ac
1044 2509 1103 2538 pro
1126 2498 1300 2528 animabus
1323 2499 1473 2529 omnium
1499 2499 1664 2529 Fidelium
1690 2499 1826 2529 defunc-

451 2540 774 2578 torum,Oracionem
785 2541 992 2572 Dominicam
1006 2552 1082 2572 cum
1095 2542 1305 2573 Salutacione
1316 2542 1471 2582 Angelica
1484 2542 1629 2573 dixerint
1641 2545 1754 2573 mente
1764 2542 1826 2582 pia.

405 2592 582 2630 Honiton
602 2607 610 2639 3
642 2594 1091 2642 Indulyencz‘a—Sancte
1110 2596 1398 2643 sisar-9a2=ete‚—

405 2645 504 2684 Item,
521 2646 657 2685 ibidem,
677 2648 744 2688 xvij
763 2648 816 2678 die
833 2649 955 2679 mensis
972 2649 1132 2689 ejusdem,
1152 2649 1314 2679 Dominus
1330 2649 1492 2680 concessit
1516 2649 1766 2689 Indulgenciam
1783 2659 1827 2679 xx

448 2689 580 2720 dierum
597 2691 752 2721 omnibus
769 2691 974 2731 parochianis
990 2692 1067 2731 suis,
1085 2695 1120 2723 et
1142 2692 1214 2722 aliis
1241 2702 1384 2732 quorum
1410 2693 1593 2731 Diocesani,
1610 2696 1687 2730 etc.,
1705 2693 1762 2732 qui
1784 2691 1827 2722 ad

449 2733 733 2764 sustentacionem
757 2744 943 2774 pauperum
966 2735 1189 2775 Lepi-osorum
1216 2735 1400 2775 Hospitalis
1427 2736 1549 2766 Sancte
1577 2736 1764 2775 Margarete
1786 2735 1827 2765 de

447 2775 638 2815 Honytone‚
658 2778 873 2816 contulerint,
891 2778 1099 2816 donaverint,
1117 2788 1175 2809 seu
1192 2778 1295 2809 eciam
1312 2778 1555 2818 assignaverint
1578 2778 1724 2809 subsidia
1746 2777 1825 2809 cari-

447 2818 548 2855 tatis3
574 2829 632 2858 per
649 2829 753 2851 unum
770 2830 897 2851 annum
914 2821 1121 2853 duraturam.

1972 1409 1984 1474 «ηδ.
