1987 3062
442 295 731 329 REGISTRUM
767 293 1224 328 COMMUNE—ANNO
1266 284 1359 328 15⁰.
1573 284 1667 326 555

135 390 209 450 {³331}
290 396 373 436 quid
395 396 595 429 faciendum
619 398 758 428 duxeris
782 398 818 428 in
841 397 1021 437 premissis
1044 407 1117 435 nos,
1143 396 1233 427 citra
1257 396 1400 427 Festum
1427 396 1545 426 Sancti
1570 396 1671 433 Luce,

135 457 198 484 Vol.
218 458 242 484 Ι.
290 440 525 481 Evangeliste,
549 442 706 482 proximo
730 452 822 472 nunc
844 441 1014 480 futurum,
1040 441 1156 471 debite
1180 441 1360 479 certifices,
1386 440 1613 471 etc.—Dated
1636 442 1673 469 at

290 484 375 516 East
393 486 552 526 Horsley,
570 487 611 516 23
631 486 844 526 September.

137 537 605 630 {gffffihssrgtont-Bishcip
636 537 860 592 [Chiritone
890 539 1086 588 Episcopi,
1127 536 1261 590 MS.],·
1299 538 1454 575 Master
1486 537 1596 575 John
1626 536 1674 574 de

366 606 427 631 ers
450 606 534 639 one,
599 617 677 639 .,—

247 647 486 686 Dispensation
500 662 506 679 :
531 649 795 680 non-residence
812 648 867 679 for
883 658 904 678 a
920 658 1013 688 year,
1031 650 1067 678 to
1084 648 1190 688 study
1203 650 1239 678 at
1253 647 1385 678 Oxford
1398 657 1437 678 or
1454 647 1673 685 Cambridge,

294 691 312 705 ‘⁵
326 694 361 723 et
378 693 421 723 ad
439 694 687 724 dimittendum
704 693 851 724 eandem
869 692 1062 723 Ecclesiam
1079 702 1178 723 suam
1191 693 1236 722 ad
1249 692 1396 730 firmam,
1408 702 1471 732 per
1483 691 1575 721 idem
1588 693 1674 721 tem-

293 746 368 776 pus,
387 737 491 768 alicui
507 738 582 768 viro
600 736 874 768 Ecclesiastico''
896 735 1065 777 (London,
1086 737 1125 767 13
1144 734 1249 776 Oct.).

246 789 490 881 St.RMabyn
521 789 683 844 [Sancte
712 790 891 836 Mabene‚
924 789 1058 843 MS.];
1092 790 1248 827 Master
1275 789 1382 828 John
1413 788 1674 833 Restaureke,

251 899 396 975 Litiegnge
421 900 458 984 οξ
480 900 744 932 non-residence
768 899 824 930 for
847 901 917 930 two
950 910 1062 940 years,
1087 902 1124 930 to
1149 900 1254 939 study
1279 901 1315 930 at
1340 898 1472 930 Oxford
1507 897 1676 939 (London,

385 946 429 975 ct.
454 969 461 976 .

248 996 445 1034 Warland
469 1000 583 1046 (near
607 996 798 1047 Totnes),
829 997 1072 1034 Mandatum
1099 997 1154 1034 ad
1180 996 1510 1034 denunciandum
1538 1010 1679 1033 excom-

302 1051 523 1089 manicatos
541 1051 588 1088 in
606 1065 741 1100 {sonere
749 1051 946 1099 fractores
965 1051 1092 1088 clausi
1107 1051 1267 1087 Fratris
1284 1051 1423 1087 Thome
1442 1052 1679 1093 Per30ne‚—

252 1106 412 1145 Thomas,
437 1109 514 1145 etc„
539 1107 650 1138 Priori
675 1107 846 1145 Tottonie,
872 1117 911 1137 ac
936 1107 1085 1144 DecanO,
1110 1109 1145 1137 et
1177 1107 1326 1137 Domino
1357 1106 1508 1137 Johanni
1540 1106 1679 1136 Vicario

296 1150 442 1189 ibidem,
467 1162 612 1190 necnon,
631 1151 777 1191 singulis
795 1151 934 1181 Curatis
951 1151 1151 1182 Decanatus
1168 1151 1328 1181 Tottonie
1341 1151 1506 1190 predicte,
1519 1151 1678 1188 salutem,

297 1197 362 1226 etc.
395 1195 497 1226 -Cum
515 1206 635 1226 omnes
651 1198 686 1226 et
703 1195 830 1235 singuli
848 1195 958 1234 Regni
980 1195 1105 1234 Auglie
1122 1195 1242 1232 incole,
1260 1197 1296 1225 et
1318 1195 1503 1234 presertim
1529 1195 1679 1225 Cantua-

298 1239 423 1270 riensis
440 1240 621 1270 Provincie
639 1239 779 1277 subditi,
797 1239 854 1279 qui
872 1239 913 1270 de
930 1239 1099 1277 domibus,
1121 1240 1296 1277 maneriis,
1321 1240 1486 1278 grangiis,
1511 1242 1572 1269 aut
1595 1239 1680 1269 locis

299 1283 376 1314 aliis
407 1284 451 1314 ad
474 1284 773 1323 Archiepiscopos,
798 1283 996 1323 Episcopos,
1022 1284 1076 1314 vel
1101 1284 1187 1313 alias
1212 1283 1382 1314 Personas
1408 1283 1680 1321 Ecclesiasticas,

300 1337 361 1358 seu
376 1328 420 1357 ad
436 1328 530 1367 ipsas
547 1328 720 1358 Ecclesias
736 1328 1004 1367 pertinentibus,
1022 1328 1205 1367 quicquam
1221 1331 1340 1367 preter
1356 1330 1391 1358 et
1416 1330 1538 1358 contra
1561 1328 1679 1357 volun-

300 1373 410 1402 tatem
442 1374 504 1402 aut
526 1372 790 1412 permissionem
815 1372 1044 1410 dominorum,
1068 1372 1123 1402 vel
1148 1382 1267 1402 eorum
1292 1372 1350 1411 qui
1375 1375 1456 1402 sunt
1480 1371 1681 1412 hujusmodi

299 1425 417 1446 rerum
433 1416 601 1447 custodiis
614 1416 782 1456 deputati,
797 1416 1009 1454 abstrahere,
1027 1416 1208 1454 abducere,
1226 1426 1439 1454 consumere,
1457 1417 1511 1446 vel
1528 1418 1681 1446 contrec-

299 1462 375 1490 tare
398 1460 685 1500 presumpserint,
710 1460 919 1498 abstrahive,
943 1461 1109 1498 consumi,
1135 1461 1188 1490 vel
1212 1460 1421 1491 contrectari
1445 1460 1603 1498 fecerint,
1622 1470 1683 1490 seu

303 1504 505 1544 hujusmodi
536 1505 821 1541 abstraccionem,
846 1506 922 1542 etc,
954 1505 1094 1535 nomine
1119 1515 1180 1534 suo
1204 1507 1265 1534 aut
1297 1515 1317 1535 a
1347 1504 1580 1535 familiaribus
1612 1505 1683 1534 suis

303 1548 445 1586 factam,
463 1551 577 1579 ratam
594 1548 789 1586 habuerint,
807 1549 876 1578 sint
895 1548 1080 1580 Sentencia
1098 1549 1479 1579 Excommunicacionis
1493 1549 1634 1589 Majoris
1647 1549 1683 1578 in

304 1592 511 1624 Sanctorum
535 1593 681 1624 Patrum
706 1592 1033 1630 Consuetudinibus,
1057 1593 1093 1622 in
1117 1593 1183 1623 hac
1205 1596 1305 1632 parte
1329 1593 1395 1623 rite
1427 1593 1530 1623 editis
1562 1595 1683 1623 contra

302 1637 422 1667 taliter
432 1637 672 1677 delinquentes
682 1637 825 1676 provide
836 1637 917 1675 lata,
929 1637 1198 1677 dampnabiliter
1210 1637 1356 1667 involuti
1366 1651 1373 1674 3
1391 1637 1542 1677 quidam,
1553 1639 1683 1675 tamen,

302 1681 499 1721 iniquitatis
515 1682 586 1719 filii,
604 1691 751 1721 quorum
766 1681 910 1712 nomina
925 1681 1132 1720 ignorantur
1154 1681 1286 1721 pariter
1302 1684 1337 1712 et
1354 1691 1509 1721 persone,
1527 1682 1684 1712 clausum

305 1725 438 1755 Fratris
454 1726 584 1756 Thome
601 1725 762 1764 Persone,
777 1725 940 1756 Custodis
954 1725 1092 1765 Capelle
1105 1726 1175 1756 sive
1191 1725 1385 1765 Hospitalis
1400 1725 1518 1756 Sancti
1534 1725 1684 1765 Spiritus

304 1769 346 1800 de
376 1769 571 1807 Werlande,
610 1772 728 1809 preter
758 1772 794 1800 et
825 1772 947 1800 contra
976 1770 1194 1800 voluntatem
1226 1770 1335 1809 ipsius
1366 1770 1507 1808 Thome,
1538 1780 1684 1810 persone

305 1813 559 1851 Ecclesiastice,
576 1813 724 1853 ingressi
740 1813 885 1844 fuerunt
901 1816 1033 1844 temere
1050 1816 1085 1844 et
1109 1814 1235 1851 dolose,
1260 1824 1300 1844 ac
1324 1814 1489 1844 animalia
1514 1824 1576 1845 sua
1600 1814 1685 1844 inibi

304 1857 496 1889 existencia
526 1858 762 1895 abduxerunt,
798 1868 942 1896 necnon,
969 1857 1147 1897 Capellam
1171 1858 1207 1888 in
1231 1859 1362 1889 honore
1388 1858 1507 1889 Sancti
1533 1858 1685 1898 Spiritus

304 1901 435 1932 ibidem
465 1904 702 1933 constructam
733 1902 921 1940 intrarunt,
954 1912 994 1932 ac
1025 1902 1181 1932 tabulam
1213 1904 1249 1933 et
1279 1903 1461 1942 ymagines
1497 1903 1541 1933 ad
1564 1903 1686 1933 Altare

305 1945 438 1985 positas
454 1946 614 1986 nequiter
629 1945 822 1986 fregerunt,
840 1948 884 1985 et,
902 1947 993 1986 quod
1009 1946 1165 1977 terribile
1187 1949 1241 1977 est
1257 1947 1363 1985 dictu,
1382 1947 1515 1986 Corpus
1531 1946 1685 1977 Domini-

307 2000 396 2029 cum,
415 2000 520 2030 supra
535 1991 628 2021 idem
644 1990 766 2021 Altare
783 1990 819 2020 in
831 1991 951 2029 Pixide
964 1991 1166 2030 repositum,
1181 1991 1224 2021 ad
1236 1994 1366 2021 terram
1380 1991 1687 2021 abhominabiliter

306 2034 539 2074 projecerunt,
556 2037 661 2074 prout
677 2045 718 2065 ex
735 2035 833 2074 gravi
851 2035 1031 2075 questione
1048 2035 1133 2066 dicti
1152 2035 1285 2067 Fratris
1305 2035 1435 2065 Thome
1453 2036 1552 2066 nobis
1569 2035 1687 2066 extitit

306 2078 526 2116 intimatum3
565 2079 602 2108 in
626 2079 822 2109 animarum
849 2089 990 2110 suarum
1014 2080 1146 2119 grande
1170 2079 1374 2118 periculum,
1399 2090 1533 2110 necnon
1557 2079 1686 2118 prefati

308 2122 438 2153 Thome
454 2122 685 2163 prejudicium
702 2133 772 2153 non
788 2123 964 2154 modicum
981 2125 1016 2153 et
1032 2133 1232 2163 gravamen,
1244 2125 1279 2154 et
1296 2124 1442 2154 aliorum
1454 2124 1686 2163 perniciosum

308 2166 515 2205 exemplum.
562 2167 740 2205 Nolentes,
757 2167 874 2206 igitur,
891 2167 1061 2206 premissa
1079 2168 1346 2198 conniventibus
1363 2168 1470 2198 oculis
1494 2168 1688 2198 incorrecta

308 2210 456 2241 ulterius
486 2211 710 2249 pertransire,
742 2211 845 2241 sicuti
876 2221 941 2242 nec
972 2211 1147 2249 debemus,
1179 2212 1287 2250 vobis,
1312 2214 1388 2249 etc„
1413 2212 1628 2252 conjunctim
1652 2214 1688 2242 et

310 2253 460 2292 divisim,
478 2256 554 2292 etc„
572 2255 825 2285 committimus
849 2257 884 2285 et
908 2255 1115 2286 mandamus
1139 2256 1304 2295 quatinus
1328 2266 1448 2287 omnes
1472 2258 1507 2286 et
1533 2256 1688 2295 singulos

308 2297 509 2338 hujusmodi
540 2298 794 2337 malefactores,
826 2301 862 2329 et
894 2299 1137 2330 Ecclesiastice
1162 2299 1350 2331 Libertatis
1372 2300 1569 2338 violatores,
1594 2300 1689 2330 dicta

310 2342 454 2382 Majoris
478 2342 860 2373 Excommunicaciom's
885 2342 1071 2374 Sentencia
1095 2343 1154 2381 sic,
1171 2346 1211 2374 ut
1234 2344 1420 2383 prefertur,
1445 2344 1628 2381 involutos,
1651 2344 1688 2373 in

309 2386 472 2416 Prioratu
502 2386 663 2417 Tottonie
688 2388 724 2417 et
747 2386 904 2417 Ecclesia
928 2387 1123 2418 Parochiali
1146 2387 1286 2425 ibidem,
1312 2398 1446 2419 necnon
1480 2389 1517 2418 in
1542 2388 1688 2427 singulis

311 2430 476 2461 Ecclesiis
487 2430 686 2461 Decanatus
699 2430 859 2461 Tottonie
873 2431 1073 2470 supradicti,
1087 2432 1181 2461 intra
1194 2432 1381 2462 Missarum
1393 2433 1594 2472 solempnia,
1609 2443 1688 2463 cum

310 2473 423 2514 major
438 2474 475 2504 in
491 2474 623 2504 eisdem
639 2474 780 2504 affuerit
797 2475 887 2505 Cleri
904 2477 940 2505 et
962 2475 1081 2515 populi
1104 2476 1303 2515 multitudo,
1327 2477 1475 2515 pulsatis
1499 2476 1688 2516 campanis,

311 2528 412 2549 cruce
428 2518 465 2548 in
482 2528 589 2548 manu
604 2520 730 2556 erecta,
748 2519 902 2550 candelis
918 2520 1073 2551 accensis
1089 2522 1125 2550 et
1148 2521 1322 2558 extinctis,
1340 2523 1375 2551 et
1399 2531 1477 2551 cum
1501 2521 1595 2551 omni
1621 2521 1689 2551 alia

312 2562 557 2601 solempnitate
574 2562 611 2592 in
628 2562 799 2593 similibus
815 2563 891 2593 fieri
907 2566 1083 2602 consueta,
1101 2565 1418 2595 excommunicatos
1435 2564 1543 2595 fuisse
1561 2567 1597 2595 et
1613 2575 1688 2595 esse

311 2606 449 2646 publice
466 2608 501 2636 et
518 2606 743 2646 solempniter
758 2607 795 2637 in
812 2617 938 2646 genere
963 2608 1197 2646 denuncietis;
1230 2619 1250 2638 a
1274 2609 1545 2639 denunciacione
1569 2609 1687 2649 hujus-

312 2650 407 2680 modi
430 2660 500 2680 non
523 2652 710 2689 cessantes,
735 2661 911 2690 quousque
935 2651 1031 2681 aliud
1054 2662 1075 2682 a
1098 2652 1197 2683 nobis
1222 2663 1325 2692 super
1348 2653 1413 2683 hoc
1435 2653 1629 2683 habueritis
1652 2654 1688 2682 in

313 2694 500 2725 mandatis.
546 2694 601 2732 Et,
620 2694 648 2725 si
664 2704 749 2734 quos
764 2705 827 2734 per
843 2695 1113 2735 Inquisicionem
1132 2696 1353 2734 Canonicam,
1370 2707 1474 2736 quam
1498 2707 1560 2736 per
1575 2707 1636 2727 vos
1652 2697 1689 2726 in

313 2738 380 2769 hac
394 2740 494 2778 parte
505 2738 714 2769 auctoritate
726 2741 847 2770 nostra
857 2739 933 2769 fieri
943 2739 1103 2770 volumus
1115 2740 1329 2779 diligentem,
1340 2751 1417 2771 reos
1428 2751 1489 2771 seu
1500 2743 1688 2780 suspectos,

314 2784 375 2813 aut
385 2782 522 2821 publice
534 2782 732 2812 diffamatos
744 2782 950 2813 inveneritis
962 2783 998 2813 in
1010 2783 1199 2822 premissis,
1211 2784 1337 2822 citetis,
1352 2794 1412 2814 seu
1425 2785 1526 2815 citari
1538 2784 1689 2822 faciatis,

314 2826 556 2866 peremptorie,
568 2827 718 2864 eosdem,
730 2827 821 2866 quod
832 2830 1058 2866 compareant
1070 2837 1187 2858 coram
1199 2828 1345 2859 officiali
1358 2831 1477 2859 nostro
1490 2828 1689 2868 Principali‚

313 2872 385 2908 aut,
416 2870 453 2900 in
476 2869 552 2910 ejus
584 2870 756 2909 absencia,
788 2871 899 2902 nostri
924 2870 1129 2902 Consistorii
1154 2871 1360 2903 Exoniensis
1382 2872 1586 2903 Presidente
1609 2883 1689 2912 quo-

147 1499 192 1525 fol.

146 1534 204 1559 133.
