1987 3062
327 226 419 269 418
541 238 640 270 THE
676 238 915 272 REGISTER
950 239 1008 272 oF
1044 239 1220 273 BIsflor
1255 241 1654 276 BRANTYNGHAM.

325 338 400 398 A-7D·
471 338 623 371 Johanni
649 339 781 380 Warre,
810 340 982 383 Episcopo
1010 341 1271 384 Cumanagensi,
1301 344 1345 376 ad
1370 344 1611 378 celebrandum
1639 345 1783 378 Ordines
1811 346 1866 378 die

324 374 443 432 3019?st
472 381 615 415 Sabbati
637 382 794 422 Quatuor
815 385 1023 426 Temporum
1044 387 1079 418 in
1100 387 1213 428 prima
1233 388 1427 428 septimana
1449 388 1716 430 Quadragesime
1737 390 1864 421 mensis

382 426 388 433 ”
419 427 425 434 ”
471 425 660 475 Februarii,
684 429 719 459 in
739 428 830 459 Loco
851 428 910 460 ubi
930 428 1101 470 Magister
1120 430 1313 463 Willelmus
1333 431 1520 473 Trevellys,
1544 432 1703 464 Vicarius
1724 432 1863 465 Domini

468 480 505 501 1n
523 470 780 513 Spiritualibus‚
802 472 940 504 duxerit
956 473 1197 512 limitandun13
1224 484 1355 505 necnon
1374 475 1417 506 ad
1437 475 1707 507 confirmandum
1725 485 1860 515 pueros,

472 523 511 545 ac
527 513 658 546 Calices
673 518 708 547 et
722 514 939 547 Vestimenta
954 515 1232 557 benedicendum,
1250 520 1314 549 etc.
1331 528 1339 554 ;
1362 527 1470 558 usque
1486 517 1627 549 Festum
1644 518 1865 550 Pentecostes

471 557 627 633 progimo
654 557 811 589 futurum
839 558 1062 599 duraturam3
1096 559 1268 599 videlicet,
1297 561 1341 593 ad
1369 561 1639 594 confirmandum
1667 565 1703 593 et
1727 560 1862 592 benedi-

468 611 528 632 cen
555 611 622 633 um.

430 653 623 704 Alimony
638 667 649 701 3
690 654 756 691 Ad
782 654 988 692 eitandmn
1017 655 1240 692 Dominum
1267 657 1490 694 Johamoem
1518 657 1717 707 Dynlzam,
1741 658 1856 707 juni-

483 721 596 753 orem,
620 708 667 744 in
690 707 834 745 (sangis
862 709 1211 755 αἱίήιθηῖονῑι7η,-

421 760 523 801 Item,
543 761 669 793 eisdem
687 761 740 794 die
757 766 792 794 et
806 762 892 803 loco,
913 764 1087 796 emanavit
1104 763 1310 796 Mandatum
1329 764 1498 795 directum
1515 763 1654 796 Decano
1673 764 1713 797 de
1732 764 1858 806 Herty-

463 805 575 846 londe,
594 805 617 837 J
620 805 745 838 ohanni
762 805 969 846 Baucombe‚
990 811 1025 839 et
1042 807 1193 838 Henrico
1210 807 1397 849 Messager,
1418 807 1460 839 ad
1479 807 1654 839 citandum
1673 807 1860 839 Dominum

464 848 659 879 Johannem
681 849 853 890 Dynham,
878 850 1060 891 juniorem,
1086 850 1245 890 Militem,
1271 854 1306 882 et
1328 850 1470 881 Elenam
1492 851 1567 890 ejus
1590 861 1741 889 uxorem,
1766 851 1857 892 qnod

470 896 691 932 compareant
708 903 821 924 coram
838 892 985 925 Officiali
1001 893 1186 924 Exoniensi
1204 892 1404 934 Principali,
1425 904 1483 925 seu
1501 893 1753 933 Commissario‚
1775 897 1854 931 etc.‚

464 936 500 967 in
526 935 681 967 Ecclesia
706 935 903 968 Cathedrali
928 936 1070 976 Exonie,
1097 937 1167 977 vijo
1193 937 1247 968 die
1271 937 1397 969 mensis
1423 937 1557 975 Marcii,
1586 938 1621 968 in
1648 936 1769 975 Causa,
1799 947 1857 968 seu

463 978 594 1020 Causis,
622 979 873 1020 alimentorum,
901 983 980 1021 etc.‚
1007 981 1109 1020 juxta
1132 984 1295 1011 contenta
1317 981 1353 1011 in
1376 980 1502 1012 Literis
1528 981 1667 1012 Domini
1692 979 1856 1012 Officialis

463 1022 504 1054 de
525 1021 685 1054 Arcubus
707 1022 973 1054 Londoniarum.
1022 1024 1069 1055 Et
1090 1022 1218 1055 habent
1241 1024 1283 1055 ad
1307 1024 1564 1056 certificandum
1589 1024 1775 1055 Dominum
1798 1033 1856 1054 seu

469 1064 759 1106 Commissarium,
785 1066 912 1097 eisdem
936 1067 990 1097 die
1013 1071 1047 1098 et
1068 1066 1152 1098 loco.

425 1118 809 1168 Bishopsteigntonz
838 1120 904 1157 Ad
922 1119 1172 1157 audz’mzdum
1200 1126 1418 1169 compotem
1452 1120 1602 1158 Vicariz'
1632 1121 1676 1158 de
1708 1121 1854 1170 Teyny-

479 1179 632 1217 tone,—

417 1225 518 1267 Item,
542 1225 680 1267 ibidem,
705 1229 830 1267 quarto
851 1225 915 1266 die,
941 1227 1114 1258 emanavit
1137 1226 1339 1258 Commissio
1362 1227 1493 1259 directa
1514 1226 1684 1268 Magistro
1706 1226 1857 1259 <Iohanni

460 1269 685 1310 Northwode,
710 1270 867 1301 Dominis
889 1269 1018 1301 Thome
1041 1270 1268 1311 Stayndrope,
1294 1274 1329 1301 et
1351 1270 1507 1302 VValtero
1529 1269 1625 1311 Myn,
1650 1270 1692 1301 ad
1716 1271 1852 1301 audien<

461 1312 543 1344 dum
572 1316 769 1353 compotum
798 1313 869 1344 sive
898 1313 1120 1344 raciocinium
1150 1313 1289 1344 Domini
1317 1312 1486 1345 Johannis
1516 1313 1694 1353 [Yeurde]‚
1724 1313 1854 1345 Vicarii

460 1355 625 1396 Perpetui
645 1357 684 1388 de
703 1356 730 1387 T
734 1359 903 1398 eyngtone
923 1356 1097 1397 Episcopi,
1120 1356 1161 1387 de
1178 1356 1340 1397 proficuis
1358 1356 1637 1396 provenientibus
1656 1358 1696 1389 de
1716 1356 1856 1398 Capella

461 1400 502 1431 de
524 1399 773 1442 'seynmouthe,
799 1404 833 1432 et
855 1400 898 1431 ad
920 1400 1115 1432 faciendum
1137 1401 1246 1432 eidem
1268 1401 1539 1441 acquietanciam
1564 1400 1605 1431 de
1629 1400 1760 1440 solutis,
1787 1404 1850 1431 etc.

422 1453 891 1504 Letters-Diniissory,—

419 1507 571 1539 Richard
598 1507 727 1548 Payne,
756 1508 866 1548 prim.
897 1512 997 1545 tons,
1027 1508 1043 1520 ‘⁸'
1061 1507 1103 1538 ad
1124 1518 1240 1539 omnes
1260 1507 1344 1539 alios
1364 1508 1525 1548 Minores,
1548 1512 1582 1539 et
1603 1508 1708 1539 eciam
1730 1508 1772 1539 ad
1794 1508 1850 1540 Sa-

460 1562 534 1583 cros
559 1550 833 1583 Subdiaconatus
857 1555 891 1583 et
914 1551 1127 1583 Diaconatus
1153 1551 1297 1583 Ordines
1310 1551 1326 1563 ’'
1356 1552 1460 1591 (same
1485 1551 1586 1593 dates).

419 1605 620 1649 Tiverton‚
639 1604 707 1641 the
728 1604 953 1642 Prebendal
975 1605 1134 1642 Church
1155 1605 1196 1641 of
1212 1618 1222 1651 3
1249 1604 1480 1642 Commissio
1495 1618 1570 1654 pro
1585 1611 1699 1653 parte
1723 1605 1849 1643 Comi-

475 1659 525 1695 tis
545 1658 786 1703 Det-onie,—

414 1712 514 1753 Item,
539 1712 666 1744 eisdem
687 1712 741 1744 die
763 1716 798 1744 et
817 1711 904 1751 loco,
930 1712 1104 1744 emanavit
1126 1709 1327 1743 Commissio
1351 1711 1480 1744 directa
1503 1711 1648 1744 Officiali
1669 1711 1847 1744 Archidia-

457 1756 533 1787 coni
546 1756 676 1787 Exonie
692 1759 727 1787 et
738 1755 886 1786 Decanis
903 1755 943 1786 de
956 1754 1143 1795 Honytone
1159 1758 1194 1786 et
1210 1755 1250 1786 de
1267 1755 1472 1791 Tuvertonee,
1492 1765 1554 1795 pro
1572 1760 1671 1795 prime
1688 1755 1848 1786 Edwardi

457 1798 601 1830 Comitis
618 1799 782 1838 Devonie,
801 1808 863 1838 pro
881 1797 1110 1829 Porcionariis
1126 1798 1161 1828 in
1178 1796 1331 1828 Ecclesia
1348 1797 1388 1828 de
1405 1797 1610 1829 Tuvertone.
1660 1798 1705 1830 Et
1722 1797 1850 1829 habent

454 1842 497 1873 ad
512 1841 768 1873 certificandum
783 1840 981 1879 officialem,
999 1844 1059 1873 aut
1075 1840 1354 1873 commissarium
1370 1841 1520 1879 Domini,
1537 1851 1607 1872 una
1621 1850 1697 1872 cum
1712 1841 1853 1871 nomini-

456 1884 521 1916 bus
547 1888 582 1916 et
608 1884 867 1925 cognominibus
894 1884 1193 1916 Porcionariorum
1220 1884 1416 1921 citatorum,
1445 1881 1605 1915 videlicet
1633 1885 1668 1915 in
1696 1883 1850 1915 Ecclesia

457 1927 666 1967 Cathedrali,
691 1928 845 1968 proximo
870 1927 924 1958 die
947 1927 1102 1959 Juridico
1127 1931 1205 1968 post
1228 1927 1369 1958 Festum
1395 1927 1596 1958 Sancta-rum
1620 1927 1789 1968 Perper-ue
1814 1931 1848 1958 et

456 1971 648 2004 Felicitatis
668 1971 825 2012 proximo
846 1971 1012 2002 futurum.
1033 1985 1035 1987 ·

418 2026 458 2062 Α
488 2024 697 2062 rebellious
727 2024 841 2061 Friar
862 2024 933 2074 (see
953 2036 1052 2074 page
1074 2022 1196 2074 4lO);
1242 2024 1323 2060 Pro
1352 2024 1493 2061 Fratre
1524 2023 1703 2061 Illartiozo
1730 2023 1845 2060 Hals-

472 2079 663 2124 combef-

411 2131 571 2173 Thoma-s,
591 2135 670 2172 etc.‚
690 2129 942 2163 Archidiacono
959 2133 1077 2162 nostro
1096 2129 1236 2170 Exonie,
1257 2129 1312 2162 vel
1330 2130 1405 2171 ejus
1423 2129 1579 2169 officiali,
1601 2130 1757 2171 salutem,
1779 2135 1842 2163 etc.

455 2176 625 2208 ——Literis
645 2176 772 2207 nostris
794 2173 891 2206 Vobis
914 2174 1067 2205 dedimus
1090 2175 1124 2205 in
1152 2174 1325 2206 mandatis
1348 2174 1391 2205 ad
1414 2173 1648 2212 inhibendum,
1673 2173 1736 2206 sub
1760 2185 1848 2215 pena

455 2218 832 2251 Excommunicacionis
847 2217 1003 2258 Majoris,
1022 2216 1181 2248 omnibus
1198 2221 1232 2249 et
1249 2216 1392 2258 singulis
1409 2218 1535 2249 nostris
1553 2217 1700 2250 subditis
1718 2223 1752 2251 et
1769 2219 1845 2250 sub-

455 2263 567 2304 jectis,
590 2265 787 2293 nostrarum
808 2260 970 2292 Civitatis
992 2264 1025 2292 et
1052 2261 1217 2300 Diocesis,
1241 2271 1282 2292 ne
1304 2264 1428 2292 extunc
1451 2261 1603 2293 Martino
1625 2261 1843 2299 Halscombe,

451 2306 655 2338 —Fratrem
679 2304 817 2337 Ordinis
839 2304 1003 2336 Fratrum
1026 2303 1288 2336 Predicatorum
1312 2308 1346 2336 et
1370 2304 1614 2343 Profesmrem,
1641 2315 1679 2336 ac
1704 2305 1747 2337 ad
1772 2315 1844 2346 pre-

449 2349 633 2381 dicandum
650 2351 770 2380 contra
785 2347 954 2379 hereticos
972 2347 1183 2378 scismaticos
1199 2347 1402 2387 dampna-tos
1419 2348 1572 2385 missum,
1592 2352 1627 2380 et
1644 2348 1687 2380 ad
1704 2349 1838 2380 audien-

453 2392 536 2425 dum
560 2391 798 2424 Confessiones
824 2389 1040 2421 subditorum
1064 2393 1271 2429 nostrorum,
1301 2394 1335 2421 et
1361 2389 1606 2422 absolvendum
1634 2392 1779 2427 eosdem,
1810 2392 1844 2422 in

453 2434 588 2468 casibus
615 2434 743 2466 Minori
772 2433 1025 2465 Penitenciario
1053 2433 1193 2464 Domini
1220 2434 1329 2464 nostri
1358 2433 1451 2474 Pape
1480 2437 1515 2466 et
1542 2433 1661 2466 Officio
1690 2435 1844 2475 ejusdem

450 2477 698 2520 spectantibus,
717 2476 861 2508 durante
876 2475 1112 2516 predicacione
1128 2485 1189 2506 sua
1202 2474 1400 2515 hujusmodi
1416 2480 1449 2508 et
1464 2477 1678 2517 exposicione
1692 2477 1846 2517 negocio-

452 2533 529 2554 rum
544 2520 833 2562 Apostolicorum,
852 2523 886 2551 et
901 2518 1138 2550 Confessorem
1155 2528 1188 2549 se
1205 2517 1532 2560 dicenti‚—excepto
1548 2522 1668 2553 mortis
1685 2521 1841 2559 articulo,

452 2566 489 2596 in
515 2565 590 2596 foro
618 2562 837 2605 penitenciali
866 2561 1120 2601 confiterentur,
1152 2571 1261 2602 neque
1287 2561 1552 2594 Absolucionem
1581 2565 1771 2605 reciperent
1802 2565 1844 2597 ab

451 2608 580 2648 eodem,
607 2609 751 2648 propter
774 2606 925 2637 notorios
951 2614 1108 2636 excessus
1131 2615 1192 2645 per
1215 2605 1359 2636 eundem
1383 2605 1585 2644 Martinum,
1613 2611 1733 2639 contra
1756 2609 1836 2644 vim,

450 2652 608 2689 formam,
634 2654 669 2681 et
692 2649 851 2680 effectum
877 2646 1132 2680 commissionis
1156 2646 1355 2688 Apostolice
1379 2652 1537 2688 pretense
1562 2651 1653 2682 circa
1676 2652 1842 2691 premissa

451 2694 516 2727 sibi
539 2695 642 2731 facte,
666 2697 706 2725 ut
728 2690 918 2730 dicebatur,
944 2690 1162 2727 commissos3
1191 2694 1236 2729 et,
1263 2691 1343 2731 quia
1367 2691 1645 2725 Commissionem
1668 2695 1839 2735 prefatam

450 2737 548 2769 nobis
567 2735 725 2768 exhibere
744 2733 856 2766 debite
874 2744 943 2765 non
961 2733 1104 2764 curavit.
1153 2732 1296 2770 Verum,
1317 2734 1398 2774 quia
1416 2735 1458 2766 ad
1476 2735 1624 2775 plenum,
1645 2742 1749 2777 prout
1766 2738 1837 2770 fieri

450 2779 579 2821 debujt,
602 2789 663 2821 per
682 2778 817 2810 Literas
838 2780 972 2809 vestras
993 2775 1249 2809 certificatorias
1272 2776 1311 2808 de
1333 2777 1527 2811 excessibus
1547 2778 1743 2820 hujusmodi
1766 2781 1838 2813 nul-

447 2824 584 2857 latenus
604 2821 702 2855 nobis
724 2825 880 2854 constare
900 2820 1026 2864 potuit,
1048 2817 1148 2852 vobis
1168 2819 1295 2852 iterato»
1315 2821 1561 2854 committimus
1582 2828 1617 2856 et
1636 2824 1838 2858 mandamus
