1987 3062
301 215 395 258 256
513 226 612 258 THE
648 226 887 259 REGISTER
921 227 980 258 or
1017 225 1193 259 BISHOP
1228 225 1626 260 BRANTYNGHAM.

299 329 373 371 ΑΡ·
452 332 589 371 Mathie,
607 332 758 372 Apostoli
783 332 838 371 [24
856 330 962 372 Feb.]‚
982 333 1067 362 A.D.
1090 332 1150 364 M0.
1173 332 1302 364 COCmO
1319 333 1430 373 lxxj03
1454 336 1536 364 tunc
1555 334 1678 365 ibidem
1697 343 1829 374 person-

300 365 391 423 }{30‘11'1
453 377 548 407 aliter
572 376 745 415 existente,
763 376 913 407 exhibita
936 380 969 406 et
993 376 1204 415 singulariter
1228 376 1478 412 demonstrata3
1504 388 1569 418 que
1592 377 1730 408 inferius
1754 376 1829 407 sub-

356 418 362 423 '
397 418 402 423 '
452 420 700 458 scribuntur,—

410 464 563 501 Missalia,
581 474 662 501 sex;
687 473 802 501 unum,
828 462 989 501 videlicet,
1015 462 1146 492 Missale
1170 473 1209 493 ex
1234 463 1408 494 collacione
1432 464 1568 494 Domini
1591 463 1753 494 Johannis
1776 464 1830 503 [de

452 507 699 545 Grandissono],
714 506 907 536 Exouiensis
920 506 1083 546 Episcopi,
1096 506 1214 546 incipit
1226 506 1258 536 in
1272 508 1417 537 secundo
1430 507 1509 537 folio
1523 508 1722 545 Secundum;
1740 507 1830 537 aliud

453 550 584 581 Missale
601 550 745 580 secundo
762 550 839 579 folio
856 549 942 580 Jesse
956 561 963 583 ς
988 549 1139 587 tercium,
1157 550 1227 580 sine
1244 550 1403 590 Epistolis
1420 554 1454 581 et
1471 551 1668 590 Evangeliis,
1685 551 1830 581 secundo

450 594 528 625 folio
547 593 654 624 Veniet
670 604 678 631 ;
695 597 854 633 quartum
868 593 1014 623 secundo
1026 593 1104 623 folio
1119 603 1245 632 -porum
1258 594 1342 633 quod
1358 605 1364 631 ;
1382 595 1550 634 quintum,
1565 597 1671 632 vetus,
1686 594 1830 624 secundo

449 638 528 668 folio
548 638 738 668 Minislrum
756 648 763 675 ;
787 645 931 675 sextum,
950 637 1087 675 bonum,
1106 637 1146 666 de
1164 637 1250 666 dono
1267 637 1404 667 Domini
1420 637 1583 668 Johannis
1599 638 1655 676 [de
1672 638 1828 668 Grandis-

449 681 552 720 souo],
572 680 768 711 Exoniensis
788 680 948 720 Episcopi,
965 681 998 710 in
1016 681 1160 710 secundo
1177 680 1255 710 folio
1273 680 1360 720 -seplt
1376 685 1403 711 et
1419 681 1512 712 dixit.

407 725 593 762 Portiforia,
611 724 634 765 ij
651 734 657 759 ;
678 734 794 763 unum,
813 725 976 762 videlicet,
993 724 1110 764 incipit
1126 724 1159 754 in
1176 725 1322 754 secundo
1338 724 1418 755 folio
1434 724 1531 755 Beate
1545 735 1552 763 ;
1568 725 1669 764 aliud,
1683 724 1829 755 secundo

448 769 526 799 folio
542 768 729 799 servabitur.

407 812 659 852 Antiphonaria,
676 811 724 851 iiij
743 822 750 848 ;
775 811 932 851 primum,
949 811 982 840 in
1005 811 1150 841 secundo
1167 811 1244 841 folio
1260 812 1356 848 vino3
1381 811 1480 848 aliud,
1499 813 1644 842 secundo
1667 811 1746 842 folio
1764 812 1804 842 Εἰ
1819 822 1828 849 ;

450 856 602 893 tercium,
622 856 767 885 secundo
783 855 862 884 folio
880 854 972 894 -picffi
1003 858 1173 894 quartum,
1191 855 1336 885 secundo
1352 855 1431 885 folio
1447 857 1550 887 vitem.

408 900 571 940 Legenda,
585 898 619 938 iij
639 910 646 937 3
663 898 808 938 primum
827 898 1025 928 Sanctorum
1042 901 1076 928 et
1093 898 1284 938 temporale,
1301 899 1447 929 secundo
1462 898 1542 929 folio
1559 899 1695 938 -cipulos
1711 908 1718 936 ;
1737 898 1828 929 aliud

450 954 526 974 eum
543 942 766 983 responsoriis,
784 941 929 972 secundo
952 941 1032 971 folio
1055 942 1292 982 dereliquerunt
1307 952 1314 980 ;
1339 943 1491 981 tercium,
1509 953 1586 973 cum
1603 942 1828 982 responsoriis,

448 987 594 1017 secundo
610 986 689 1016 folio
707 985 801 1023 Quia.

409 1030 572 1069 Gradalia,
590 1040 610 1060 v
629 1041 635 1068 ;
660 1039 766 1060 unum
791 1028 908 1068 incipit
925 1028 1069 1059 secundo
1086 1028 1165 1058 folio
1188 1027 1333 1058 Mariam
1349 1039 1356 1066 ;
1381 1029 1481 1067 aliud,
1499 1030 1644 1060 secundo
1661 1029 1739 1059 folio
1756 1029 1827 1060 clia-

450 1084 570 1110 conz133
599 1073 739 1104 tercium
764 1071 909 1103 secundo
932 1072 1011 1102 folio
1034 1076 1062 1102 et
1085 1082 1105 1101 a
1128 1072 1273 1109 divini33
1302 1075 1472 1112 quartum,
1498 1072 1606 1103 debile
1630 1075 1664 1103 et
1687 1073 1829 1111 inutile;

451 1119 621 1158 quintum,
640 1117 776 1154 bonum,
801 1126 842 1146 ex
866 1116 953 1145 dono
979 1115 1114 1145 Domini
1139 1115 1302 1145 ‚Iohannis
1326 1115 1381 1154 [de
1407 1116 1656 1155 Grandissono]‚
1676 1117 1829 1157 Episcopi

450 1161 591 1201 predicti
610 1170 617 1198 3
635 1159 821 1200 Epistorale
838 1169 914 1189 cum
934 1159 1130 1198 Evangeliis,
1148 1159 1266 1199 incipit
1282 1160 1427 1190 secundo
1444 1159 1522 1190 folio
1542 1159 1655 1191 Tuam.

408 1205 591 1236 Collectare
608 1215 615 1243 ;
635 1203 753 1243 incipit
769 1203 915 1233 secundo
931 1202 1010 1232 folio
1029 1203 1111 1233 Ecce.

407 1248 633 1287 Martilogium
653 1257 660 1285 3
683 1247 802 1286 incipit
818 1246 963 1276 secundo
980 1246 1058 1276 folio
1075 1246 1158 1276 Post.

406 1292 576 1330 Psalteria,
603 1301 643 1328 v;
669 1301 785 1328 unum,
803 1290 947 1320 secundo
971 1289 1049 1319 folio
1069 1289 1263 1320 Erubescant
1280 1300 1288 1327 ;
1313 1290 1508 1328 secundum,
1525 1291 1672 1321 secundo
1692 1291 1772 1321 folio
1789 1290 1829 1322 Et

449 1336 616 1373 doloszcm3
640 1334 792 1371 tercium,
815 1333 960 1364 secundo
984 1333 1063 1363 folio
1086 1331 1255 1372 Sacrtficia
1278 1333 1472 1372 afferentium
1497 1337 1666 1374 quartum,
1683 1335 1828 1365 secundo

450 1379 528 1409 folio
542 1383 648 1409 -tacem
665 1378 853 1418 3quintum,
872 1377 1007 1415 bonum,
1027 1387 1066 1407 ex
1083 1377 1170 1407 dono
1187 1376 1348 1408 Johannis
1366 1377 1520 1418 Episcopi
1536 1378 1667 1418 prefati,
1684 1378 1829 1409 secundo

449 1423 528 1453 folio
545 1433 578 1453 re
593 1422 763 1462 apprehen.

298 1467 347 1493 fol.
407 1466 584 1504 Ordinalia,
602 1466 625 1506 ij
643 1476 650 1504 ;
675 1475 780 1495 unum
798 1464 1061 1503 incathenatum,
1079 1465 1224 1494 secundo
1237 1464 1316 1495 folio
1333 1464 1545 1504 Eqredietur3
1563 1465 1664 1504 aliud,
1683 1466 1828 1496 secundo

298 1501 359 1527 181)-
449 1510 527 1540 folio
547 1510 790 1540 Oanonicorum.

406 1554 485 1585 Vita
502 1553 616 1584 Sancti
634 1552 766 1583 Ricardi
778 1551 831 1593 [of
852 1550 1042 1589 Chicltester]
1065 1562 1072 1589 3
1094 1551 1212 1591 incipit
1228 1552 1374 1582 secundo
1392 1551 1471 1581 folio
1488 1552 1678 1592 Reprimere.

407 1599 558 1636 Quatuor
576 1596 699 1627 Calices
715 1607 721 1633 ;
746 1606 833 1625 unus
849 1595 1038 1632 deauratus,
1057 1595 1097 1624 de
1114 1606 1210 1635 opere
1228 1596 1333 1635 plano,
1351 1605 1427 1625 cum
1445 1595 1550 1627 Cruce
1566 1596 1599 1626 in
1618 1596 1719 1636 pede;
1744 1596 1828 1627 alius

449 1642 577 1682 planus,
595 1640 635 1670 de
651 1640 789 1679 antiqua
808 1639 925 1676 forma,
943 1639 1124 1669 deauratus
1142 1649 1149 1677 3
1174 1639 1295 1669 tercius
1320 1640 1431 1670 nudus
1448 1642 1482 1669 et
1498 1640 1539 1669 de
1555 1649 1652 1679 opere
1668 1640 1775 1680 plano,
1794 1644 1828 1670 et

448 1686 629 1715 deauratus
645 1694 651 1721 ;
675 1686 826 1724 quartus,
844 1692 966 1722 parvus
982 1684 1016 1712 et
1033 1682 1222 1713 deauratus.

405 1729 502 1767 Item,
519 1728 542 1768 ij
561 1726 802 1758 cruetis-fiole
817 1728 972 1766 argentee
988 1726 1155 1756 deaurate.

406 1773 503 1810 Item,
522 1771 545 1811 ij
564 1770 692 1808 cistule,
709 1770 750 1799 de
768 1773 886 1809 stagno
902 1769 1053 1805 amalato,
1072 1779 1130 1809 pro
1148 1768 1348 1799 Eukaristia.

406 1816 504 1853 Item,
522 1814 545 1855 ij
564 1814 704 1854 pixides,
726 1813 767 1843 de
783 1813 890 1850 ebore,
907 1822 967 1852 pro
984 1812 1156 1852 Reliquiis.

405 1859 502 1897 Item,
519 1858 664 1898 preciosa
680 1856 865 1896 reliquaria,
882 1856 915 1886 in
932 1855 1087 1894 cristallo,
1106 1865 1183 1886 cum
1200 1856 1282 1895 pede
1299 1855 1465 1886 deaurato.

406 1903 504 1940 Item,
522 1901 554 1941 vj
574 1900 762 1940 corporalia,
781 1910 856 1930 cum
873 1899 1064 1939 reportorio,
1082 1899 1271 1939 aliqualiter
1288 1899 1381 1929 bona.

406 1946 506 1983 Item,
524 1945 547 1985 ij
566 1943 724 1974 towailles
740 1943 857 1982 Altari,
875 1943 916 1973 de
932 1942 1048 1973 subtili
1064 1953 1172 1982 panno
1186 1953 1194 1979 3
1217 1942 1229 1982 j
1248 1953 1322 1973 cum
1339 1942 1504 1972 frontellis
1522 1953 1529 1980 ;
1546 1942 1636 1981 item,
1651 1943 1691 1973 de
1707 1944 1825 1983 grossi-

450 1989 499 2020 ori
515 1998 624 2028 panno
642 1997 649 2025 ;
672 1986 720 2027 iiij
738 1986 841 2017 tuelle
857 1996 933 2016 cum
950 1986 1159 2025 frontalibus,
1177 1990 1211 2016 et
1226 1985 1273 2026 iiij
1293 1986 1425 2024 debiles,
1443 1986 1522 2016 sine.

405 2033 481 2064 Non
498 2034 580 2063 suut
596 2032 803 2070 manutergia
819 2030 962 2070 penitus,
981 2040 1089 2069 neque
1105 2030 1190 2060 bona
1206 2039 1313 2069 neque
1330 2029 1459 2059 debilia.

407 2077 504 2114 Item,
522 2075 545 2116 ij
564 2074 665 2114 panni
681 2073 831 2104 deaurati
849 2083 857 2111 ;
881 2083 968 2104 unus
984 2083 1060 2103 cum
1077 2072 1238 2111 leonibus,
1255 2073 1340 2103 alius
1357 2083 1432 2103 cum
1449 2072 1615 2103 cordibus.

407 2121 503 2159 Item,
521 2119 544 2159 ij
563 2119 603 2148 de
619 2118 730 2156 serico,
749 2117 848 2148 unius
863 2119 962 2148 secte.

406 2162 531 2203 Item,j
559 2162 649 2194 Crux
673 2164 838 2201 argentea,
854 2170 932 2191 cum
956 2160 1094 2190 diversis
1118 2160 1279 2200 Reliquiis
1303 2160 1485 2190 intitulatis
1508 2159 1541 2189 in
1566 2159 1680 2190 eadem
1700 2171 1707 2199 ;
1730 2160 1822 2199 item,

447 2206 472 2247 ij
490 2206 560 2244 alie,
577 2205 619 2236 de
634 2208 752 2245 stagno
769 2215 776 2241 ;
800 2207 834 2235 et
849 2203 897 2244 iiij
915 2203 956 2234 de
973 2204 1069 2243 ligno.

404 2251 502 2289 Item,
519 2249 530 2290 j
549 2252 672 2287 textus,
690 2258 767 2279 cum
782 2247 945 2287 Ymagine
963 2246 1119 2278 Crucifixi
1131 2246 1164 2277 in
1181 2246 1304 2277 lamina
1319 2249 1481 2286 argentea.

404 2295 501 2332 Item,
517 2293 530 2333 j
548 2292 676 2330 cistula,
693 2302 770 2322 cum
786 2291 822 2332 iij
840 2291 982 2321 sudariis
998 2290 1110 2321 cericis
1126 2293 1160 2321 et
1176 2289 1198 2331 ij
1217 2290 1320 2320 lineis.

404 2338 500 2376 Item,
517 2336 628 2366 velum
646 2334 945 2374 Quadragesimale.

404 2382 502 2418 Item,
519 2379 694 2416 turribula,
711 2378 732 2418 ij
752 2378 846 2415 bona,
864 2378 905 2408 de
921 2387 1032 2417 cupro.

403 2425 500 2460 Item,
529 2433 595 2453 una
621 2422 715 2453 navis
750 2422 791 2452 de
814 2425 941 2461 stagno,
970 2430 1029 2461 pro
1056 2419 1252 2457 turribulis3
1284 2422 1318 2450 et
1344 2419 1367 2460 ij
1398 2419 1602 2450 Oandelabra
1626 2420 1668 2450 de
1694 2422 1820 2460 stagno,

445 2466 571 2498 nullius
587 2465 715 2496 valoris.

403 2511 500 2550 Item,
519 2509 631 2549 pelvis,
650 2518 726 2539 cum
743 2507 902 2539 lavatorio
918 2509 1063 2546 stagneo.

402 2555 498 2593 Item,
515 2553 527 2594 j
545 2552 785 2583 vestimentum
801 2551 980 2591 integrum,
998 2550 1038 2580 de
1061 2549 1156 2589 nigro
1179 2549 1316 2580 samitto
1333 2559 1341 2587 ;
1364 2549 1455 2588 item,
1472 2549 1563 2580 aliud
1581 2549 1821 2580 vestimentum

445 2608 503 2638 pro
521 2596 717 2634 Presbitero,
734 2594 835 2635 paleis
858 2595 900 2624 de
916 2593 1070 2624 scarletto
1094 2596 1129 2623 et
1145 2592 1258 2623 veluto
1281 2592 1390 2631 hinde,
1408 2603 1485 2623 cum
1508 2593 1639 2623 duobus
1661 2593 1821 2624 tuniculis

443 2643 554 2682 preter
576 2649 700 2679 capam.

400 2685 497 2722 Item,
515 2683 636 2721 casula,
654 2691 731 2713 cum
747 2680 924 2712 dalmatica
940 2684 975 2711 et
991 2679 1149 2711 tuniculis
1166 2679 1206 2709 de
1223 2678 1324 2709 rubeo
1341 2678 1488 2717 samitto,
1505 2679 1575 2710 sine
1591 2679 1710 2709 linura.

399 2728 498 2765 Item,
526 2726 645 2764 casula,
674 2735 750 2756 cum
776 2724 891 2755 tunica
917 2726 953 2754 et
978 2722 1156 2754 dalmatica
1183 2732 1249 2753 non
1273 2722 1395 2761 finatis,
1420 2726 1454 2753 et
1476 2722 1512 2763 iij
1544 2733 1623 2763 cape
1653 2722 1694 2753 de
1716 2722 1820 2753 rubeo

442 2770 569 2801 samito.

397 2813 495 2852 Item,
512 2813 523 2854 j
542 2812 784 2843 vestimentum
802 2820 862 2851 pro
879 2810 1067 2849 Sacerdote,
1084 2809 1126 2839 de
1142 2818 1253 2850 panno
1276 2809 1380 2840 serico
1404 2809 1578 2849 deasprato
1602 2819 1642 2840 en
1666 2808 1822 2840 camacha

438 2866 515 2890 cum
531 2856 648 2887 avibus
664 2858 699 2887 et
716 2854 851 2885 floribus
867 2853 975 2894 glauci
993 2852 1119 2892 coloris,
1132 2862 1209 2883 cum
1225 2852 1325 2883 armis
1341 2853 1383 2883 de
1399 2852 1619 2884 Graundsone
1631 2852 1664 2882 in
1681 2852 1818 2893 pararis.
