1987 3062
488 265 774 301 REGISTRUM
811 264 1056 300 COMMUNE
1126 264 1261 298 ANNo
1301 254 1365 298 3⁰.
1572 254 1666 298 299

136 369 171 395 Α·
176 369 214 394 D·
246 371 343 409 Item,
367 370 575 401 satisfactum
600 373 651 401 est
675 381 732 410 pro
756 370 928 401 prebenda
951 370 984 400 in
1012 369 1156 400 Ecclesia
1180 369 1295 400 Sincti
1320 368 1510 404 Karentoci,
1535 368 1576 398 de
1601 378 1668 408 qua

136 402 244 462 {3313}
292 414 459 454 provisum
478 414 546 444 fuit
562 414 726 444 Edwardo
751 414 875 453 Elyer·
868 437 875 451 ‚
900 417 1000 454 prout
1015 414 1048 444 in
1068 413 1159 444 Liter
1161 423 1179 442 ι
1203 412 1450 452 Acquietaucie,
1476 412 1539 442 sub
1562 411 1669 451 sigillo

291 460 410 495 vestro,
429 457 558 497 plenius
574 457 774 487 continetur.

136 503 195 533 [fol.
251 501 429 538 prebende,
447 504 571 538 autem,
588 501 620 530 in
639 501 784 531 Ecclesia
807 499 988 538 Collegiata
1010 500 1052 530 (le
1076 499 1228 539 Glasney,
1247 509 1347 539 quam
1365 498 1512 538 optinuit
1529 497 1668 537 Stepha-

136 537 211 567 34b·]
293 554 356 574 nus
375 544 518 584 Pcmpel,
534 544 666 574 fructus
683 549 763 574 sunt
778 544 988 584 sequestrati.
1035 543 1198 573 Dominus
1216 543 1377 573 Ricardus
1393 542 1515 572 ssokelli
1528 544 1668 581 occupat

289 587 438 625 eandem,
466 590 501 618 et
528 590 580 617 est
607 587 729 617 citatus
755 587 979 626 personaliter.
1026 587 1123 625 Item,
1152 586 1283 616 fructus
1314 585 1467 626 ejusdem
1494 585 1666 616 Prebende

288 633 369 662 sunt
385 630 583 671 sequestrati
602 641 659 670 pro
678 630 867 660 Provisione
883 629 971 660 facta
987 630 1028 660 de
1045 630 1160 660 eadem
1179 630 1277 660 Petro
1295 629 1439 669 Crngou.

247 676 390 706 Fructus
407 674 546 704 Ecclesie
562 674 604 703 de
619 674 776 704 Tor-itone
793 673 951 713 predicte,
963 684 1003 703 ex
1016 684 1113 703 causa
1130 673 1286 713 predicta,
1301 673 1439 703 fecimus
1454 672 1664 712 sequestrari,

288 721 323 748 et
338 718 511 748 Rectorem
532 716 682 757 ejusdem
702 717 917 756 personaliter
933 716 1036 747 citari.

246 762 342 800 Item,
359 761 490 791 fruetus
506 760 676 791 Prebende
700 760 741 790 de
764 760 949 790 Wodelond
971 760 1005 790 in
1030 759 1173 790 Ecclesia
1198 759 1380 799 Collegiata
1403 759 1445 789 de
1469 759 1663 799 Cryditoue,

288 815 346 844 pro
362 807 450 835 resta
466 814 522 842 xs.,
539 814 578 834 ex
595 814 692 834 causa
716 803 872 844 predict-a,
897 807 978 834 sunt
1001 803 1202 843 sequestrati
1220 813 1227 841 ;
1251 807 1285 833 et
1311 803 1474 833 Dominus
1491 803 1664 834 Johannes

287 847 461 886 carbonel,
492 850 686 888 procurator
722 847 917 887 possessoris
955 846 1081 878 Preben
1095 847 1125 876 le
1164 846 1322 887 predicte,
1357 846 1576 887 personaliter
1613 849 1665 876 est

284 891 417 922 citatus.

246 936 388 966 Fructus
404 933 576 965 Prebende
592 933 632 964 (le
649 933 835 964 Stowforde
852 933 885 963 in
905 933 1048 964 Ecclesia
1065 932 1247 972 Collegiala
1265 933 1471 973 Cryditouie,
1486 933 1594 973 primo
1608 943 1666 973 per

286 978 472 1010 Johannem
490 978 649 1018 Burgeys,
666 977 831 1014 clericum,
850 977 1060 1007 Auctoritate
1076 976 1274 1015 Apostolica,
1292 980 1469 1016 aeeeptate,
1494 980 1527 1006 et
1552 980 1666 1016 postea

287 1032 344 1062 per
363 1021 544 1051 Dominum
561 1021 769 1052 Cardinalem
795 1020 1069 1051 Cantuariensem
1094 1020 1252 1060 Magistro
1278 1020 1454 1060 Ratlulpho
1470 1020 1664 1059 Tregresiou

286 1064 415 1101 collate,
435 1066 468 1094 et
484 1064 593 1095 adhuc
610 1074 755 1104 possesse
772 1074 829 1104 per
845 1065 998 1102 eundem,
1017 1067 1099 1094 sunt
1114 1064 1315 1104 sequestrati
1332 1074 1339 1102 3
1356 1068 1390 1094 et
1401 1064 1489 1094 idem
1507 1063 1665 1103 Magister

287 1107 485 1147 Radulphus
500 1111 551 1138 est
567 1108 783 1148 personaliter
798 1107 928 1138 citatus.

244 1152 387 1183 Fructus
406 1151 547 1181 Ecclesie
560 1152 601 1181 de
617 1149 691 1182 Sele
708 1150 956 1188 Monachorum,
974 1161 1030 1190 per
1047 1150 1234 1190 predictum
1252 1150 1436 1181 Dominum
1453 1149 1662 1182 cardinalem

288 1194 561 1226 cantuariensem
578 1194 695 1224 collate
719 1194 850 1224 cuidam
876 1194 1002 1225 Simoni
1026 1193 1253 1233 [Prestecote],
1278 1197 1359 1224 sunt
1383 1194 1606 1234 sequestrati3
1629 1197 1664 1224 et

286 1238 374 1268 idem
393 1238 507 1268 Simon
524 1240 576 1267 est
592 1238 807 1277 personaliter
822 1237 955 1268 citatus.

245 1282 343 1317 Item,
360 1280 491 1311 fructus
507 1280 650 1311 Ecclesie
673 1281 715 1310 de
739 1280 1010 1319 Cloveneburghe
1034 1280 1341 1320 [Clannaboroufth
1361 1290 1418 1320 per
1433 1280 1581 1311 eundum
1599 1281 1663 1310 Do—

287 1325 416 1355 minum
433 1324 642 1355 cardinalem
659 1324 776 1354 collate
792 1324 935 1354 Domino
953 1324 1097 1354 Roberto
1116 1325 1223 1364 Doget
1239 1335 1247 1361 ;
1265 1325 1352 1354 idem
1372 1323 1537 1354 Robertus
1557 1324 1664 1364 Doget

286 1371 339 1398 est
355 1367 477 1398 citatus
494 1367 718 1407 personaliter,
736 1370 770 1397 et
785 1367 916 1398 fructus
933 1372 1014 1397 sunt
1029 1367 1238 1407 sequestrati.

244 1411 338 1450 Quia,
364 1421 450 1449 vem,
473 1411 514 1440 de
537 1410 692 1441 omnibus
716 1410 911 1450 hujusmodi
939 1411 1116 1449 ueneficiis,
1140 1421 1159 1441 a
1181 1414 1241 1441 xv0
1267 1410 1433 1441 Kalendas
1451 1410 1565 1441 Marcii
1589 1421 1662 1450 pre—

288 1453 378 1484 dicto
396 1454 586 1494 acceptatis,
603 1454 644 1484 ad
662 1454 797 1494 plenum
815 1465 882 1484 non
907 1455 1079 1494 potuimus
1102 1454 1284 1492 informari,
1303 1454 1397 1484 nobis
1415 1454 1533 1489 velitis,
1552 1454 1579 1484 si
1598 1453 1662 1493 pla-

288 1501 352 1535 cet,
369 1507 501 1537 parcere
516 1497 580 1527 ista
597 1497 665 1528 vice
680 1507 687 1534 ;
712 1500 747 1527 et
763 1498 930 1538 quamcito
941 1498 1114 1528 commode
1131 1498 1315 1537 poterimus
1332 1498 1372 1527 <le
1390 1497 1558 1537 premissis
1571 1497 1665 1527 vobis

288 1541 418 1581 plenius
434 1540 661 1571 rescribemus.
708 1540 748 1571 In
772 1541 990 1581 prosperitate
1007 1541 1118 1571 votiva
1131 1541 1188 1571 diu
1207 1551 1262 1571 vos
1286 1544 1458 1571 conservet
1474 1540 1577 1571 Filius
1594 1540 1665 1571 Vir-

285 1584 370 1624 ginis
386 1584 534 1615 Gloriose
549 1582 711 1614 l—-Dated
730 1587 767 1614 at
785 1584 1028 1623 Westminster,
1046 1586 1066 1614 2
1086 1584 1173 1624 May-

134 1637 192 1668 [f0¹·
241 1639 323 1676 The
352 1638 446 1675 War
474 1638 513 1674 in
543 1638 715 1675 F1ance·
705 1667 716 1685 ,
745 1639 808 1675 Ad
834 1639 1025 1675 orandum
1047 1652 1120 1686 pro
1149 1639 1386 1686 empedicz'one
1413 1638 1534 1675 Ducis
1565 1638 1666 1675 Lan-

131 1672 206 1702 3⁴¹³]
276 1692 414 1729 cas-trie
443 1689 562 1743 [John
591 1693 631 1729 of
659 1690 821 1743 Gaunt],
827 1716 879 1720 -—

241 1746 396 1784 Thomas,
416 1749 487 1784 etc„
507 1746 637 1776 Decano
653 1749 687 1776 et
703 1746 858 1786 Capitulo
875 1746 1019 1777 Ecclesie
1038 1749 1149 1777 nostre
1168 1746 1375 1777 Cathedralis
1394 1746 1531 1785 Exonie,
1548 1749 1583 1777 et
1599 1746 1664 1776 sin-

283 1790 368 1830 gulis
391 1770 641 1820 Arch’idiaeonis
664 1789 699 1820 in
722 1790 812 1820 dicta
835 1794 947 1820 nostra
974 1789 1127 1828 Ecclesia,
1147 1790 1197 1820 vel
1213 1800 1328 1820 eorum
1346 1772 1663 1829 Offiei·=]ib1{s‚salu-

285 1836 364 1871 tem,
381 1833 542 1864 etc.-Ad
559 1832 715 1864 noticiam
733 1840 875 1863 vestram
894 1833 1059 1863 credimus
1077 1834 1262 1873 pervenisse
1285 1834 1463 1874 quomodo,
1481 1837 1557 1874 post
1580 1837 1663 1864 trac-

282 1879 375 1907 tatus
392 1876 480 1916 pacis
497 1876 620 1916 pluries
636 1887 711 1907 cum
730 1876 864 1907 Domini
888 1877 994 1907 nostri
1020 1877 1117 1916 Regis
1139 1877 1336 1907 adversariis
1352 1877 1393 1907 de
1411 1877 1559 1914 Francia,
1579 1878 1664 1908 Sede

284 1919 474 1960 Apostolica
492 1919 668 1958 mediante,
694 1930 800 1960 nuper
822 1919 963 1959 habitos,
988 1923 1022 1951 et
1046 1931 1161 1950 omnes
1178 1920 1246 1950 vias
1263 1920 1351 1960 pacis
1369 1921 1582 1951 racionabiles
1607 1932 1665 1961 per

285 1962 449 2002 predictos
465 1963 678 2002 adversarios,
696 1965 736 1994 ut
751 1963 883 2000 dicitur,
901 1966 1078 2000 recusatas
1092 1964 1232 1994 illustris
1248 1974 1285 1994 ac
1301 1966 1479 2004 prepotens
1497 1964 1662 2005 Princeps,

284 2006 448 2037 Dominus
465 2005 643 2044 Johannes,
663 2007 723 2037 Dei
739 2007 848 2046 gracia
863 2007 934 2038 Rex
957 2007 999 2037 de
1024 2007 1168 2038 Castella
1190 2011 1226 2037 et
1250 2007 1349 2045 Leon,
1371 2008 1446 2038 Dux
1464 2008 1662 2046 Lancastrie,

283 2060 349 2080 uua
364 2059 440 2079 cum
457 2049 595 2080 diversis
612 2050 809 2088 Comitibus,
828 2050 1023 2088 Baronibus,
1041 2050 1179 2090 aliisque
1204 2050 1320 2081 multis
1347 2050 1450 2090 Regni
1470 2051 1661 2087 Nobilibus,

284 2104 341 2133 pro
358 2093 548 2123 defensione
572 2092 768 2134 hujusmodi
792 2094 898 2133 Regni
921 2096 1097 2132 terrarum,
1113 2094 1253 2134 jurium,
1280 2098 1316 2124 et
1338 2094 1551 2125 subditorum
1575 2095 1662 2135 ejus-

284 2138 361 2166 dem
384 2136 521 2166 Domini
543 2137 649 2167 nostri
672 2137 770 2177 Regis
793 2137 922 2175 Angue,
941 2147 1017 2167 cum
1042 2137 1189 2167 exercitu
1213 2137 1331 2175 valido,
1356 2137 1397 2167 de
1421 2138 1557 2168 consilio
1581 2138 1663 2169 dicti

282 2178 419 2210 Domini
433 2179 538 2210 nostri
555 2180 651 2219 Regis
666 2180 786 2220 Anglie
803 2183 838 2210 et
855 2180 1033 2210 Procerum
1056 2180 1138 2210 dicti
1163 2180 1277 2219 Regni,
1297 2181 1486 2220 passagium
1503 2191 1604 2212 suum
1619 2182 1663 2212 ad

284 2224 399 2254 Partes
415 2226 545 2253 exteras
567 2223 780 2262 ordinaverit,
800 2223 970 2272 quatinus,
988 2224 1182 2254 coadunatis
1200 2223 1335 2262 viribus,
1353 2224 1471 2254 sevicia
1495 2225 1662 2256 dictorum

283 2266 556 2305 adversariorum,
573 2267 636 2297 sub
653 2266 772 2297 Divine
795 2267 1018 2297 miseracionis
1041 2266 1170 2305 Ηὼιοίῑ,
1193 2270 1433 2316 compescatur.
1481 2268 1528 2298 Ut
1545 2278 1661 2299 eorun-

285 2310 361 2340 dem
378 2309 597 2340 Dominorum
611 2320 648 2340 ac
663 2320 798 2341 suorum
816 2321 853 2340 eo
869 2310 994 2340 felicim
1010 2310 1052 2340 sit
1070 2320 1262 2350 progressus
1277 2320 1344 2350 quo
1361 2310 1423 2350 piis
1439 2311 1528 2350 apud
1552 2311 1662 2342 Deum

285 2352 415 2383 suffulti
430 2353 559 2383 fuerint
576 2353 800 2393 placacionum
817 2353 940 2392 officiis,
954 2353 1055 2392 vobis,
1073 2356 1107 2384 et
1124 2356 1272 2383 vestrum
1289 2353 1437 2393 singulis,
1455 2353 1662 2394 injungimus

283 2399 317 2426 et
333 2396 541 2435 mandamus,
565 2399 600 2426 et
621 2396 655 2426 in
681 2396 824 2427 Domino
847 2397 1067 2445 obsecramus,
1094 2396 1252 2436 quatinus
1275 2397 1365 2436 apud
1392 2397 1488 2434 E,um
1505 2397 1576 2428 sine
1589 2398 1662 2436 Quo

282 2438 384 2470 nichil
407 2442 458 2469 est
474 2439 632 2477 validum,
657 2440 787 2471 devotis
809 2439 946 2480 jejuniis
970 2443 1005 2471 et
1028 2439 1234 2470 oracionibus
1258 2439 1429 2478 insistatis,
1454 2444 1488 2470 et
1512 2444 1662 2471 vestrum

282 2482 425 2522 quilibet
441 2482 576 2513 Clerum
594 2486 627 2513 et
645 2483 814 2522 populum,
832 2487 903 2513 tam
920 2486 1113 2522 exemptum
1138 2493 1237 2522 quain
1264 2493 1329 2512 non
1346 2487 1551 2523 exemptum,
1576 2484 1663 2514 infra

283 2535 341 2556 sue
357 2525 597 2565 jurisdiccionis
615 2525 739 2556 limites
762 2526 996 2565 constitutum,
1013 2526 1055 2556 ad
1070 2526 1190 2556 similia
1213 2529 1248 2555 et
1264 2526 1304 2556 ad
1324 2526 1548 2557 processiones
1565 2527 1661 2558 devo-

284 2572 345 2606 tas,
362 2568 512 2608 qualibet
527 2569 681 2599 videlicet
696 2568 777 2610 iiijta
792 2572 826 2600 et
843 2568 909 2609 vjta
932 2570 1021 2607 feria,
1038 2569 1185 2606 inducat,
1203 2572 1243 2599 ut
1265 2569 1336 2599 Rex
1355 2570 1480 2609 Regum
1499 2573 1533 2600 et
1550 2571 1661 2601 Domi-

285 2622 348 2642 nus
371 2611 618 2642 clominancium
643 2612 741 2643 dictis
765 2613 925 2651 Dominis,
951 2616 985 2644 et
1008 2612 1162 2642 omnibus
1185 2612 1248 2642 sibi
1264 2612 1506 2652 assistentibus,
1524 2613 1663 2645 Celestis

284 2654 398 2685 auxilii
414 2655 555 2694 graciam
572 2655 721 2686 conferat
737 2658 771 2686 et
785 2655 952 2696 juvamen.
1015 2656 1073 2693 Ut,
1097 2658 1222 2693 autem,
1250 2655 1375 2687 Christi
1392 2656 1504 2687 fideles
1527 2657 1567 2687 ad
1592 2667 1662 2697 pre-

284 2697 382 2729 missa
398 2698 556 2729 allectivis
572 2698 863 2748 Iudulgenciarum
883 2699 1076 2729 muneribus
1094 2698 1287 2738 propensius
1304 2699 1500 2738 excitentur,
1525 2701 1567 2731 de
1592 2701 1662 2739 Dei,

285 2740 397 2780 igitur,
422 2740 670 2781 Omnipotentis
693 2742 800 2781 gracia
826 2742 975 2782 Ejusque
998 2742 1149 2772 inmensa
1178 2741 1407 2781 misericoldia,
1439 2753 1475 2774 ac
1509 2744 1607 2774 Beate
1630 2748 1665 2774 et

285 2783 434 2814 Gloriose
449 2794 578 2824 semper
593 2785 653 2815 Vn
654 2795 739 2824 ginis
756 2785 866 2823 Mane
885 2785 1069 2816 Genetricis
1087 2785 1162 2822 Sue,
1183 2795 1309 2816 necnon
1326 2786 1506 2817 Beatornm
1523 2787 1663 2827 Aposto-

285 2826 394 2857 lorum
420 2827 511 2857 Petii
537 2830 574 2858 et
601 2827 706 2865 Pauli,
731 2828 955 2859 Patronorum
978 2831 1181 2865 nostrorum,
1209 2828 1437 2869 Omniumque
1464 2830 1664 2861 Sanctorum

287 2869 414 2900 meritis
430 2872 465 2901 et
481 2870 633 2910 precibus
649 2870 862 2910 confidentes,
887 2871 1043 2902 omnibus
1066 2870 1272 2912 parochianis
1295 2873 1426 2912 nostris,
1444 2876 1478 2904 et
1494 2873 1566 2905 aliis
1584 2884 1663 2914 quo-
