1987 3062
156 1837 219 1868 [fol.

155 1872 210 1900 31.]

505 257 792 291 REGISTRUM
829 255 1280 290 COMMUNE—ANNO
1319 246 1383 289 3⁰.
1590 246 1682 289 285

313 362 401 393 eavit
418 362 587 403 Capellam
603 363 644 393 de
662 363 893 401 Dertemuthe,
904 363 937 394 in
954 362 1078 393 honore
1094 361 1215 392 Sancte
1231 360 1404 391 Trinitatis
1422 371 1428 397 ;
1442 364 1476 391 et
1492 361 1526 391 in
1543 361 1687 392 crastino

313 410 394 437 tunc
421 411 592 446 sequente,
617 407 771 437 videlicet
794 407 848 437 die
874 406 976 444 Jovis,
1006 405 1171 436 dedicavit
1198 404 1408 435 Cimiterinm
1436 404 1570 442 ibidem,
1598 405 1686 435 facta

307 449 399 489 prius
422 450 661 489 composicione
684 450 773 480 inter
797 451 912 480 Partes
936 459 1079 490 quarum
1105 448 1268 485 interest;
1297 458 1362 488 que
1388 448 1540 487 sequitur
1567 449 1600 478 in
1627 448 1686 479 hec

305 493 631 530 verba,—Universis
655 497 770 533 pateat
787 504 844 532 per
862 494 1034 523 Presentes
1051 492 1151 532 quod,
1169 502 1245 522 cum
1262 492 1352 521 inter
1367 502 1438 528 nos,
1459 492 1609 522 Fratrem
1628 492 1684 522 Jo-

304 536 449 566 hannem
473 537 514 566 de
538 536 740 574 Berkedone,
764 537 930 567 Abbatem
956 536 1148 566 Monasterii
1172 536 1213 565 de
1247 535 1348 565 Torre
1372 539 1406 564 et
1430 535 1580 575 ejusdem
1608 535 1684 566 Loci

305 579 527 618 Conventum,
541 580 675 610 Ordinis
690 580 1016 618 premonstratensis,
1031 579 1209 610 Ecclesiam
1225 578 1450 609 Parochialem
1465 582 1498 608 et
1512 578 1685 609 Matricem

303 623 345 653 de
367 622 571 661 Tounstalle‚
588 623 683 653 nobis
707 627 741 653 et
765 623 966 654 Monasterio
982 627 1096 653 nostro
1114 622 1278 653 Canonice
1296 622 1438 659 unitam,
1458 632 1633 656 annexam,
1652 627 1685 652 et

304 667 550 706 appropriatam
574 667 607 696 in
632 667 781 707 proprios
804 677 894 704 usus,
913 667 1003 697 salva
1025 666 1178 706 porcione
1195 665 1326 703 Vicarii,
1345 665 1547 703 obtinentes,
1566 669 1601 695 et
1619 665 1683 696 Do-

304 711 434 740 minum
463 709 625 740 Thomam
654 711 811 750 BurgeyS,
840 710 1010 740 Vicarium
1040 710 1244 748 Perpetuum
1274 708 1426 749 ejusdem
1458 708 1614 747 Ecclesie,
1645 720 1685 740 ex

305 757 399 793 parte
412 763 488 791 una,
501 757 534 783 et
547 764 616 790 nos,
631 753 817 784 <Iohannem
834 753 960 792 Clerke,
974 753 1178 783 Willelmum
1197 752 1315 792 Harry,
1330 751 1535 782 willelmum
1554 752 1684 789 Knolle,

305 796 509 827 Willelmum
538 796 639 834 Reda,
657 796 844 827 Johannem
869 797 998 833 Mathu,
1016 797 1185 836 Rogerum
1211 795 1296 831 Pule,
1313 795 1503 826 Gilbertum
1520 795 1561 825 de
1576 796 1685 837 Fawy,

303 840 323 870 J
327 839 491 870 ohannem
509 838 630 878 Haule,
645 840 848 870 Willelmum
863 840 968 878 Croft,
981 840 1001 870 J
1005 839 1170 870 ohannem
1188 839 1375 876 Brasutere,
1388 838 1576 869 lValterum
1592 839 1684 869 Wor-

303 883 374 922 thy,
399 885 434 913 et
456 883 644 914 Johannem
674 883 798 922 Cnolle,
828 883 1042 924 parochianos
1066 883 1217 923 ejusdem
1245 882 1386 913 Ecclesie
1413 882 1454 912 de
1481 882 1684 921 Tounstalle,

303 927 392 967 apud
408 926 531 957 Villam
547 927 588 957 de
606 927 863 965 Derthemuthe,
882 927 969 957 infra
987 927 1067 957 fines
1084 930 1118 956 et
1134 925 1257 956 limites
1275 926 1432 956 Parochie
1449 925 1600 966 ejusdem
1625 926 1684 957 Ec—

304 969 401 1000 clesie
416 969 616 1007 habitantes,
634 974 669 1001 et
690 974 815 1001 ceteros
832 981 947 1001 omnes
970 970 1186 1010 parochianos
1208 969 1360 1009 ejusdem
1384 969 1540 1007 Ecclesie,
1558 979 1685 1000 moram

305 1056 551 1087 Derthemuthe
567 1061 820 1095 commorantes,
838 1058 1006 1098 quandam
1026 1057 1193 1096 Capellam
1206 1056 1239 1086 in
1257 1056 1372 1086 eadem
1386 1056 1471 1086 Villa
1487 1056 1528 1086 de
1546 1056 1684 1087 Derthe-

304 1100 432 1138 motha,
447 1100 534 1130 infra
552 1100 744 1131 Parochiam
761 1100 912 1140 ejusdem
933 1100 1075 1131 Ecclesie
1091 1100 1132 1130 de
1149 1099 1353 1137 Tmmstalle,
1373 1099 1521 1130 Licencia
1537 1100 1685 1139 ipsorum

305 1143 446 1173 Abbatis
459 1147 494 1173 et
507 1143 700 1174 Conventus
712 1154 749 1174 ac
760 1144 883 1174 Vicarii
897 1144 1054 1184 Perpetui
1068 1154 1133 1174 non
1148 1146 1296 1183 optenta,
1310 1146 1501 1173 construere
1514 1153 1685 1183 presump-

306 1190 434 1224 serunt,
445 1187 575 1217 dudum
587 1187 730 1217 fuissent
740 1187 877 1218 suborte
888 1188 1050 1218 discordia
1062 1192 1095 1217 et
1108 1187 1247 1217 materia
1260 1186 1444 1227 questionis
1461 1196 1468 1222 ;
1494 1186 1631 1217 demum
1646 1188 1687 1217 de

306 1230 505 1260 auctoritate
521 1234 556 1260 et
570 1240 704 1260 assensu
722 1230 928 1261 Venerabilis
945 1231 978 1261 in
1004 1230 1138 1261 Christo
1156 1230 1273 1268 Patris,
1300 1230 1437 1260 Domini
1453 1229 1589 1268 Thome‚
1609 1234 1686 1269 etc„

308 1273 385 1304 Loci
409 1273 592 1311 Diocesani,
610 1277 794 1304 memorata
809 1274 973 1304 discordia
997 1273 1216 1304 amicabiliter
1232 1273 1435 1312 conquievit,
1454 1284 1491 1303 ac
1514 1273 1604 1304 inter
1626 1283 1687 1304 nos

307 1320 510 1347 conventum
527 1317 643 1347 extitit
658 1317 720 1347 sub
744 1317 805 1348 hac
821 1317 1064 1356 forma,—Nos,
1082 1317 1238 1347 videlicet
1253 1316 1366 1347 Abbas
1383 1320 1417 1347 et
1438 1316 1634 1347 Conventus
1650 1328 1687 1348 ac

307 1360 459 1390 Vicarius
475 1360 667 1400 supradicti,
679 1361 924 1391 considerantes
937 1361 1025 1401 quod
1040 1360 1229 1400 parochiani
1241 1359 1391 1400 ejusdem
1405 1360 1549 1390 Ecclesie
1562 1360 1688 1391 dictam

307 1403 428 1434 Villam
453 1403 495 1434 de
518 1404 775 1441 Derthemnthe,
797 1404 830 1434 111
855 1404 952 1434 litore
977 1404 1076 1434 maris
1096 1414 1175 1443 ymo
1198 1404 1309 1441 sitam,
1334 1403 1571 1442 inhabitantes,
1593 1414 1687 1435 senes

308 1446 484 1487 presertim
492 1446 648 1477 mulieres
664 1452 698 1478 et
709 1447 763 1478 alii
780 1447 980 1487 inpotentes,
994 1452 1127 1487 propter
1143 1457 1276 1485 gravem
1291 1450 1323 1476 et
1341 1446 1508 1477 difficilem
1519 1457 1686 1478 accessum

309 1491 350 1520 ad
376 1490 516 1520 eandem
544 1490 734 1529 Ecclesiam,
759 1491 901 1531 desuper
927 1494 962 1521 et
989 1492 1021 1521 in
1051 1491 1119 1521 alto
1148 1490 1335 1528 fundatam,
1361 1493 1511 1530 tempore
1542 1490 1687 1521 maxime

310 1533 456 1574 hyemali
483 1536 518 1564 et
548 1533 627 1564 alias
658 1538 930 1574 tempestuosam,
953 1534 1059 1574 ipsam
1088 1533 1269 1564 Ecclesiam
1293 1533 1419 1564 Diebus
1444 1533 1626 1564 Dominicis
1654 1538 1688 1565 et

310 1577 453 1607 Festivis
470 1577 576 1607 rarius
592 1581 626 1607 et
643 1577 773 1608 tardius
789 1578 1054 1618 frequentantes,
1072 1577 1105 1607 in
1123 1587 1259 1607 suarum
1278 1577 1462 1617 periculum
1487 1577 1686 1616 animarum,

308 1619 424 1650 Divini
441 1619 562 1651 Cultus
586 1621 856 1659 diminucionem,
874 1624 908 1651 et
931 1625 1085 1651 nostrum
1107 1620 1279 1661 ipsiusque
1305 1620 1447 1651 Ecclesie
1464 1620 1687 1661 prejudicium

309 1663 524 1703 quamplures
534 1664 737 1694 neclexerint
750 1664 880 1695 Divinis
897 1664 978 1694 inibi
996 1664 1118 1695 Officiis
1130 1664 1289 1694 interesse
1304 1674 1312 1701 ;
1329 1667 1367 1693 ut
1380 1663 1525 1703 ipsorum
1539 1665 1686 1705 parochi-

309 1717 448 1737 anorum
473 1707 607 1737 devocio
631 1708 671 1738 ad
697 1708 857 1738 Divinum
881 1708 1020 1739 Cultum
1057 1718 1094 1738 eo
1117 1707 1260 1746 amplius
1284 1707 1458 1745 excitetur,
1479 1707 1521 1738 ob
1544 1707 1687 1738 salutem

309 1750 495 1781 animarum
513 1761 647 1781 suarum
666 1754 832 1791 quantum
846 1752 886 1781 ad
904 1762 963 1781 nos
979 1751 1113 1789 attinet,
1127 1751 1281 1781 dedimus
1298 1755 1332 1781 et
1346 1751 1577 1789 concessimus,
1589 1752 1688 1782 sicuti

310 1804 368 1834 per
385 1794 559 1824 Presentes
575 1794 694 1824 damus
713 1798 747 1825 et
763 1795 984 1833 concedimus,
1003 1794 1140 1834 prefatis
1158 1794 1364 1834 parochianis
1387 1794 1476 1825 dicte
1492 1794 1637 1825 Ecclesie
1653 1795 1686 1825 in

314 1837 463 1876 predicta
475 1837 561 1867 Villa
578 1838 860 1868 commorantibus
880 1838 1064 1869 Licenciam
1082 1842 1115 1868 et
1132 1848 1302 1868 assensum
1320 1837 1410 1877 quod
1426 1838 1487 1878 ipsi
1500 1838 1687 1878 parochiani

313 1880 437 1911 ibidem
455 1881 633 1911 dumtaxat
649 1881 886 1920 inhabitantes,
899 1882 1067 1921 degentes,
1085 1884 1120 1912 et
1142 1882 1242 1911 larem
1261 1881 1422 1919 foventes,
1440 1882 1472 1911 in
1490 1881 1636 1912 favorem
1654 1886 1688 1912 et

312 1924 522 1954 commodum
537 1925 728 1963 eorundem,
744 1925 870 1965 absque
886 1925 1036 1965 quolibet
1060 1925 1242 1965 prejudicio
1255 1924 1344 1955 dicte
1361 1925 1504 1955 Ecclesie
1520 1925 1562 1955 de
1578 1925 1686 1956 Toun-

310 1967 407 1998 stalle
433 1970 468 1997 et
495 1970 681 1998 ceterorum
713 1969 988 2008 parochianorum
1020 1968 1182 2008 ejusdem,
1211 1978 1248 1998 ac
1276 1968 1468 1998 Monasterii
1495 1969 1687 2008 supradicti,

310 2010 491 2050 quamdam
516 2010 694 2050 Capellam,
711 2022 787 2042 cum
811 2011 1013 2052 Baptisterio
1037 2016 1070 2042 et
1097 2011 1268 2042 Cimiterio
1292 2011 1542 2052 circumjacenti
1558 2023 1686 2052 compe-

309 2053 471 2091 tentibus,
496 2053 528 2084 in
546 2053 637 2084 Villa
661 2055 809 2095 predicta
831 2060 866 2086 et
888 2055 957 2085 solo
979 2055 1126 2095 ipsorum
1155 2054 1294 2085 Abbatis
1317 2059 1351 2085 et
1375 2055 1578 2094 Conventus,
1602 2055 1688 2086 infra

309 2097 501 2127 Parochiam
519 2097 668 2138 ejusdem
687 2099 831 2129 Ecclesie
854 2098 1055 2136 situandam,
1072 2099 1114 2128 ab
1131 2099 1244 2128 eadem
1263 2098 1407 2128 Ecclesia
1430 2098 1471 2128 de
1495 2099 1688 2129 'l'ounstalle

309 2144 350 2171 ut
376 2140 515 2170 Matrice
541 2141 796 2181 dependentem,
825 2145 860 2173 et
885 2142 993 2172 eidem
1021 2141 1191 2172 subditam
1218 2146 1252 2172 et
1278 2141 1476 2181 subjectam,
1499 2142 1628 2182 possint
1654 2146 1689 2173 et

309 2183 441 2214 valeant
456 2183 579 2223 erigere
602 2188 637 2214 et
659 2188 859 2224 construere,
876 2195 914 2216 ac
937 2186 1041 2226 ipsam
1067 2185 1234 2225 Capellam
1251 2189 1285 2215 et
1307 2185 1517 2216 Cimiterinm
1534 2185 1687 2226 adjacens

308 2237 368 2267 per
390 2227 623 2258 Reverendum
648 2228 781 2259 Patrem
806 2229 987 2259 Dominum
1014 2228 1214 2269 Episcopum
1246 2228 1476 2266 Exoniensem,
1500 2239 1557 2259 seu
1583 2229 1686 2259 alium

309 2270 495 2310 quemlibet
518 2271 731 2311 Episcopum,
748 2272 817 2303 vice
834 2276 869 2303 et
891 2272 1091 2303 auctoritate
1107 2272 1210 2312 ipsius
1235 2271 1369 2301 Domini
1396 2272 1592 2302 Exoniensis
1610 2272 1686 2312 Epi-

310 2313 398 2353 scopi
415 2313 456 2344 ad
472 2313 534 2344 hoc
546 2314 789 2354 deputandum,
803 2315 966 2347 Canonice
983 2315 1162 2346 consecrari
1179 2318 1212 2345 et
1225 2314 1379 2353 dedicari,
1394 2325 1584 2355 munusque
1602 2316 1685 2346 Con-

311 2357 504 2387 secracionis
521 2357 672 2398 ejusdem
693 2359 842 2398 impendi
862 2359 968 2389 facere
984 2359 1052 2389 suis
1069 2358 1272 2398 sumptubus
1286 2362 1319 2388 et
1335 2359 1496 2398 expensis,
1514 2368 1551 2388 ac
1566 2359 1686 2399 imper-

310 2402 450 2439 petuum
468 2400 502 2430 in
519 2401 632 2431 eadem
660 2401 790 2442 Capella
815 2402 936 2433 Divina
960 2402 1074 2433 Officia
1098 2401 1212 2431 andire
1235 2405 1270 2431 et
1293 2401 1360 2431 suis
1384 2402 1588 2441 sumptubus
1605 2402 1685 2432 cele-

308 2442 396 2473 brari
419 2443 534 2482 facere,
552 2444 730 2484 omniaque
753 2449 788 2475 et
810 2445 940 2485 singula
963 2445 1176 2476 Sacramenta
1193 2448 1227 2475 et
1243 2445 1501 2475 Sacramentalia
1522 2455 1540 2475 a
1557 2445 1687 2476 Vicario

310 2486 476 2525 Perpetuo
491 2487 642 2527 ejusdem
660 2488 804 2519 Ecclesie
828 2489 886 2528 qni
903 2499 962 2528 pro
979 2492 1128 2528 tempore
1144 2487 1257 2526 fuerit,
1274 2488 1300 2518 si
1313 2498 1350 2517 ea
1362 2488 1407 2518 ibi
1419 2498 1477 2528 per
1492 2498 1527 2518 se
1544 2488 1686 2520 voluerit

307 2529 496 2560 ministrare
507 2540 515 2567 ;
531 2530 688 2571 alioquin,
705 2542 724 2562 a
737 2531 916 2572 Capellano
931 2531 1050 2562 idoneo
1062 2530 1244 2562 Parochiali
1257 2531 1379 2561 ibidem
1393 2531 1588 2571 celebrante,
1602 2533 1686 2572 ipso-

307 2582 383 2602 rum
394 2572 668 2613 parochianorum
678 2575 1088 2615 sumptubus‚insolidum‚
1100 2574 1300 2604 inveniendo
1311 2577 1345 2604 et
1355 2575 1561 2613 sustinendo,
1573 2576 1615 2605 ad
1626 2575 1688 2605 hoc

309 2616 465 2655 primitus
477 2616 518 2646 ab
533 2617 605 2656 ipso
616 2617 755 2656 Vicario,
769 2618 803 2648 in
816 2618 977 2658 principio
990 2617 1172 2658 cujuslibet
1183 2618 1271 2656 anni,
1285 2618 1472 2657 specialiter
1485 2618 1687 2649 lieenciando

309 2662 353 2697 et,
366 2658 466 2698 juxta
476 2659 763 2691 Constitucionem
771 2661 972 2700 Synodalem
987 2660 1183 2691 Exoniensis
1198 2660 1502 2699 Diocesis,Officiali
1516 2662 1686 2692 Archidia-

309 2702 383 2732 coni
398 2701 555 2733 Tottonie
570 2703 745 2734 annuatim
763 2705 994 2744 presentand0‚
1013 2708 1052 2734 ut
1068 2704 1232 2742 convenit,
1251 2707 1285 2734 et
1302 2704 1522 2735 admittendo.
1570 2705 1687 2743 Quem,

307 2749 430 2783 tamen,
438 2744 465 2775 si
476 2745 626 2785 ydoneus
636 2747 748 2786 fuerit,
760 2747 849 2778 idem
861 2748 1012 2778 Vicarius
1022 2747 1192 2777 licenciare
1203 2752 1238 2777 et
1248 2747 1426 2778 admittere
1440 2751 1495 2777 ten
1501 2751 1604 2786 eatur,
1612 2758 1689 2778 cum

308 2787 354 2818 sic
367 2792 576 2828 presentatus
589 2793 623 2820 et
639 2790 804 2821 admissus
816 2791 930 2829 fuerit,
942 2791 976 2820 in
991 2790 1104 2820 eadem
1121 2789 1255 2829 Capella
1270 2790 1415 2830 recipere
1428 2794 1462 2821 et
1474 2790 1605 2829 habere,
1618 2801 1690 2821 nec-

308 2840 375 2862 non
391 2830 425 2862 in
442 2831 558 2863 eadem
575 2831 710 2874 Capella.
735 2837 771 2864 et
798 2833 971 2866 Cimiterio
1000 2833 1122 2864 habere
1147 2833 1283 2864 liberam
1302 2833 1521 2876 sepulturam.
1575 2834 1693 2874 Salvis,
