1987 3062
291 337 366 363 AD.

293 371 363 396 1370.

292 404 354 430 Vol.
372 405 413 429 ΙΙ.

815 229 914 261 ΤΗΕ
955 228 1193 261 REGISTER
1234 229 1293 261 OF

452 337 622 385 recipere
656 335 812 381 valeas,
859 348 904 371 ac
941 333 1067 371 eidem
1101 332 1305 377 Antistiti,
1338 335 1385 368 ut
1417 344 1560 368 munus
1590 330 1812 380 predictum

452 390 707 426 Auctoritate
740 392 876 425 nostra
904 387 1129 436 impendere
1157 385 1278 422 libere
1308 385 1383 422 tibi
1412 386 1548 434 possit,
1583 385 1740 433 plenam
1771 388 1812 421 et

449 443 613 480 liberam
633 442 880 479 concedimus
900 445 1036 478 tenore
1053 440 1304 477 Presencium
1324 439 1567 476 facultatem.
1601 439 1808 483 Volumus,

449 500 592 541 autem,
628 496 731 545 quod
769 495 872 532 idem
904 495 1088 531 Antistes
1119 495 1185 542 qui
1218 493 1291 529 tibi
1324 492 1524 541 prefatum
1562 505 1705 529 munus
1742 492 1810 528 im-

448 550 605 599 pendet,
644 553 853 598 postquam
890 547 988 584 illud
1031 547 1105 584 tibi
1152 546 1400 596 impenderit,
1440 560 1463 582 a
1501 550 1551 591 te,
1591 549 1727 582 nostro
1769 549 1809 582 et

448 603 627 640 Romane
648 603 820 639 Ecclesie
848 602 1016 646 nomine,
1040 601 1265 638 Fidelitatis
1294 599 1426 637 debite
1455 600 1615 636 solitum
1644 600 1810 648 recipiat

445 658 724 706 juramentum,
746 657 863 705 juxta
891 655 1058 691 formam
1079 668 1195 704 quam
1225 653 1298 690 sub
1318 654 1436 690 Bulla
1456 657 1592 690 nostra
1611 654 1808 690 mittimus

446 711 699 747 interclusam
716 723 725 756 3
753 723 798 746 ac
817 709 984 745 formam
998 708 1215 757 juramenti
1230 707 1334 756 quod
1350 711 1389 744 te
1404 711 1581 756 prestare
1596 707 1808 756 contigerit

445 763 567 808 nobis,
603 763 651 800 de
680 763 800 800 verbo
827 763 877 799 ad
906 762 1082 807 verbum,
1112 775 1182 810 per
1210 765 1299 798 tuas
1327 764 1511 810 patentes
1540 760 1705 805 Literas,
1738 764 1808 797 tuo

444 818 571 866 sigillo
590 818 776 866 signatas,
799 829 867 865 per
894 816 1098 865 proprium
1127 815 1315 852 nuncium
1344 815 1578 863 quantocius
1607 814 1807 851 destinare

442 874 625 919 procuret
639 884 648 916 3
677 870 857 919 quodque
885 883 954 918 per
982 869 1054 906 hoc
1074 868 1307 906 Venerabili
1328 869 1462 905 Fratri
1490 872 1636 913 nostro,
1660 868 1806 905 Cantu-

442 925 586 961 ariensi
606 924 923 972 Archiepiscop0,
946 924 1008 960 cui
1028 923 1183 971 prefata
1205 922 1379 959 Ecclesia
1406 922 1701 970 Metropolitico
1719 923 1806 971 jure

440 977 598 1014 subesse
626 977 854 1022 dinoscitur,
891 977 1044 1013 nullum
1073 977 1330 1025 imposterum
1354 975 1617 1024 prejudicium
1650 989 1806 1025 genere-

440 1031 683 1068 tur—Data
704 1031 839 1076 Rome,
862 1030 968 1079 apud
997 1030 1188 1067 Sanctum
1209 1030 1383 1074 Petrum,
1406 1030 1462 1078 iiij
1487 1030 1625 1066 Nonas
1646 1029 1800 1074 Marcii,

439 1085 701 1121 Pontificatus
721 1085 847 1121 nostri
867 1085 988 1121 Anno
1008 1087 1148 1121 octavo
1169 1082 1208 1135 [5
1230 1083 1382 1128 March,
1408 1081 1604 1135 1369-70].

384 1159 687 1196 Memorandum
703 1159 806 1208 quod
823 1160 889 1208 xvj
908 1159 971 1196 die
986 1159 1129 1195 mensis
1147 1159 1257 1203 Maii,
1276 1159 1398 1195 Anno
1412 1158 1574 1195 Domini
1590 1159 1804 1196 Millesimo

438 1213 585 1250 000Ῑῃο
621 1213 750 1258 lxme,
790 1213 896 1261 apud
934 1213 1341 1257 &Vestmonasteriunr
1378 1212 1631 1249 Venerabilis
1669 1213 1800 1258 Pater,

436 1266 629 1303 Dominus
667 1266 845 1311 Thomas,
888 1266 1105 1314 Episcopus
1145 1266 1381 1302 Exoniensis
1419 1266 1634 1314 predictus,
1674 1267 1802 1316 primo

433 1319 575 1356 habuit
594 1320 827 1368 temporalia
847 1333 917 1356 sua
936 1333 959 1355 a
980 1320 1152 1356 Domino
1172 1323 1307 1356 nostro
1328 1319 1448 1368 Rege.

272 1394 357 1424 [A.D.
382 1396 497 1441 Item,
533 1394 829 1432 memorandum
860 1394 963 1443 quod
993 1394 1123 1431 dictus
1152 1393 1406 1431 Venerabilis
1436 1395 1566 1440 Pater,
1598 1394 1662 1433 die
1688 1395 1801 1434 Lune

272 1427 358 1458 1371.]

263 1950 314 1977 fol.
325 1951 370 1978 lb.

432 1450 611 1498 proxima
630 1453 719 1497 post
740 1449 901 1485 Festum
923 1448 1060 1485 Sancti
1079 1448 1107 1485 J
1110 1448 1222 1485 acobi
1239 1448 1434 1497 Apostoli,
1452 1448 1638 1486 videlicet
1653 1451 1801 1499 xxviijo

431 1502 494 1539 die
523 1503 667 1539 mensis
687 1503 714 1539 J
719 1503 799 1547 ulii,
823 1503 945 1539 Anno
966 1502 1129 1539 Domini
1150 1502 1363 1539 Millesimo
1385 1502 1532 1539 CCCm0
1561 1505 1800 1553 septuagesi-

429 1570 492 1593 mo
533 1557 669 1605 primo,
704 1556 932 1593 Indiccione
971 1569 1086 1601 nona,
1128 1556 1391 1593 Pontificatus
1425 1556 1587 1593 Domini
1619 1556 1798 1606 Gregorii

430 1610 536 1659 Pape
558 1610 770 1647 Undecimi
791 1611 912 1646 Anno
933 1609 1077 1654 Primo,
1099 1609 1350 1658 presentibus
1371 1610 1568 1659 Magistro
1589 1610 1651 1647 W.
1672 1611 1794 1661 Byde,

429 1663 627 1700 Canonico
657 1663 946 1708 Saresbiriensi,
977 1676 1022 1700 ac
1057 1663 1230 1712 Hugone
1260 1663 1470 1713 Hiclynge,
1517 1663 1717 1701 Canonico
1754 1665 1796 1702 in

428 1718 603 1754 Ecclesia
641 1717 778 1754 Sancti
815 1717 962 1753 Thome
1000 1717 1181 1753 Martiris
1221 1716 1426 1766 Glasneye,
1466 1717 1509 1754 in
1547 1717 1709 1766 Capella
1748 1718 1796 1756 de

428 1770 718 1820 Chuddeleghe,
754 1771 881 1819 primo
914 1770 1090 1807 decrevit
1123 1771 1411 1807 Visitacionem
1442 1784 1553 1807 suam
1586 1771 1669 1809 fore
1703 1772 1795 1809 faci-

426 1824 569 1861 endam
581 1838 592 1871 ,
620 1828 739 1874 prout
759 1837 807 1862 ex
827 1824 954 1861 altera
972 1828 1086 1873 parte
1106 1824 1221 1861 istius
1241 1823 1327 1861 folii
1341 1824 1496 1873 plenius
1509 1828 1794 1862 annotatur.—

1496 1878 1729 1916 SUARDEBY.

425 1953 686 1990 —Decretum
714 1953 1031 1998 Visitacionis,—

372 2007 423 2042 IN
461 2007 542 2043 Dm
581 2007 763 2052 NOMINE,
803 2006 1095 2052 AMEN.—Nos,
1137 2006 1316 2052 Thomas,
1356 2008 1610 2045 miseracione
1642 2008 1791 2047 Divina

426 2061 662 2098 Exoniensis
697 2061 924 2110 Episcopus,
958 2061 1076 2098 certis
1107 2073 1156 2097 ex
1194 2061 1321 2097 causis
1354 2064 1395 2098 et
1427 2061 1615 2110 legitimis
1646 2076 1716 2100 nos
1749 2067 1791 2101 et

423 2115 707 2152 conscienciam
740 2118 918 2151 nostram
950 2115 992 2150 in
1026 2113 1099 2151 hac
1128 2117 1242 2163 parte
1273 2114 1535 2161 moventibus,
1572 2116 1789 2154 Ecclesiam

422 2172 597 2205 nostram
632 2168 921 2213 Cathedralem,
954 2168 1159 2205 Decanum
1192 2171 1232 2205 et
1262 2167 1503 2217 Capitulum,
1535 2169 1788 2220 singulosque

425 2221 653 2267 Canonicos,
677 2222 868 2267 Vicarios,
891 2225 931 2259 et
951 2222 1160 2258 Ministros
1180 2221 1356 2270 ejusdem
1377 2222 1550 2260 Ecclesie
1578 2227 1723 2270 nostre,
1746 2225 1788 2262 in

423 2275 550 2312 Domo
570 2275 792 2324 Capitulari
817 2275 975 2320 ibidem,
997 2288 1042 2312 ac
1062 2274 1375 2312 Archidiaconos
1395 2280 1561 2322 nostros,
1584 2290 1717 2315 omnes
1747 2283 1788 2316 et

423 2329 607 2378 singulos,
629 2342 840 2378 eorumque
856 2329 1060 2374 Officiales,
1083 2341 1128 2365 ac
1147 2329 1280 2366 omnia
1295 2329 1493 2367 Beneficia
1510 2330 1788 2369 Ecclesiastica

422 2381 534 2419 nobis
567 2382 756 2431 subjecta,
788 2382 947 2420 Clerum
977 2386 1018 2420 et
1046 2383 1235 2431 populum
1268 2387 1495 2420 nostrarum
1526 2384 1713 2422 Civitatis
1746 2390 1788 2423 et

422 2435 608 2482 Diocesis,
630 2437 707 2473 isto
735 2436 799 2473 die
823 2436 935 2473 Lune
963 2437 1142 2485 proximo
1170 2440 1259 2485 post
1279 2437 1442 2474 Festum
1462 2438 1600 2475 Sancti
1618 2438 1784 2490 Jacoby,

422 2490 616 2537 Apostoli,
632 2490 754 2527 Anno
770 2490 932 2527 Domini
947 2490 1160 2527 Millesimo
1176 2490 1324 2527 CCCmo
1339 2492 1627 2541 septuagesimo
1645 2493 1784 2542 primo,

421 2543 462 2578 in
482 2542 557 2579 hiis
578 2543 744 2592 Scriptis
763 2543 1009 2581 decernimus
1028 2556 1098 2593 per
1117 2557 1198 2590 nos,
1221 2545 1283 2582 vel
1299 2548 1454 2582 nostros
1475 2545 1782 2593 Oommissarios,

420 2595 502 2633 fore
521 2597 731 2634 actualiter
750 2597 980 2634 visitandos.

420 2681 553 2718 —Pro
572 2682 720 2718 decima
739 2682 999 2728 triennali,—

260 2731 346 2762 [A.D.
368 2732 546 2779 Thomas,
568 2738 654 2780 etc.,
678 2735 877 2785 Religioso
906 2736 1001 2782 viro,
1025 2736 1153 2773 Priori
1182 2736 1389 2774 Prioratus
1418 2737 1466 2774 de
1495 2737 1779 2785 Launcestone,

261 2765 336 2791 1370-

260 2800 298 2829 1.]

420 2790 553 2825 nostre
582 2788 767 2835 Diocesis,
799 2790 977 2836 salutem,
1008 2790 1192 2840 graciam,
1222 2793 1264 2828 et
1293 2790 1781 2831 benediccionem.—Oum
