1987 3062
415 258 703 295 REGISTRUM
740 258 1199 294 COMMUNE—ANNO
1240 249 1332 294 130.
1551 247 1645 294 473

109 365 184 416 Α-Ῐζ
262 367 463 398 Executores
479 378 562 408 quos
579 367 613 398 in
630 367 698 398 suis
715 367 911 408 hujusmodi
928 367 1057 398 ultimis
1074 367 1313 407 deputaverint
1330 366 1467 408 eulogiis
1484 367 1647 398 reddendi

111 400 214 458 &gfff
260 411 398 449 audicio,
416 411 664 451 eorundemque
682 411 835 442 liberacio
852 411 893 442 ab
911 412 1026 442 Officio
1044 415 1157 442 nostro
1177 421 1184 449 ;
1213 421 1367 451 cumque,
1385 411 1412 441 si
1429 411 1588 441 ultimum
1605 411 1647 441 ab

169 452 175 457 ”
261 454 421 485 intestato
445 454 625 485 clauserint
647 455 735 484 diem
761 465 869 493 suum,
894 455 1057 485 bonorum
1082 465 1217 485 suorum
1244 455 1428 492 mobilium,
1447 455 1596 484 omnium
1613 457 1648 484 et

263 498 479 538 singulorum,
497 508 562 537 que
578 498 610 528 in
630 498 759 528 Diocesi
776 502 887 528 nostra
905 499 1032 538 prefata
1050 509 1104 528 eos
1121 499 1272 538 optinere
1289 498 1467 538 contigerit
1480 498 1646 528 Adminis-

263 543 374 579 tracio,
393 552 429 571 ac
446 541 756 572 Administracion-is
773 541 978 582 hujusmodi,
996 542 1118 582 quibus
1135 542 1176 572 de
1191 542 1266 582 jure
1282 552 1339 572 seu
1357 542 1598 572 consuetudine
1614 541 1647 571 id

263 586 427 625 agendum
445 585 659 625 ipsorumque
676 585 862 615 animarum
880 585 981 615 saluti
998 586 1072 624 plus
1089 596 1159 615 esse
1176 585 1355 625 expediens
1370 585 1646 625 prospexerimus,

262 629 412 659 facienda
426 628 630 667 Commissio,
649 629 689 658 ad
707 639 776 666 nos,
797 629 837 659 de
851 628 990 668 antiqua
1001 628 1159 659 laudabili
1171 629 1425 664 consuetudine,
1439 629 1507 658 sint
1520 628 1648 658 notorie

262 672 434 709 devolute3
453 672 643 712 nostrisque
656 672 792 702 auribus
808 672 851 702 sit
868 673 998 702 noviter
1016 672 1211 702 nunciatum
1229 672 1318 712 quod
1332 672 1469 712 quidam
1484 671 1648 702 Dominus

263 716 449 746 XVillehnus
467 715 589 754 Cogan,
608 715 712 753 Miles,
730 726 829 755 quem
848 715 929 745 dum
948 715 1032 745 vixit
1049 715 1162 746 nullus
1186 719 1237 746 est
1254 715 1311 755 qui
1335 715 1476 755 ambigit
1493 715 1649 745 Nobilem

112 759 170 790 [sol.
185 760 240 789 99]
271 760 430 797 extitisse,
455 758 553 789 sortis
578 759 722 789 humane
746 759 898 789 debitum
924 759 1155 798 persolvebat;
1188 769 1257 796 nos,
1285 759 1397 798 igitur,
1418 758 1562 798 qualiter
1578 769 1648 798 pre-

272 803 362 833 fatus
388 802 525 840 Nobilis,
555 806 699 832 testatus
727 802 881 832 videlicet
907 806 966 832 aut
993 802 1184 840 intestatus,
1213 812 1306 832 suam
1339 802 1480 832 redditit
1504 802 1649 832 animam

267 846 416 877 Creatori
447 847 596 876 nondum
624 845 767 885 plenarie
795 845 978 883 informati,
1006 845 1047 875 de
1074 846 1236 875 bonorum
1266 845 1439 876 mobilium
1467 856 1532 885 que
1560 845 1649 875 idem

268 890 396 920 Nobilis
413 889 465 919 sni
481 889 633 919 decessus
650 893 799 928 tempore
815 889 849 919 in
866 894 979 919 nostra
993 889 1120 919 Diocesi
1138 889 1306 919 antedicta
1322 889 1497 919 obtinebat
1512 888 1648 929 dissipa-

267 933 359 964 cione
383 932 608 963 verisimiliter
631 936 830 970 metuentes,
855 935 890 962 et
914 936 952 962 ut
968 932 1132 962 Voluntas
1158 932 1286 963 Ultima
1310 932 1438 963 Nobilis
1464 932 1648 970 memorati,

268 977 409 1017 siquam
428 976 635 1016 expresserit,
660 975 779 1006 clarius
803 980 905 1016 atque
928 976 1091 1006 efficacius
1115 976 1273 1006 effectum
1298 976 1450 1006 debitum
1475 977 1647 1013 sorciatur,

269 1020 353 1050 bona
371 1020 506 1050 mobilia
534 1019 693 1059 predicta,
714 1019 867 1049 universa
890 1022 925 1049 et
947 1019 1086 1059 singula,
1111 1019 1261 1059 ejusdem
1287 1019 1415 1050 Nobilis
1440 1023 1554 1050 tenore
1572 1019 1648 1049 Pre-

268 1064 416 1094 sencium
443 1063 602 1093 duximus
626 1063 865 1103 sequestranda
892 1073 928 1093 ac
956 1073 1014 1102 per
1038 1073 1095 1093 vos
1122 1063 1276 1093 volumus
1305 1063 1407 1093 eciam
1436 1063 1648 1103 sequestrari,

268 1117 395 1138 necnon
419 1107 482 1137 sub
506 1110 577 1137 arto
600 1106 786 1137 conservari
813 1106 1003 1146 Sequestro,
1032 1110 1133 1146 prout
1161 1111 1272 1136 vestro
1301 1106 1472 1136 volueritis
1502 1106 1648 1146 periculo

268 1151 362 1181 nobis
386 1151 604 1190 imposterum
629 1151 835 1190 respondere.
895 1150 1054 1187 Quocirca
1079 1149 1181 1188 vobis,
1210 1149 1418 1189 conjunctim
1447 1153 1481 1180 et
1505 1150 1647 1187 divisim,

267 1194 510 1225 committimus
534 1197 568 1224 et
591 1194 790 1224 mandamus
814 1193 973 1233 quatinus
997 1193 1126 1223 dictum
1151 1197 1304 1224 nostrum
1321 1194 1552 1233 Sequestrnm,
1572 1193 1649 1223 locis

268 1241 304 1268 et
319 1237 525 1277 temporibus
542 1237 582 1267 ad
599 1237 632 1267 id
649 1236 815 1276 congruis,
835 1236 1019 1276 publicetis,
1045 1240 1079 1266 et
1103 1237 1233 1267 faciatis
1257 1247 1314 1276 per
1337 1237 1417 1267 alios
1436 1247 1525 1267 more
1549 1236 1649 1266 simili

269 1281 439 1321 publicari.
490 1281 692 1318 Inhibentes,
711 1280 774 1310 sub
790 1290 875 1320 pena
890 1280 923 1310 in
949 1280 1148 1311 Sanctorum
1174 1281 1313 1310 Patrum
1338 1280 1649 1312 Constitucionibus

269 1328 465 1364 expressam,
497 1335 538 1354 ne
569 1324 645 1364 quis
673 1325 891 1364 Sequestrum
920 1327 1072 1354 nostrum
1098 1323 1293 1363 hujusmodi
1323 1327 1493 1364 presumat
1524 1328 1648 1354 temere

269 1368 400 1398 violare.
465 1367 595 1405 Citetis,
629 1367 774 1407 insuper,
808 1367 1009 1397 Executores
1041 1367 1073 1396 in
1106 1367 1322 1397 Testamento
1360 1367 1481 1407 prefati
1512 1367 1649 1398 Domini

270 1411 436 1450 willelmi,
455 1411 481 1441 si
497 1411 587 1450 quod
604 1411 797 1448 condiderit,
817 1410 1012 1448 nominatos,
1031 1410 1176 1450 alioquin
1194 1411 1359 1440 dictorum
1375 1411 1536 1441 bonorum
1555 1421 1647 1441 occu-

269 1459 400 1495 patores
432 1465 489 1485 seu
520 1454 815 1489 administratores,
842 1454 933 1493 quod
959 1457 1172 1493 compareant
1203 1464 1312 1484 coram
1344 1454 1438 1484 nobis
1469 1457 1564 1484 sexto
1595 1454 1649 1484 die

270 1498 420 1529 ‚Iuridieo
444 1509 461 1528 a
484 1501 636 1538 tempore
663 1497 860 1537 recepcionis
884 1497 1095 1527 Presencium
1124 1497 1359 1537 computandO,
1385 1497 1588 1538 ubicumque
1613 1498 1647 1528 in

269 1545 383 1572 nostra
408 1541 539 1572 Dioeesi
566 1541 713 1581 predicta
740 1540 961 1578 extiterimus,
987 1540 1240 1571 Testamentum
1269 1540 1474 1581 hujusmodi,
1503 1541 1530 1571 si
1558 1541 1648 1581 quod

270 1585 458 1615 confectum
483 1584 594 1620 fuerit,
620 1583 802 1614 exhibituri
825 1587 858 1614 et
882 1584 1075 1623 probaturi,
1101 1584 1188 1622 alias,
1214 1587 1336 1622 autem,
1361 1595 1426 1625 qua
1449 1585 1648 1615 auctoritate

269 1629 355 1659 bona
371 1628 565 1668 hujusmodi
582 1627 816 1668 occupaverint
832 1637 889 1657 seu
905 1627 1215 1658 administraverint
1232 1628 1379 1667 legitime
1396 1628 1597 1668 proposituri
1615 1631 1649 1658 et

268 1672 441 1712 allegaturi
457 1682 463 1709 3
488 1671 696 1711 ulteriusque
712 1670 834 1702 facturi
851 1673 885 1700 et
900 1671 1065 1710 recepturi
1081 1672 1170 1710 quod
1188 1671 1337 1711 ejusdem
1363 1671 1488 1710 negocii
1504 1671 1648 1711 qualitas

270 1715 457 1756 poposcerit
479 1719 514 1745 et
537 1717 669 1751 natura,
687 1714 845 1754 legitimis
869 1724 1001 1754 quoque
1025 1724 1062 1744 ac
1086 1715 1258 1745 Canonieis
1282 1715 1438 1745 convenit
1461 1715 1645 1746 Institutis.

271 1760 314 1789 Et
342 1759 423 1799 quid
449 1758 483 1788 in
512 1758 679 1798 premissis
713 1757 877 1788 duxeritis
905 1757 1105 1796 faciendum,
1135 1758 1353 1789 etc—Dated
1380 1762 1416 1789 at
1448 1758 1647 1799 Chudleigh,

269 1804 308 1833 24
333 1802 424 1842 July,

115 1856 168 1915 ἑοὶ
227 1857 527 1906 Testamentary
549 1855 618 1905 (see
638 1868 670 1905 p.
692 1855 855 1905 471),-

132 1891 148 1916 6
171 1910 176 1915 ”
225 1911 388 1941 Vicesimo
412 1910 531 1950 quinto
555 1910 607 1940 die
631 1910 723 1948 Julii,
748 1910 782 1940 in
807 1910 1008 1941 Cancellaria
1034 1909 1168 1940 Domini
1192 1910 1281 1949 apud
1306 1910 1554 1950 Chuddeleghe,
1573 1921 1647 1950 pro-

268 1955 385 1984 batum
402 1954 470 1984 fuit
492 1954 746 1984 Testamentum
771 1953 932 1984 Johannis
957 1953 1138 1993 Uppecote,
1163 1954 1221 1993 qui
1245 1954 1325 1984 dum
1351 1954 1444 1992 vixit,
1469 1959 1503 1985 et
1531 1954 1648 1985 mortis

267 2008 325 2028 sue
342 2003 499 2037 tempore,
518 1997 599 2027 dicti
618 1997 751 2027 Domini
767 1997 869 2034 gessit
885 1997 980 2027 rubas
996 2007 1002 2034 ;
1026 1996 1060 2026 in
1078 2007 1144 2037 quo
1161 1997 1323 2028 nominati
1347 2001 1427 2028 sunt
1448 1998 1648 2028 Executores

268 2041 449 2078 Florencia,
470 2052 552 2071 uxor
568 2040 719 2080 ejusdem
738 2040 910 2078 Johannis,
935 2044 969 2070 et
991 2040 1193 2070 Edmundus
1218 2041 1436 2071 Beaucombe.
1497 2042 1552 2078 Et,
1570 2041 1648 2081 quia

268 2085 358 2115 dicta
376 2084 544 2115 Florencia
559 2094 624 2114 non
642 2084 753 2124 potuit
770 2094 968 2124 comparere,
982 2084 1072 2114 senio
1089 2083 1266 2122 confracta,
1284 2085 1425 2124 prestito
1444 2095 1499 2124 per
1515 2085 1607 2116 dictu
1615 2096 1647 2115 m

270 2128 487 2158 Edmundum
503 2127 696 2167 juramento
711 2127 752 2157 de
768 2127 864 2157 fidele
882 2127 1111 2157 inventarium
1128 2138 1186 2157 con
1194 2128 1340 2165 ficiendo,
1357 2131 1391 2158 et
1407 2128 1447 2158 de
1461 2128 1648 2159 exhibendo

269 2171 354 2202 illud
385 2171 442 2211 xiij
472 2171 525 2201 die
556 2170 678 2201 mensis
705 2171 848 2210 Augusti
877 2170 1027 2209 proximo
1053 2171 1180 2208 futuro,
1206 2171 1381 2202 commissa
1408 2171 1475 2201 fuit
1501 2175 1648 2210 potestas

268 2214 426 2253 [Domino
443 2213 589 2244 «Iohanni
608 2213 866 2252 Langhebroke],
884 2213 1013 2243 Vicario
1037 2214 1078 2244 de
1102 2214 1341 2254 Ermyngtone,
1366 2214 1454 2245 dicte
1479 2215 1648 2246 Florencie

267 2258 508 2298 juramentum,
526 2267 616 2287 more
632 2256 742 2295 simili,
760 2260 800 2287 ut
816 2257 971 2287 convenit
986 2257 1175 2296 recipiendi.
1241 2258 1323 2295 Quo,
1348 2258 1494 2297 quidem,
1511 2259 1569 2299 xiij
1585 2259 1647 2297 die,

269 2302 303 2331 in
321 2300 521 2332 Cancellaria
545 2300 673 2340 prefata
695 2301 785 2340 apud
812 2300 1059 2339 Chuddeleghe,
1084 2310 1192 2330 coram
1218 2301 1376 2340 Magistro
1401 2302 1527 2340 Rogero
1552 2303 1646 2342 Page,

270 2344 503 2375 Commissario
520 2343 655 2374 Domini
672 2343 704 2373 iu
723 2343 783 2373 hac
800 2346 891 2382 parte
908 2343 1080 2382 deputato,
1098 2344 1285 2382 comparuit
1308 2344 1418 2374 dictus
1438 2345 1646 2384 Edmundus,

271 2388 438 2418 Executor
455 2387 614 2427 prefatus,
632 2386 779 2426 predicta
798 2386 965 2417 Floreucia
982 2390 1063 2416 tunc
1080 2386 1228 2424 absente,
1245 2390 1280 2417 et
1295 2387 1448 2418 exhibuit
1465 2388 1649 2419 Inventari-

271 2441 327 2461 um
345 2431 386 2461 de
403 2431 496 2461 bonis
513 2430 691 2460 mobilibus
707 2430 828 2469 prefati
851 2429 1014 2460 Johannis
1037 2430 1079 2460 ad
1102 2440 1269 2461 summam
1293 2431 1461 2471 ciiijxxijli.
1479 2442 1547 2462 xvs.
1567 2433 1621 2463 xd.
1641 2442 1648 2470 3

269 2477 314 2512 et,
332 2474 472 2514 prestito
490 2484 546 2514 per
563 2474 692 2504 dictum
710 2473 929 2503 Edmundum
946 2473 1138 2513 juramento
1155 2473 1196 2503 de
1219 2474 1361 2504 fideliter
1385 2475 1648 2506 administrando

271 2521 306 2548 et
330 2517 531 2555 calculando,
560 2517 623 2547 nisi
650 2516 792 2556 graciam
818 2516 852 2546 in
879 2516 940 2547 hac
965 2520 1061 2556 parte
1089 2517 1273 2548 uberiorem
1299 2518 1450 2557 optinere
1478 2519 1647 2557 meruerit,

269 2560 443 2591 commissa
458 2561 525 2591 fnit
541 2563 688 2601 potestas
704 2559 833 2591 Vicario
850 2559 891 2590 de
909 2560 1137 2600 Ermyngtone
1154 2561 1317 2600 prefatam
1336 2561 1362 2591 F
1363 2561 1539 2592 lorenciam
1558 2573 1648 2593 more

268 2604 367 2634 simili
383 2604 552 2635 onerandi.

0 2347 6 2360 Ι

0 2361 6 2370 r

115 2656 168 2716 {⁰7¹1}
227 2659 514 2709 Kilkhampton
532 2672 541 2706 3
570 2658 830 2696 Denmwiacio
850 2665 982 2695 contra
1003 2660 1200 2696 violatores
1216 2658 1407 2707 Seqzcestri
1420 2660 1648 2706 Domimgffl

170 2711 176 2717 ’
225 2713 380 2749 Thomas,
411 2717 484 2751 etc,
509 2735 660 2743 .....
667 2711 679 2730 1
740 2713 824 2743 Cum
853 2723 967 2743 omnes
995 2716 1029 2743 et
1056 2713 1178 2752 singuli
1208 2713 1399 2752 Episeopale
1428 2714 1647 2754 Sequestrum

119 2788 131 2808 ²
156 2793 183 2821 A
201 2791 299 2823 blank
324 2803 428 2833 space,
453 2793 515 2824 left
538 2793 588 2823 for
612 2792 669 2823 the
693 2803 807 2822 names
916 2803 982 2822 was
998 2792 1155 2830 directed,
1174 2802 1239 2825 was
1255 2795 1315 2824 not
1332 2793 1419 2824 filled
1437 2793 1479 2825 in.

161 2834 196 2864 of
226 2835 320 2866 those
347 2839 383 2866 to
413 2836 523 2867 whom
553 2835 621 2867 this
648 2836 805 2866 Mandate
