1987 3062
283 249 376 292 302

281 362 315 387 A.
323 361 357 387 D.

282 395 355 421 1373.

280 429 341 454 Vol.
357 429 380 454 Ι.

479 259 578 291 ΤΗΕ
614 259 858 291 REGISTER
894 258 953 289 OF
988 257 1165 290 BISHOP
1200 257 1605 293 BRANTYNGHAM.

434 361 612 394 tuariensis
628 361 800 392 Provincie
817 360 992 401 sepedicte,
1009 369 1046 390 ac
1061 359 1318 391 Archidiaconos
1340 370 1476 391 suarum
1500 360 1699 398 Diocesium,
1719 360 1810 400 quod

437 404 865 446 personaliter‚—Collegia,
882 414 968 442 ver0,
985 403 1054 434 sive
1071 403 1263 434 Conventus
1281 404 1441 434 Locorum
1459 404 1656 445 hujusmodi
1678 403 1810 443 singula

436 460 496 490 per
510 449 668 488 singulos,
685 452 720 478 et
736 448 852 479 Clerus
875 446 1057 487 cujuslibet
1073 447 1217 477 Diocesis
1241 458 1299 487 per
1321 447 1405 478 duos
1428 447 1630 478 sufficientes
1647 448 1805 478 Procura-

430 497 530 530 tores,
548 493 588 522 de
605 491 747 531 negociis
764 490 920 531 predictis
938 501 995 530 per
1011 491 1141 520 eosdem
1162 491 1363 530 Confi-atres,
1380 493 1570 521 nostrorum
1587 501 1644 521 seu
1661 491 1810 530 ipsorum

433 536 693 573 Commissarios,
710 535 772 565 viis
787 537 821 564 et
837 533 955 564 mediis
971 533 1094 573 quibus
1111 536 1271 573 poterunt
1287 533 1444 573 primitus
1459 534 1697 572 informandos,
1721 543 1809 564 com-

434 582 572 620 pareant
596 588 706 609 coram
732 577 826 608 nobis
853 576 1041 617 penultimo
1068 577 1120 607 die
1146 577 1303 607 instantis
1328 577 1452 607 mensis
1484 577 1573 615 Maii,
1604 577 1639 607 in
1666 576 1811 608 Ecclesia

432 622 545 654 Sancti
562 622 658 652 Pauli
674 620 933 658 Londoniarum,
949 620 983 650 in
999 620 1251 650 continuacione
1267 626 1302 651 et
1318 620 1550 660 prorogacione
1574 620 1704 650 dierum
1728 623 1810 650 tunc

431 666 655 706 sequencium,
674 675 773 704 super
789 664 913 694 eisdem
936 663 1079 703 negociis
1095 666 1129 694 et
1145 674 1181 694 ea
1198 663 1486 699 concernentibus,
1502 666 1584 694 tunc
1601 663 1704 694 eciam
1731 663 1810 703 ipsis

433 709 562 750 plenius
578 707 793 748 exponendis,
810 706 983 737 nobiscum
1000 707 1185 745 tractaturi,
1199 717 1380 747 eorumque
1393 717 1510 737 sanum
1524 706 1697 737 consilium
1712 716 1812 746 super

431 753 496 784 hiis
512 751 705 792 impensuri,
722 751 911 791 facturique
934 753 969 781 et
991 751 1156 790 recepturi
1180 753 1281 790 prout
1303 751 1345 780 ad
1368 760 1645 790 unumquemque
1662 749 1809 790 ipsorum

430 797 465 827 in
482 796 544 826 hac
560 798 654 835 parte
670 794 795 825 attinet
811 798 845 824 et
861 793 1073 834 negociorum
1097 793 1292 833 hujusmodi
1309 794 1452 833 qualitas
1469 794 1572 833 exigit
1596 796 1630 824 et
1652 792 1804 833 requirit.

432 840 633 871 Intimantes
649 838 773 868 eisdem
798 837 887 877 quod
912 839 1027 867 contra
1049 837 1203 867 absentes
1227 837 1338 867 debite
1361 837 1590 876 procedemus,
1615 837 1740 867 nullius
1763 836 1809 866 sic

431 882 578 914 absentis
604 881 854 912 excusacionem
880 880 1015 920 penitus
1040 880 1228 918 admissuxi,
1257 880 1320 910 nisi
1351 883 1518 920 quatenus
1546 881 1586 910 ad
1616 879 1676 910 hoc
1708 879 1809 910 artati

430 926 593 957 fuerimus
610 935 668 965 per
685 924 866 955 Canonicas
883 923 1088 955 Sancciones
1136 924 1212 963 Vos,
1226 924 1340 961 eciam,
1356 934 1489 964 presens
1507 923 1714 961 Mandatum,
1728 926 1807 963 qua—

431 973 530 1000 tenus
546 969 589 999 ad
605 979 662 998 vos
678 970 712 998 et
728 968 899 998 Decanum
923 977 960 997 ac
985 966 1182 1006 Capitulum
1207 970 1366 1006 vestrum,
1391 977 1519 997 necnon
1544 966 1725 1005 Religiosos
1748 976 1807 996 seu

432 1013 511 1043 alios
528 1011 680 1052 superius
696 1011 894 1048 nominatos,
918 1021 955 1041 ac
978 1009 1234 1041 Archidiaconos
1258 1013 1293 1041 et
1315 1010 1450 1042 Clerum
1466 1013 1575 1041 vestre
1592 1009 1738 1040 Diocesis
1760 1012 1810 1039 at·

432 1056 529 1091 tinet,
547 1055 670 1085 curetis
685 1054 719 1084 in
736 1054 901 1089 omnibus,
919 1056 1020 1093 prout
1035 1053 1200 1089 convenit,
1217 1053 1408 1093 adimplere.
1459 1053 1508 1083 De
1524 1053 1587 1090 die,
1600 1063 1687 1090 vero,
1702 1062 1810 1092 recep-

432 1099 534 1130 cionis
551 1099 774 1136 Presencium,
791 1100 825 1127 et
841 1097 923 1137 quid
938 1097 973 1126 in
990 1096 1157 1136 premissis
1172 1096 1327 1135 feceritis,
1341 1107 1466 1127 necnon
1485 1097 1526 1127 (le
1541 1096 1641 1127 modo
1657 1099 1689 1127 et
1703 1095 1810 1126 forma

433 1142 556 1183 quibus
572 1151 706 1181 presens
724 1139 926 1171 Mandatum
943 1143 1096 1170 nostrum
1113 1139 1245 1170 executi
1261 1139 1402 1176 fueritis,
1414 1150 1482 1178 nos,
1499 1139 1597 1170 dictis
1613 1139 1666 1169 die
1679 1141 1714 1170 et
1726 1139 1808 1175 loco,

433 1185 631 1220 certificetis,
649 1187 710 1215 etc.
757 1183 869 1221 Vobis,
886 1183 1000 1219 eciam,
1024 1186 1065 1213 ut
1087 1193 1197 1222 supra,
1221 1182 1432 1223 injungimus
1447 1187 1482 1213 et
1497 1183 1695 1213 mandamus
1719 1182 1809 1222 quod

433 1229 589 1260 omnibus
605 1231 640 1258 et
656 1227 795 1266 singulis
813 1226 1035 1266 suffraganeis
1058 1226 1180 1256 nostris
1203 1227 1362 1266 predictis
1385 1226 1581 1267 injungatis,
1607 1236 1666 1256 seu
1689 1225 1808 1256 vestris

434 1272 555 1303 Literis
571 1271 699 1302 faciatis
715 1270 857 1310 injungi,
875 1270 964 1310 quod
982 1269 1104 1309 singuli
1120 1280 1244 1308 eorum,
1262 1272 1429 1310 quatenus
1445 1269 1592 1310 pertinet
1607 1269 1649 1299 ad
1665 1269 1807 1307 eosdem,

434 1327 504 1352 nos,
521 1315 573 1345 die
591 1318 625 1346 et
641 1314 711 1345 loco
727 1312 932 1353 hujusmodi,
949 1313 1151 1354 pei'*Literas
1167 1323 1280 1343 eorum
1299 1316 1462 1353 patentes,
1479 1316 1665 1343 vestrarum
1683 1312 1808 1343 Litera-

435 1369 510 1390 rum
528 1361 678 1389 tenorem
702 1367 739 1388 ac
762 1357 942 1388 citatorum
959 1356 1060 1387 eciam
1078 1356 1212 1387 nomina
1235 1357 1454 1395 continentes,
1478 1356 1671 1394 certificent,
1697 1358 1736 1386 ut
1758 1358 1810 1386 est

436 1401 723 1433 moris—Datum
747 1400 836 1440 apud
862 1399 1055 1438 Lambethe,
1079 1400 1225 1430 secundo
1255 1399 1308 1430 die
1339 1400 1462 1431 mensis
1493 1399 1572 1431 Maii
1602 1399 1805 1439 supradicto,

436 1446 523 1477 A.D.
541 1446 600 1476 ΜΟ.
621 1444 749 1476 CCCmo
765 1443 890 1484 lxxiij⁰‚
906 1446 940 1474 et
956 1446 1069 1474 nostre
1091 1443 1331 1474 Translacionis
1353 1443 1481 1484 quinto.
1529 1443 1678 1481 Quarum
1695 1445 1808 1472 aucto-

433 1489 532 1520 ritate
549 1488 746 1523 Lsterarum,
764 1497 830 1524 vos,
849 1486 1030 1517 Dominum
1056 1486 1257 1526 Episcopum
1282 1486 1522 1526 supradictum,
1539 1490 1655 1517 tenore
1670 1486 1806 1516 Presen-

434 1533 521 1564 cium
539 1531 760 1572 peremptorie
776 1531 928 1569 citamus,
946 1533 980 1560 et
996 1540 1054 1570 per
1070 1539 1128 1561 vos
1151 1530 1304 1560 similiter
1326 1530 1419 1560 citati
1437 1529 1656 1570 peremptorie
1672 1528 1806 1559 manda-

433 1586 508 1607 mus
524 1585 638 1605 ornnes
655 1577 689 1605 et
704 1573 850 1614 singulos
867 1584 950 1614 quos
966 1573 1094 1604 dictum
1113 1573 1310 1603 Mandatum
1328 1573 1361 1603 in
1379 1573 1579 1613 Episcopatu
1593 1575 1703 1603 vestro
1714 1571 1808 1603 citari

434 1619 537 1658 exigit
553 1622 587 1649 et
603 1618 750 1658 requirit,
770 1620 808 1647 ut
822 1616 922 1657 juxta
945 1617 1093 1655 modum,
1117 1615 1269 1655 formam,
1293 1620 1328 1647 et
1351 1617 1507 1648 effectum
1533 1616 1720 1647 Liternrum
1737 1625 1806 1655 pre-

434 1663 597 1693 dictarum
616 1661 833 1701 compareatis
853 1663 887 1690 et
910 1662 1134 1700 compareant,
1151 1660 1203 1690 die
1227 1663 1261 1690 et
1284 1660 1354 1690 loco
1377 1660 1409 1690 in
1435 1660 1523 1690 dicto
1547 1659 1706 1690 Mnndato
1722 1668 1808 1689 com-

435 1705 613 1746 prehensis,
630 1704 752 1735 facturi
767 1704 800 1734 in
818 1703 983 1742 omnibus,
1001 1706 1036 1734 et
1053 1714 1110 1743 per
1126 1703 1246 1742 omnia,
1271 1703 1361 1744 quod
1384 1703 1582 1734 Mandatum
1601 1702 1682 1733 dicti
1700 1702 1807 1732 Patris

436 1750 468 1779 in
487 1748 642 1779 omnibus
659 1751 693 1778 et
710 1747 849 1786 singuiis
866 1746 935 1777 fieri
953 1747 1055 1786 exigit
1078 1749 1112 1777 et
1134 1746 1272 1786 requirit
1296 1746 1331 1777 in
1354 1746 1416 1777 hac
1432 1750 1535 1786 parte.
1581 1746 1626 1776 Et
1643 1756 1700 1776 vos
1723 1745 1807 1775 illud

433 1802 508 1823 cum
527 1791 658 1829 effectu,
676 1791 709 1820 in
727 1790 882 1820 omnibus
898 1793 932 1820 et
947 1790 1087 1829 singulis
1103 1789 1251 1820 articulis
1274 1789 1352 1826 suis,
1369 1794 1536 1829 quatenus
1552 1799 1609 1820 vos
1625 1792 1660 1819 et
1676 1788 1807 1828 Episco-

435 1839 551 1876 patum
577 1839 725 1865 vestrum
751 1833 930 1871 concernit,
956 1833 1085 1864 dictum
1111 1833 1243 1863 Putrem
1268 1832 1487 1871 certificando,
1511 1835 1545 1863 et
1568 1835 1677 1863 cetera
1700 1831 1811 1862 omnia

434 1878 584 1909 faciendo
607 1888 673 1917 que
695 1877 729 1907 in
753 1876 930 1916 premissis,
955 1880 1014 1906 aut
1037 1876 1121 1907 circa
1144 1875 1312 1916 premissa,
1343 1876 1572 1915 requiruntur,
1600 1874 1811 1914 exequamiui

434 1920 778 1961 diligenter.-——Dated
810 1919 959 1958 London,
992 1921 1010 1950 4
1042 1919 1130 1959 May.
1195 1919 1293 1949 Istud
1325 1919 1523 1949 Mandatum
1554 1919 1599 1950 sic
1629 1919 1696 1949 fuit
1733 1928 1808 1948 exe-

432 1968 605 2002 cutum,—

389 2007 631 2038 —Mandatum
648 2006 783 2036 Domini
800 2005 927 2036 Decano
943 2009 970 2036 et
988 2004 1144 2045 Oapitulo,
1164 2015 1203 2036 ac
1219 2004 1358 2045 singulis
1378 2004 1634 2043 Archidwconis,
1648 2015 1710 2045 pro
1728 2004 1807 2036 Con-

432 2053 595 2082 vocacione
607 2049 806 2090 predicta,—

390 2095 543 2133 Thomas,
567 2096 644 2130 etc.,
669 2092 908 2123 Archidiacono
931 2094 1045 2122 nostro
1068 2091 1205 2130 monio,
1230 2091 1281 2122 vel
1305 2090 1378 2132 ejus
1402 2091 1540 2122 Officiali
1562 2101 1621 2122 seu
1646 2090 1807 2122 Commis-

279 2787 328 2814 fol.
343 2787 404 2813 35b.

433 2138 526 2175 sario,
543 2137 695 2167 locumve
711 2135 861 2176 ejusdem
877 2134 1110 2166 Archidiaconi
1131 2134 1308 2174 occupanti
1329 2135 1538 2175 cuicumque,
1554 2133 1805 2165 salutem—Li-

432 2185 519 2212 teras
535 2179 761 2219 infrascriptas
777 2177 858 2219 ffijto
873 2177 927 2208 die
943 2178 1066 2208 mensis
1083 2178 1170 2217 Maii,
1188 2181 1336 2208 tenorem
1353 2178 1412 2218 qui
1427 2178 1579 2218 sequitur
1594 2178 1636 2209 de
1651 2178 1752 2209 verbo
1764 2177 1806 2208 ad

433 2224 572 2255 verbum
589 2223 774 2262 recepimus
791 2221 1259 2260 continentes-Reverendo,
1276 2224 1348 2259 etc,
1367 2224 1406 2253 ut
1421 2221 1739 2261 supra.-—Quocirca
1751 2231 1805 2251 vo-

432 2268 483 2298 bis
499 2266 742 2297 committimus
765 2268 799 2295 et
822 2264 1029 2303 mandamus,
1046 2265 1080 2294 in
1104 2265 1231 2295 virtute
1248 2266 1368 2295 Sancte
1385 2264 1591 2303 Obediencie,
1608 2268 1643 2295 et
1659 2264 1722 2295 sub
1739 2264 1805 2294 Ma-

431 2311 513 2352 joris
536 2308 899 2341 Excommunicacionis
923 2317 1018 2348 pena,
1044 2307 1184 2338 firmiter
1206 2307 1430 2348 injungentes,
1455 2308 1614 2348 quatinus
1637 2307 1746 2338 citetis
1773 2309 1808 2337 et

432 2352 659 2394 premuniatis,
683 2362 742 2383 seu
765 2351 860 2382 citari
882 2355 944 2382 aut
967 2351 1150 2390 premuniri
1173 2351 1310 2388 faciatis,
1329 2351 1559 2391 peremptorie,
1576 2351 1748 2382 Decanum
1771 2352 1806 2380 et

433 2396 629 2437 Capitulum
662 2395 804 2426 Ecclesie
820 2398 932 2425 nostre
964 2394 1170 2433 Exoniensis,
1201 2404 1239 2424 ac
1269 2394 1371 2424 eciam
1410 2394 1567 2432 Abbates,
1601 2394 1739 2432 Priores,
1770 2396 1805 2424 et

431 2444 557 2471 ceteros
583 2439 803 2469 Ecclesiarum
827 2438 985 2475 Prelatos,
1009 2440 1180 2477 exemptos
1204 2439 1239 2468 et
1261 2447 1327 2467 non
1351 2440 1533 2477 exemptos,
1551 2437 1805 2477 Prepositosque

433 2483 691 2523 Collegiatarum
716 2481 938 2512 Ecclesiarum
961 2481 995 2511 in
1020 2480 1165 2511 Civitate
1188 2483 1222 2511 et
1245 2479 1525 2511 Archidiaconatu
1541 2480 1668 2511 Exonie
1685 2479 1803 2510 consti-

431 2530 533 2565 tutos,
557 2526 646 2566 quod
671 2526 886 2565 compareant
908 2523 977 2564 ipse
1001 2524 1164 2559 Decanus,
1182 2523 1339 2562 Abbates,
1366 2523 1504 2562 Priores,
1521 2527 1556 2554 et
1573 2523 1744 2562 Prepositi,
1769 2524 1803 2552 et

431 2571 620 2610 compareat
643 2578 757 2598 eorum
782 2567 934 2608 quilibet,
958 2567 1198 2607 personaliter3
1228 2566 1431 2606 Capitulum,
1456 2577 1542 2605 vero,
1569 2566 1713 2606 Collegia
1735 2565 1804 2595 sive

432 2613 627 2644 Conventus
644 2612 805 2642 Locorum
829 2610 1025 2651 hujusmodi
1048 2609 1169 2649 singuli
1192 2619 1250 2649 per
1272 2609 1418 2648 singulos
1436 2620 1444 2648 3
1468 2610 1594 2648 Clerus,
1611 2620 1697 2646 vero,
1714 2609 1803 2648 ejus-

432 2656 507 2686 dem
524 2654 820 2686 Archidiaconatus
836 2656 871 2684 et
887 2653 1182 2683 Archidiaconatus
1198 2653 1421 2683 Tottoniensis
1438 2663 1496 2692 per
1512 2662 1618 2683 unum
1641 2651 1802 2683 sufficien-

431 2703 500 2729 tem
518 2699 780 2735 Procuratorem,
797 2706 906 2727 coram
924 2696 1081 2736 Magistro
1099 2696 1241 2736 Hugone
1259 2695 1431 2736 Hiclynge,
1449 2699 1562 2726 nostro
1579 2696 1613 2726 in
1630 2695 1692 2726 hae
1708 2697 1801 2735 parte

433 2741 679 2779 Commissario,
702 2741 737 2770 in
761 2739 908 2770 Ecclesia
930 2743 1043 2770 nostra
1067 2738 1258 2769 Cathedrali
1285 2739 1420 2777 Exonie,
1445 2739 1497 2769 die
1527 2739 1622 2769 Lune
1652 2738 1802 2779 proximo

431 2788 507 2825 post
522 2784 661 2815 Festum
685 2783 798 2814 Sancti
822 2782 989 2813 Dunstaui
1004 2781 1249 2822 Archiepiscopi
1272 2782 1422 2821 proximo
1444 2782 1610 2820 futurum,
1627 2783 1669 2812 ad
1691 2780 1802 2812 omnia

430 2827 590 2870 premissa
618 2826 804 2868 specialiter
833 2826 1005 2868 deputato,
1037 2835 1148 2857 coram
1178 2825 1267 2856 dicto
1298 2825 1442 2857 Domino
1473 2824 1734 2866 Archiepiscopo,
1765 2823 1800 2853 in
