1987 3062
265 240 358 282 294

261 350 337 376 A.D.

263 384 337 410 1372.

262 417 327 444 Vol.
344 417 368 443 1.

267 611 343 636 A.D.

268 644 371 670 1372-3.

268 1797 325 1827 [fol.

273 1831 328 1861 28]

269 1961 329 1993 [fol.

271 2082 318 2109 sol.

271 2118 313 2143 29.

271 2535 318 2561 fol.

270 2569 346 2595 29b.l

463 248 562 281 THE
597 241 841 280 REGISTER
876 246 938 278 OF
972 242 1149 278 BISHOP
1183 240 1589 278 BRANTYNGHAM.

419 361 487 389 cus,
521 349 663 381 Eliensis
701 348 855 387 Diocesis,
895 347 1053 379 Publicus
1091 347 1280 388 Apostolica
1316 349 1351 378 et
1388 345 1555 386 Imperiali
1585 342 1796 376 Auctoritate

420 393 591 432 Notarius,
615 393 774 433 premissa
796 391 906 423 omnia
934 394 969 421 et
991 390 1121 431 singula
1151 391 1234 421 dum
1263 390 1309 421 sic
1335 393 1521 430 agerentur,
1546 398 1623 419 cum
1650 386 1793 417 testibus

420 437 651 477 suprascriptis
675 446 808 476 presens
830 435 889 474 fui,
907 445 1010 475 eaque
1033 445 1091 474 per
1106 433 1210 464 alium
1226 433 1322 464 scribi
1338 433 1410 472 feci,
1429 436 1464 464 et
1486 443 1539 463 me
1555 428 1792 462 subscribendo

422 480 476 511 hic
505 480 637 520 siguum
669 489 791 516 meum,
823 489 890 509 una
916 488 991 508 cum
1025 477 1130 517 sigillo
1158 477 1315 517 predicto,
1339 476 1477 517 apposui
1502 477 1710 510 consuetum,
1734 482 1793 512 per

416 523 545 555 dictum
561 523 743 554 Dominum
758 521 965 553 cardinalem
982 520 1172 561 requisituri,
1186 520 1219 551 in
1236 520 1466 551 testimonium
1478 518 1626 549 veritatis
1642 515 1792 546 omnium

419 567 662 607 premissorum.

377 610 558 641 -Dictum
582 609 780 640 Mandatum
804 607 870 638 fuit
893 607 1059 638 directum
1081 606 1220 646 singulis
1244 605 1499 644 Archidiaconis,
1524 604 1565 635 ad
1587 601 1792 634 monendum

418 653 565 693 singulos
581 653 732 683 subditos
748 652 789 682 ad
805 650 1001 681 solvendum
1018 650 1266 690 procuraciones
1283 649 1447 690 predictas
1464 659 1472 686 3
1495 658 1553 688 per
1578 645 1791 682 cornubiam,

419 696 582 735 videlicet,
600 695 704 726 Priori
722 694 895 725 Bodminie
913 705 920 730 ;
936 704 995 734 per
1010 693 1203 732 Devoniam,
1218 703 1305 730 vero,
1319 692 1442 724 Abbati
1454 692 1495 722 de
1507 691 1608 722 Torre
1624 700 1632 729 ;
1648 698 1792 730 quorum

421 739 676 771 Commissiones
691 738 830 769 iuferius
845 738 1048 775 scribuntur,
1066 737 1219 767 videlicet
1235 736 1298 766 sub
1315 736 1375 766 hac
1387 736 1549 774 forma,—

378 784 556 823 Deputacio
575 782 752 813 Collectoris
765 791 824 821 pro
835 782 1067 820 procem-acione
1081 779 1267 820 hujusmodi
1283 781 1319 810 in
1338 778 1498 810 Cornubia
1522 775 1750 816 colliyenda,—

376 827 528 864 Thomas,
560 828 632 864 etc„
665 824 770 855 Priori
800 825 970 855 Prioratus
994 823 1176 861 Bodminie,
1198 826 1272 857 etc.,
1296 821 1551 853 salutem.—Ad
1581 819 1792 859 exigendum,

419 869 652 910 colligendum,
670 868 860 905 levandum,
877 870 913 898 et
935 867 1160 907 recipiendum
1183 877 1202 896 a
1225 866 1494 906 quibuscumque
1510 864 1651 895 Prelatis
1668 866 1703 892 et
1720 862 1792 891 Per-

419 913 508 944 sonis
536 911 771 943 Ecclesiasticis
798 911 1066 950 quibuscumque
1090 910 1124 940 in
1148 909 1426 940 Archidiuconatu
1451 906 1671 940 Cornubieusi
1694 905 1793 935 bene-

418 955 548 993 ficiatis,
583 958 655 986 tam
692 954 855 994 exemptis
892 963 994 994 quam
1027 963 1093 984 non
1132 952 1306 992 exemptiS‚
1339 963 1398 992 pro
1432 952 1526 982 bonis
1556 954 1591 981 et
1621 948 1794 980 Beneficiis

419 999 488 1030 suis
518 998 755 1030 Ecclesiasticis
781 997 815 1027 in
843 997 957 1027 eadem
982 996 1261 1027 Archidiaconatu
1285 995 1516 1034 existentibus,
1544 991 1794 1034 procuraciones

420 1041 699 1074 Reverendissimi
730 1040 865 1071 Domini
896 1040 1049 1078 Simonis,
1077 1042 1154 1076 etc.‚
1181 1050 1240 1079 pro
1266 1039 1412 1069 secundo
1444 1048 1531 1068 anno
1558 1035 1794 1068 Nunciacionis

420 1096 479 1117 sue
509 1085 616 1116 eidem
648 1084 776 1114 debitas
805 1093 812 1121 ;
850 1083 1014 1119 videlicet,
1045 1083 1129 1113 duos
1159 1082 1310 1112 denarios
1340 1082 1382 1112 de
1412 1081 1562 1122 qualibet
1585 1080 1668 1110 libra
1693 1079 1792 1108 bono-

419 1139 495 1160 rum
526 1131 560 1159 et
591 1127 832 1159 Beneficiorum
862 1126 1168 1157 Ecclesiasticorum
1194 1125 1400 1165 hujusmodi,
1433 1127 1534 1164 prout
1556 1124 1598 1154 ad
1623 1121 1794 1153 Decimam

419 1175 500 1203 sunt
515 1174 630 1202 taxata
646 1181 654 1209 ;
677 1171 765 1201 sicut
786 1170 821 1200 in
844 1169 965 1200 Literis
984 1169 1258 1200 Reverendissimi
1276 1168 1384 1199 Patris
1406 1167 1556 1208 predicti,
1575 1167 1669 1197 nobis
1685 1165 1719 1196 iu
1736 1164 1797 1195 hac

418 1221 512 1256 parte
528 1214 672 1252 directis,
690 1213 819 1253 plenius
835 1213 1026 1243 continetur
1043 1223 1051 1251 ;
1066 1223 1103 1242 ac
1116 1211 1377 1251 acquietanciam
1389 1211 1579 1242 faciendum
1589 1209 1795 1241 solventibus

419 1259 460 1289 de
485 1258 625 1292 solutis;
651 1257 824 1296 dictasque
842 1256 1089 1296 procuraciones
1106 1255 1274 1294 Magistris
1298 1255 1457 1285 Nicholao
1480 1255 1521 1285 de
1546 1253 1794 1290 Chaddesdene,

420 1301 585 1333 Canonico
609 1299 852 1331 Liehefeldensi
868 1302 902 1330 et
927 1300 1058 1329 Decano
1081 1299 1122 1329 de
1147 1298 1299 1329 Arcubus
1323 1297 1582 1335 Londoniarum,
1601 1300 1636 1328 et
1653 1295 1796 1327 Domino

419 1345 586 1375 Willelmo
617 1344 760 1381 Palmer‚
794 1343 962 1375 canonico
992 1342 1155 1383 Derbeye,
1187 1341 1461 1372 Procuratoribus
1492 1345 1526 1371 et
1556 1339 1796 1380 Receptoribus

420 1388 555 1418 Domini
587 1387 771 1419 cardinalis
794 1386 944 1426 predicti,
968 1386 1010 1416 ad
1034 1385 1093 1416 hec
1116 1385 1300 1425 specialiter
1323 1384 1528 1420 constitutis,
1551 1384 1633 1414 citra
1656 1383 1795 1414 Festum

418 1431 533 1462 Sancti
549 1430 718 1461 Valentini
734 1430 884 1470 proximo
898 1429 1064 1467 futurum,
1084 1428 1274 1466 Londoniis,
1292 1428 1499 1468 integraliter
1515 1427 1770 1467 persolvendum
1787 1436 1796 1464 ;

419 1475 596 1514 omniaque
612 1474 675 1504 alia
692 1476 725 1504 et
741 1473 871 1511 singula
888 1473 1087 1511 faciendum,
1104 1472 1336 1510 exercendum,
1354 1475 1388 1502 et
1404 1471 1649 1511 expediendum
1673 1480 1738 1510 que
1761 1470 1794 1500 iu

419 1518 480 1548 hac
496 1522 590 1558 parte
603 1517 784 1548 necessaria
799 1515 926 1547 fuerint
938 1526 995 1547 seu
1009 1519 1174 1555 oportuna
1191 1525 1198 1553 ;
1215 1515 1317 1554 vobis,
1330 1515 1371 1545 de
1381 1514 1478 1554 cujus
1491 1513 1797 1554 circumspeccionis

419 1561 590 1600 fidelitate,
618 1564 694 1598 etc„
722 1560 967 1590 committimus
995 1559 1081 1589 vices
1108 1561 1248 1597 nostras,
1279 1568 1355 1589 cum
1383 1557 1565 1598 cujuslibet
1595 1556 1797 1588 cohercionis

424 1604 586 1635 Canonice
602 1607 778 1644 potestate,
791 1606 827 1634 et
842 1613 900 1633 vos
918 1602 1135 1633 Collectorem
1151 1601 1424 1642 procuracionum
1442 1601 1666 1641 predictarum
1683 1604 1796 1631 tenore

421 1648 634 1679 Presencium
651 1646 1023 1687 deputamus.—Dated
1040 1648 1076 1675 at
1093 1644 1261 1683 Creffiton,
1281 1646 1295 1675 1
1315 1645 1390 1675 Jan.

378 1691 475 1729 Item,
493 1691 610 1721 similis
627 1689 824 1722 Commissio
840 1689 1008 1719 emanavit
1024 1688 1148 1719 Abbati
1164 1689 1204 1719 de
1220 1688 1330 1727 Torre,
1347 1691 1420 1726 etc,
1438 1698 1497 1728 pro
1513 1687 1796 1719 ArchidIaconati-

420 1734 483 1765 bus
500 1734 636 1771 Exonie,
652 1733 818 1769 Tottonie,
835 1735 869 1763 et
884 1731 1140 1772 Barnastapolie.

376 1799 638 1848 Illegitimacy
654 1811 665 1845 3
697 1797 940 1845 Dispensacz'o
959 1810 1043 1834 cum
1061 1796 1330 1845 illeqz'tiw20,—

378 1853 417 1884 In
434 1852 553 1883 favour
569 1852 603 1882 of
627 1851 781 1882 Nicbolas
798 1850 1001 1890 Tresulgian,
1019 1849 1220 1889 scholar,—“
1234 1850 1275 1880 de
1290 1849 1399 1880 soluto
1416 1852 1451 1880 et
1465 1849 1607 1881 soluta.”
1653 1849 1671 1864 “
1689 1851 1733 1881 Et
1749 1850 1794 1890 ip-

421 1906 496 1926 sum
513 1894 701 1926 tonsuravit
717 1897 800 1925 tunc
815 1894 940 1924 ibidem
954 1893 972 1906 '’
992 1893 1178 1933 (Crediton,
1197 1894 1216 1924 2
1232 1892 1336 1932 Jan.).

379 1960 767 2009 Bratton-Fleming;
795 1959 944 1996 Master
963 1958 1135 1996 William
1158 1958 1310 2008 Cridye,
1334 1959 1449 2005 R,—

380 2016 517 2047 Licence
533 2014 567 2045 of
583 2014 834 2045 non-residence
851 2013 902 2043 for
918 2024 936 2043 a
950 2023 1038 2054 year,
1057 2015 1094 2044 to
1110 2013 1212 2052 study
1230 2012 1415 2051 (Crediton,
1433 2013 1451 2044 6
1468 2012 1572 2051 Jan.).

380 2081 601 2130 Modbury,
630 2079 864 2116 illaudatum
885 2091 961 2126 pro
983 2091 1134 2126 corpore
1161 2078 1359 2126 cujusdam
1378 2078 1544 2124 Fratris,
1566 2079 1673 2126 apud
1691 2079 1800 2116 Mod-

434 2135 529 2183 bury
548 2134 701 2182 sepulto,
722 2132 845 2180 ipsius
866 2132 1139 2179 Confratribus
1157 2131 1421 2177 liberando,-

380 2189 535 2225 Thomas,
554 2191 627 2226 etc„
651 2186 807 2225 Johanni,
831 2188 905 2225 etc.,
930 2186 1096 2226 Perpetuo
1112 2185 1241 2216 Vicario
1264 2185 1409 2216 Ecclesie
1432 2186 1631 2217 Parochialis
1646 2186 1688 2217 de
1705 2187 1799 2218 Mod-

424 2233 518 2272 bury,
542 2231 695 2269 salutem,
720 2229 923 2261 etc.—Prior
948 2229 1188 2261 Conventualis
1211 2229 1346 2260 Ordinis
1370 2229 1527 2260 Fratrum
1547 2229 1798 2261 Predicatorum

424 2274 580 2307 Civitatis
602 2277 715 2304 nostre
738 2272 877 2311 Exonie,
903 2272 1119 2312 personaliter
1138 2272 1181 2302 ad
1203 2282 1263 2302 nos
1285 2272 1452 2310 accedens,
1477 2273 1570 2303 nobis
1600 2273 1801 2313 supplicavit

423 2318 583 2359 quatinus
599 2318 641 2348 ad
658 2316 850 2347 memoriam
866 2319 1015 2346 nostram
1037 2316 1270 2346 reduceremus
1293 2316 1460 2355 quomodo
1483 2316 1616 2347 Fratres
1632 2316 1696 2356 ipsi
1712 2316 1798 2348 Reli-

423 2361 570 2402 giosique
593 2361 658 2399 alii,
681 2359 890 2400 sepulturam
914 2359 1069 2390 Fratrum
1092 2368 1229 2389 suorum
1255 2359 1418 2398 propriam
1441 2359 1641 2399 optinentes,
1667 2360 1799 2390 Fratres

423 2405 605 2435 eorundem
621 2403 792 2444 professos,
810 2402 1012 2442 ubicumque
1029 2401 1233 2439 decedentes,
1251 2402 1284 2431 in
1301 2402 1390 2432 dicta
1413 2412 1527 2433 eorum
1543 2403 1674 2443 propria
1690 2403 1798 2443 sepul-

422 2452 499 2478 'tura
515 2447 616 2478 libere
632 2447 673 2478 de
687 2446 763 2486 jure
780 2446 912 2476 valeant
926 2444 1075 2485 sepellire
1091 2443 1161 2483 (sic)
1176 2453 1183 2480 ;
1209 2444 1365 2485 quodque
1381 2445 1517 2485 quidam
1543 2447 1626 2477 bone
1643 2446 1800 2476 memorie

422 2491 539 2522 Frater
561 2490 704 2521 Thomas
728 2489 893 2527 Edwardi,
917 2488 1051 2520 Ordinis
1075 2488 1335 2526 Predicatorum,
1359 2489 1503 2520 eundem
1527 2489 1609 2519 dum
1636 2489 1720 2520 vixit
1742 2499 1796 2520 ex-

427 2544 535 2574 presse
551 2533 728 2574 professus‚
746 2532 779 2563 in
797 2532 954 2562 Parochia
970 2531 1051 2562 dicti
1067 2530 1188 2561 Vicarii
1205 2530 1291 2561 viam
1316 2531 1469 2562 universe
1492 2532 1599 2562 carnis
1622 2532 1796 2572 ingressus

427 2578 468 2607 de
484 2577 581 2615 facto,
599 2577 676 2607 licet
691 2586 757 2606 non
774 2575 815 2605 de
830 2575 916 2615 jure,
932 2574 965 2605 in
985 2574 1156 2606 Cimiterio
1172 2574 1320 2613 predicte
1343 2574 1497 2613 Ecclesie,
1515 2578 1629 2606 contra
1646 2575 1796 2606 volunta-

423 2623 492 2650 tem
505 2620 671 2650 dictorum
689 2619 811 2649 Prioris
827 2621 862 2648 et
878 2618 1034 2649 Fratrum
1049 2627 1087 2648 ac
1098 2617 1336 2657 possessionem
1360 2618 1531 2658 antiquam
1551 2618 1722 2658 sepulture
1738 2618 1797 2649 hu-

421 2663 577 2703 jusmodi,
598 2662 824 2693 Ecclesiastiee
840 2661 986 2692 traditus
1002 2663 1053 2691 est
1076 2660 1248 2700 sepulture
1262 2669 1270 2698 ;
1293 2663 1328 2690 et
1339 2661 1429 2700 quod
1446 2664 1581 2701 propter
1597 2672 1643 2700 ea,
1656 2661 1797 2692 auctori-

424 2708 493 2736 tate
510 2709 631 2744 nostra,
646 2705 734 2736 idem
751 2704 901 2735 Vicarius
924 2703 1143 2744 compellatur
1165 2703 1206 2734 ad
1229 2703 1481 2735 exhumandum
1505 2714 1623 2745 corpus
1647 2704 1798 2745 ejusdem

423 2749 558 2787 Fratris,
575 2752 635 2779 aut
651 2758 723 2778 ossa
743 2747 904 2788 ejusdem,
922 2750 961 2777 ut
984 2746 1098 2777 reduci
1121 2749 1223 2786 queat
1246 2746 1288 2776 ad
1311 2747 1549 2786 possessionem
1566 2748 1617 2778 vel
1641 2748 1735 2788 quasi
1751 2758 1798 2778 se-

425 2792 562 2831 pulture
580 2792 734 2822 Fratrum
752 2791 890 2831 antique
905 2790 1103 2830 supradicte.
1150 2789 1309 2827 Quocirca
1325 2789 1395 2827 tibi,
1412 2790 1542 2821 Vicario
1557 2790 1717 2831 predicto,
1728 2800 1798 2831 pre-

423 2835 573 2874 cipimus,
590 2834 809 2874 injungimus,
827 2836 862 2864 et
877 2833 1075 2864 mandamns
1092 2833 1260 2873 quatinus,
1278 2832 1355 2863 visis
1372 2833 1596 2873 Presentibus,
1614 2844 1732 2874 corpus
1743 2843 1786 2864 an
