1987 3062
112 1895 175 1925 [fol.

113 1930 183 1959 104.]

110 378 142 404 A.
151 378 183 404 t).

111 413 184 437 1382.

111 445 171 471 Vol.
193 445 215 472 I.

436 276 719 310 aasls'rRUM
757 275 1209 311 coMMUNE—ANNO
1252 266 1343 308 13⁰.
1547 261 1640 308 487

266 381 369 412 clesia
386 384 505 412 nostra
524 383 718 421 Exoniensi,
736 383 790 413 die
809 381 848 423 [a
866 383 965 413 blank
981 381 1106 423 space]
1125 394 1266 414 causam
1283 386 1318 413 et
1335 392 1466 420 causas,
1485 382 1512 412 si
1537 392 1641 421 quam

266 426 319 455 vel
336 426 363 455 si
381 436 476 465 quas,
494 427 687 463 legitimam
706 428 758 457 vel
777 427 961 466 legitimas,
979 438 1040 467 pro
1058 438 1093 457 se
1111 428 1263 457 habeant
1280 437 1385 466 quare
1403 427 1446 457 ad
1464 430 1640 456 construc-

265 469 398 499 cionem
416 473 450 500 et
467 471 723 509 reparacionem
744 472 983 502 Cancellorum
1002 472 1211 512 hujusmodi,
1229 482 1268 501 ac
1294 471 1475 501 Librorum
1500 473 1535 500 et
1560 470 1641 500 alio—

265 523 341 543 rum
360 515 663 552 Ornamentorum,
681 515 724 545 ad
748 515 901 554 ipsorum
926 516 1053 546 ibidem
1079 515 1372 552 emendacionem,
1390 514 1640 551 invencionem,

266 561 300 587 et
318 559 611 588 sustentat-ionem
626 560 889 598 pertinencium,
901 570 962 599 per
972 560 1151 590 fructuum
1163 570 1303 589 suorum
1319 558 1642 589 Ecclesiasticorum

267 601 588 641 Sequestracionem
606 604 764 642 compelli
781 614 849 633 non
867 604 1026 641 debeant,
1044 604 1079 633 in
1096 603 1210 633 forma
1230 603 1318 644 juris
1335 603 1472 633 divisim
1488 602 1641 642 proposi-

263 645 343 683 turi,
360 646 573 686 ulteriusque
589 647 715 677 facturi
733 650 768 677 et
784 648 957 687 recepturi
973 648 1063 687 quod
1078 648 1219 688 justicia
1243 647 1412 677 suadebit.
1460 646 1642 676 Parochia-

266 700 337 727 nos,
355 693 483 727 autem,
504 691 736 721 Ecclesiarum
761 694 795 721 et
815 692 1035 730 Capellarum
1052 692 1323 731 prescriptarum
1341 702 1381 721 ex
1406 693 1505 730 parte
1522 692 1642 720 nostra

267 734 439 764 moneatis
455 738 490 764 et
507 735 738 765 effectualiter
753 736 936 773 inducatis,
948 738 987 765 ut
1005 734 1088 775 [vel,
1107 734 1210 775 Ms.],
1222 746 1290 765 non
1308 735 1528 765 obstantibus
1544 734 1643 774 penis

267 783 301 807 et
329 778 607 818 injunccionibus
631 789 693 818 per
716 785 927 809 memoratos
960 779 1223 810 Commissarios
1251 780 1337 809 alias
1367 779 1471 809 factis
1503 777 1642 818 (quibus

268 821 433 859 derogare
450 823 621 859 nolumus,
640 825 693 853 set
709 834 768 853 eas
784 824 943 853 volumus
960 824 994 853 in
1012 834 1073 853 suo
1090 824 1212 853 robore
1232 821 1466 862 permanere),
1484 822 1643 853 defectus

268 876 500 906 quoscumque.
526 867 559 896 in
586 867 735 906 Capellis
751 867 951 907 hujusmodi
969 871 1003 897 et
1028 868 1183 897 Navibus
1202 868 1445 904 Ecclesiarum,
1464 867 1643 905 Librisque

268 912 303 939 et
327 910 403 939 aliis
429 911 652 941 Ornamentis
675 911 711 940 in
735 911 948 941 Visitacione
970 911 1109 951 prefata
1132 911 1279 941 detectis
1296 914 1331 941 ct
1348 911 1545 950 compertis,
1562 921 1643 950 quo-

269 963 346 983 rum
364 954 521 992 resecem,
539 955 726 993 reparacio,
745 958 779 985 et
797 956 1010 985 sustentacio
1027 956 1070 985 ad
1088 966 1145 985 eos
1170 956 1212 985 (le
1228 956 1305 995 jure
1323 955 1377 985 vel
1393 955 1643 986 consuetudine

269 997 439 1028 hactenus
463 999 594 1029 usitata
618 1002 653 1029 et
670 999 854 1029 observata
870 1000 1044 1038 pertinere
1062 1000 1235 1037 dicuntur,
1258 1000 1391 1029 faciant
1414 999 1646 1029 effectualiter

269 1042 423 1080 reparari
440 1042 531 1073 infra
549 1053 674 1073 novem
698 1054 835 1073 menses
859 1054 879 1073 a
904 1046 1060 1082 tempore
1082 1044 1282 1083 hujusmodi
1306 1043 1509 1073 Monicionis
1529 1046 1645 1072 vestre

269 1085 318 1115 eis
335 1086 428 1116 facte
446 1087 608 1117 continue
626 1087 877 1124 numerandos3
895 1098 1041 1127 quorum
1055 1090 1126 1118 tres
1140 1098 1276 1118 menses
1287 1098 1349 1126 pro
1365 1087 1488 1126 primo,
1501 1090 1573 1117 tres
1584 1097 1646 1125 pro

269 1130 430 1167 secundo,
447 1134 482 1160 et
507 1131 656 1170 reliquos
673 1134 745 1161 tres
761 1142 823 1170 pro
848 1132 956 1162 tercio
980 1142 1020 1161 ac
1044 1132 1278 1171 peremptorio
1301 1132 1451 1161 termino
1476 1134 1511 1161 et
1538 1131 1644 1160 Moni-

269 1173 365 1204 cione
384 1174 558 1205 Canonica
575 1175 624 1205 eis
641 1175 811 1213 assignari
825 1176 993 1211 volumus,
1006 1178 1041 1205 et
1057 1186 1128 1213 nos,
1146 1176 1267 1211 eciam,
1285 1178 1405 1205 tenore
1423 1175 1645 1205 Presencium

269 1218 498 1256 assigna-mus,
510 1219 573 1248 sub
590 1229 680 1258 pena
699 1219 940 1258 suspensionis
959 1220 1191 1250 Ecclesiarum
1209 1222 1244 1250 et
1259 1220 1479 1258 Capellarum
1492 1219 1645 1258 prefata-

268 1271 345 1291 rum
370 1272 390 1292 a
415 1263 619 1293 Divinorum
636 1263 871 1293 celebracione
896 1264 930 1293 in
955 1264 1095 1301 eisdem,
1121 1266 1156 1293 et
1179 1264 1363 1294 Interdicti
1380 1274 1400 1293 a
1416 1264 1594 1303 sepultura
1611 1263 1647 1292 in

270 1305 319 1335 eis
331 1308 365 1335 et
378 1306 565 1337 Cimiteriis
578 1307 784 1344 earundem3
799 1318 893 1347 quas,
906 1308 1055 1347 quidem,
1069 1308 1311 1347 Suspensionis
1321 1310 1357 1337 et
1369 1307 1552 1337 Interdicti
1565 1307 1646 1337 Sen-

271 1350 403 1380 tencias
419 1350 454 1379 in
473 1351 636 1381 Ecclesiis
653 1354 687 1381 et
706 1351 856 1390 Capellis
874 1352 1086 1389 memoratis,
1100 1356 1135 1381 et
1153 1362 1272 1382 earum
1292 1352 1490 1389 Cimiteriis,
1504 1351 1532 1381 si
1549 1361 1646 1390 paro-

270 1393 385 1423 chiani
410 1394 539 1433 prefati
566 1395 817 1425 Monicionibus
841 1396 966 1425 vestris
991 1396 1200 1435 hujusmodi,
1226 1406 1344 1435 ymmo
1369 1396 1484 1425 verius
1508 1395 1646 1432 nostris,

270 1447 392 1475 parere
417 1439 701 1477 contempserint,
728 1450 824 1469 mora
855 1442 890 1469 et
922 1440 1023 1478 culpa
1052 1450 1171 1470 eorum
1204 1440 1480 1479 precedentibus,
1513 1449 1649 1469 exnunc

270 1484 373 1519 prout
397 1485 524 1512 extunc
548 1482 693 1512 ferimus
717 1483 753 1512 in
778 1483 844 1513 hiis
870 1483 1025 1522 Scriptis.
1074 1484 1118 1513 Et
1134 1484 1216 1523 quid
1240 1483 1394 1514 feceritis
1418 1484 1453 1513 in
1470 1483 1648 1522 premissis

270 1535 336 1564 quo
360 1526 404 1555 ad
429 1526 643 1556 Citacionem
676 1527 806 1557 Decani
831 1530 865 1557 et
899 1528 1050 1566 Capituli
1082 1538 1122 1557 ac
1152 1528 1370 1558 Vicariorum
1402 1528 1649 1567 predictorum,

270 1569 470 1599 certificetis
501 1580 573 1607 nos,
606 1570 795 1602 Officialem
827 1574 887 1601 aut
913 1571 1198 1601 Commissarium
1230 1572 1396 1611 prefatos,
1428 1571 1463 1601 in
1496 1571 1650 1601 Ecclesia

272 1616 392 1643 nostra
417 1614 620 1653 prescripta,
644 1615 820 1645 antedicto
841 1615 905 1653 die,
931 1625 992 1654 per
1017 1616 1151 1645 Literas
1177 1618 1311 1646 vestras
1336 1618 1499 1655 patentes
1526 1615 1649 1645 harum

271 1657 394 1687 seriem
412 1658 640 1688 continentes.
689 1659 787 1697 Quid,
805 1662 934 1696 autem,
952 1659 996 1689 ad
1013 1660 1242 1699 parochianos
1258 1660 1468 1699 prescriptos
1486 1659 1650 1696 feceritis,

271 1703 307 1730 et
324 1701 388 1740 ipsi
413 1701 447 1731 in
472 1703 650 1741 premissis
674 1703 836 1733 duxerint
860 1703 1071 1741 faciendum,
1094 1714 1166 1741 nos,
1183 1704 1360 1742 prefatum
1379 1703 1579 1739 Officialem,
1597 1704 1650 1733 vel

273 1744 568 1783 Commissarium,
580 1746 672 1776 infra
685 1747 903 1785 Quindenam
920 1750 998 1786 post
1013 1748 1155 1778 Festum
1171 1748 1287 1778 Sancti
1304 1748 1482 1778 Michaelis
1495 1747 1651 1787 proximo

269 1799 362 1863 ¹2¹3}
386 1789 554 1864 futugam,
572 1791 771 1821 certificetis
788 1791 953 1830 legitime,
972 1794 1010 1821 ut
1026 1794 1079 1822 est
1096 1792 1374 1822 morisssDated
1391 1794 1426 1822 at
1445 1791 1650 1830 Chudleigh,

270 1836 277 1844 ⁴
361 1844 457 1864 ecem
484 1844 530 1865 er.

219 1896 462 1944 Cornw00d;
504 1899 779 1937 Demmciacio
817 1900 1142 1937 emommunicati
1179 1914 1270 1937 eum
1299 1900 1384 1937 alia
1421 1900 1645 1937 execucione

266 1950 472 1999 facienda,
479 1977 530 1980 —

227 2006 386 2043 Thomas,
412 2010 488 2046 etc,
513 2008 767 2039 Archidiacono
794 2012 913 2040 nostro
938 2010 1109 2047 Tottonie,
1127 2010 1181 2040 vel
1205 2009 1281 2050 ejus
1307 2010 1462 2047 Officiali,
1489 2010 1648 2048 salutem,

271 2051 472 2089 etos—Quia
497 2063 559 2082 nos
583 2053 779 2083 Johannem
806 2054 954 2093 Mareys,
980 2054 1164 2084 Rectorem
1191 2054 1343 2084 Ecclesie
1370 2055 1583 2084 Parochialis
1608 2055 1649 2084 de

272 2094 482 2126 Cornewode
507 2107 542 2126 se
567 2097 750 2135 (licentem,
776 2098 819 2127 ad
843 2098 1115 2137 comparendum
1140 2109 1256 2128 coram
1281 2099 1389 2135 nobis,
1408 2099 1512 2128 certis
1537 2099 1591 2129 die
1616 2102 1651 2128 et

273 2138 347 2168 loco
364 2139 428 2169 sibi
452 2140 497 2169 ad
514 2140 577 2170 hoc
594 2141 749 2180 legitime
767 2142 964 2180 assignatis,
982 2152 1086 2181 super
1101 2142 1254 2182 perjurio
1279 2147 1314 2172 et
1338 2143 1414 2172 aliis
1439 2143 1543 2173 certis
1568 2143 1649 2172 arti-

273 2182 360 2212 culis
377 2183 440 2213 sibi
461 2194 501 2213 ex
525 2184 644 2214 Officio
668 2188 787 2215 nostro
804 2196 899 2216 mero
922 2186 965 2215 ad
990 2186 1144 2216 debitam
1167 2186 1281 2216 anime
1308 2196 1368 2216 sue
1397 2186 1650 2217 correccionem

273 2226 462 2257 obiciendis
492 2238 737 2267 responsurum
763 2229 993 2268 personaliter
1024 2230 1180 2267 citatum,
1213 2230 1348 2269 publice
1380 2231 1650 2269 preconizatum,

273 2270 407 2301 diucius
439 2274 671 2310 expectatum,
704 2276 739 2302 et
770 2273 865 2302 nullo
904 2273 1006 2303 modo
1038 2276 1309 2312 comparentem,
1342 2275 1649 2313 pronunciavimus

273 2315 398 2344 merito
415 2320 667 2353 contumacem,
685 2318 720 2346 et
737 2316 849 2355 ipsum
868 2316 903 2346 in
920 2327 1046 2356 penam
1064 2318 1281 2347 contumacia
1299 2318 1499 2358 hujusmodi
1516 2329 1650 2348 excom-

274 2359 528 2389 municavimus
552 2360 587 2389 in
614 2360 768 2399 Scriptis,
792 2360 934 2400 justicia
950 2361 1138 2397 suadente;
1162 2361 1260 2391 vobis
1284 2362 1547 2399 committimus,
1572 2365 1649 2400 etc,

273 2403 436 2442 quatinus
453 2403 583 2433 dictum
602 2404 798 2434 Johannem
817 2405 955 2444 Mareys
972 2405 1020 2435 sic
1037 2406 1373 2435 excommunicatum
1386 2405 1495 2436 fuisse
1512 2411 1547 2436 et
1564 2417 1650 2444 esse,

272 2445 306 2475 in
333 2447 487 2477 Ecclesia
512 2448 552 2477 de
579 2448 789 2478 Cornewode
806 2448 963 2487 predicta
987 2451 1023 2478 et
1046 2449 1122 2479 aliis
1147 2449 1412 2487 circumvicinis,
1431 2450 1560 2480 Diebus
1586 2451 1650 2480 Do-

272 2490 408 2521 minicis
440 2494 475 2521 et
508 2492 665 2527 Festivis,
698 2492 791 2522 intra
824 2492 1006 2522 Missurum
1039 2493 1240 2532 solempnia,
1275 2504 1353 2523 cum
1393 2494 1506 2534 major
1536 2494 1572 2523 in
1603 2495 1652 2525 cis

272 2534 413 2564 affuerit
430 2536 547 2574 populi
565 2536 764 2573 multitudo,
783 2536 1000 2566 denuncietis
1017 2538 1052 2566 et
1069 2537 1270 2567 denunciari
1291 2537 1430 2568 faciatis
1445 2552 1451 2574 ;
1477 2549 1496 2568 a
1521 2538 1651 2568 denun-

272 2578 424 2609 ciacione
443 2579 642 2619 hujusmodi
659 2590 727 2609 non
745 2582 921 2610 cessantes
938 2590 1114 2620 quousque
1131 2581 1225 2610 aliud
1250 2591 1270 2610 a
1292 2581 1390 2611 nobis
1408 2582 1600 2612 habueritis
1616 2583 1651 2612 111

272 2622 459 2653 mandatis.
507 2624 641 2661 Citetis,
666 2624 818 2662 insuper,
837 2634 897 2653 seu
922 2624 1022 2654 citari
1047 2624 1196 2663 faciatis,
1213 2626 1455 2664 peremptorie,
1473 2626 1650 2664 prefatum

272 2665 469 2696 Johannem
503 2667 650 2707 Mareys,
676 2668 767 2707 quod
791 2670 991 2706 compareat
1016 2678 1132 2698 coram
1157 2669 1266 2706 nobis,
1284 2669 1337 2699 vel
1363 2669 1507 2699 Officiali
1532 2673 1651 2700 nostro

275 2709 471 2749 Principali‚
489 2713 560 2749 aut,
578 2712 614 2741 in
631 2711 739 2750 ipsius
757 2711 929 2747 absencia,
946 2712 1056 2741 nostri
1082 2712 1285 2742 Consistorii
1312 2713 1516 2743 Exoniensis
1541 2714 1650 2744 Presi-

274 2753 378 2783 dente
395 2764 622 2794 quocumque,
641 2755 694 2785 die
714 2755 808 2785 Lune
826 2755 982 2794 proximo
1007 2759 1084 2794 post
1111 2757 1252 2786 Festum
1279 2757 1471 2795 Epiphanie
1495 2758 1651 2796 proximo

274 2796 443 2835 futurum,
461 2808 565 2838 super
581 2799 734 2839 perjurio
751 2801 786 2829 et
803 2799 879 2829 aliis
896 2799 1000 2829 certis
1020 2800 1175 2830 articulis
1199 2800 1312 2830 eidem
1328 2811 1369 2830 ex
1387 2801 1506 2831 Officio
1522 2805 1650 2839 nostro,

274 2840 318 2870 ad
343 2841 497 2872 debitam
522 2843 636 2873 anime
661 2853 721 2873 sue
742 2843 1005 2882 correct-ionem,
1024 2843 1088 2873 sibi
1105 2844 1304 2882 obiciendis,
1322 2847 1356 2874 et
1374 2847 1457 2875 tunc
1474 2845 1601 2875 ibidem
1620 2846 1651 2876 ei
