1987 3062
311 254 405 296 546
523 265 621 297 ΤΗΕ
659 265 898 299 REGISTER
933 266 992 298 OF
1023 265 1201 299 BISHoP
1236 265 1637 299 BRANTYNGHAM.

309 369 383 396 A-D·
466 372 564 403 Locis
581 373 728 412 publicis
752 376 951 403 nostrarum
976 372 1138 403 Civitatis
1161 374 1196 403 et
1221 372 1375 403 Diocesis
1390 372 1450 402 ubi
1465 372 1578 412 magis
1592 372 1769 403 videbitur
1784 382 1839 403 ex-

310 404 406 461 {7334‘1
464 417 592 456 pedire,
611 417 659 447 sic
676 418 993 447 excommunicatos
1010 417 1118 446 fuisse
1135 418 1171 447 et
1186 425 1260 446 esse
1284 416 1421 455 publice
1437 418 1473 446 et
1490 417 1714 456 solempniter
1729 417 1766 446 in
1782 426 1839 456 ge-

364 456 370 462 '
410 457 415 462 ’
463 471 545 491 nere
561 461 745 499 nuncietis,
762 471 802 491 ac
819 471 880 500 per
896 461 981 491 alios
998 460 1136 490 faciatis
1153 461 1255 490 modo
1280 460 1385 490 simili
1407 461 1565 491 nunciari
1579 475 1587 498 ς
1612 470 1696 500 quos
1712 470 1775 491 1108
1792 461 1840 491 sic

463 506 780 535 excommunicatos
803 505 911 535 fuisse
928 508 963 535 et
980 514 1064 542 esse,
1089 506 1210 535 tenore
1235 505 1467 542 Presencium,
1492 505 1528 534 in
1552 515 1677 544 genere
1699 505 1840 535 nuncia-

464 559 560 586 111118;
585 549 628 578 ab
652 549 851 589 hujusmodi
877 549 1146 579 denunciacione
1168 559 1238 578 non
1262 551 1438 578 cessantes
1462 549 1570 579 donec
1587 559 1607 579 a
1622 549 1722 579 nobis
1746 549 1841 578 aliud

464 592 656 623 habueritis
673 594 709 622 in
725 593 909 623 mandatis.
956 592 1234 630 Absolucionem,
1252 602 1343 630 vero,
1361 593 1515 622 omnium
1528 595 1564 623 et
1577 593 1793 632 singulorum
1806 593 1843 622 in

462 637 642 676 premissis
657 640 718 667 aut
734 647 853 667 eorum
871 637 985 676 aliquo
1009 637 1287 676 delinquencium
1304 637 1403 666 nobis
1420 646 1580 677 expresse
1596 639 1631 667 et
1647 636 1844 676 specialiter

463 690 701 718 reservamus;
726 681 924 711 inhibentes
940 681 1055 720 palam
1080 683 1115 711 et
1138 690 1298 720 expresse
1321 691 1365 711 ne
1382 681 1458 720 quis
1474 690 1617 720 presens
1634 681 1839 711 Mandatum

462 727 621 754 nostrum
638 735 658 754 a
674 735 889 764 quocumque
906 725 980 755 loco
996 725 1032 754 in
1049 734 1115 764 quo
1132 725 1217 754 illud
1235 725 1327 763 affigi
1344 725 1540 763 contigerit,
1554 725 1702 763 auferre,
1716 725 1840 762 delere,

463 768 662 805 dilacerare,
679 772 740 798 aut
765 769 831 799 alio
855 769 958 799 modo
980 769 1141 808 nequiter
1164 771 1380 799 contrectare
1404 771 1593 808 presumat,
1611 769 1674 799 sub
1699 769 1842 809 Majoris

464 812 845 843 Excommunicacionis
868 823 967 853 pena,
985 823 1087 852 quam
1105 813 1140 842 in
1158 813 1470 851 contravenientes,
1488 822 1608 843 omnes
1625 815 1660 843 et
1677 813 1840 852 singulos,

463 866 569 894 mora,
594 857 705 896 culpa,
722 860 757 887 et
774 858 906 887 offensa
929 867 1047 887 eorum
1071 857 1347 896 precedentibus,
1364 857 1510 887 ferimus
1534 857 1569 886 in
1594 857 1661 887 hiis
1686 857 1842 896 Scriptis.

463 900 694 940 Inquirentes,
722 901 978 939 nichilominus,
1003 902 1044 931 de
1068 901 1267 931 nominibus
1291 903 1326 931 et
1350 901 1612 940 cognominibus
1642 901 1842 941 hujusmodi

462 944 728 975 malefactorum
744 959 750 982 3
775 948 811 975 et
827 955 911 984 quos
928 955 968 975 ac
984 947 1068 984 quot
1091 955 1154 984 per
1177 945 1447 984 Inquisicionem
1472 945 1671 985 hujusmodi
1689 945 1839 984 culpabi-

462 988 512 1018 les
529 990 752 1028 reppereritis
770 990 805 1019 in
823 990 888 1019 hac
904 992 1013 1028 parte,
1032 989 1148 1019 citetis
1171 989 1320 1027 eosdem,
1338 989 1579 1028 peremptorie,
1597 989 1688 1029 quod
1704 999 1839 1028 compa-

462 1035 563 1062 reant
580 1043 695 1063 coram
714 1034 822 1070 nobis,
840 1036 901 1063 aut
918 1033 1057 1063 Vicario
1074 1043 1135 1063 scu
1153 1033 1398 1063 Commissario
1414 1036 1534 1063 nostro
1556 1033 1726 1071 Generali,
1750 1034 1839 1063 vice-

463 1077 550 1106 simo
567 1077 621 1107 die
638 1077 793 1107 Juridico
810 1080 888 1116 post
906 1077 1122 1107 Citacioncm
1139 1080 1292 1107 vestram
1310 1077 1351 1107 de
1368 1077 1418 1107 eis
1434 1077 1566 1107 factam
1584 1077 1772 1107 inmediate
1790 1087 1839 1107 se-

462 1123 608 1160 quente3
633 1124 767 1151 certum
792 1122 905 1151 10011111
930 1123 1186 1160 competentem
1210 1121 1260 1151 eis
1283 1121 1446 1160 primitus
1470 1121 1709 1160 assignantes;
1738 1131 1841 1160 super

461 1165 639 1203 premissis
655 1168 690 1195 et
707 1175 747 1195 ea
764 1165 1058 1204 contingentibus,
1075 1165 1206 1195 eisdem
1230 1167 1315 1195 tunc
1331 1165 1563 1195 communiter
1578 1167 1613 1195 et
1630 1165 1778 1203 divisim,
1796 1165 1840 1195 ad

462 1209 715 1239 correccionem
732 1209 927 1239 animarum
954 1219 1105 1246 suarum,
1129 1219 1192 1248 per
1214 1219 1287 1247 nos,
1313 1218 1374 1239 seu
1398 1209 1530 1239 dictum
1556 1208 1839 1240 Commissarium

460 1253 515 1282 vel
532 1253 722 1291 Vicarium,
748 1263 788 1284 ex
814 1253 933 1283 Officio
949 1256 1068 1283 nostro
1092 1253 1283 1283 obiciendis
1306 1255 1342 1282 et
1365 1253 1587 1292 exponendis,
1611 1253 1841 1292 personaliter

461 1297 576 1327 debite
594 1297 803 1336 responsuri,
821 1300 856 1328 et
873 1297 915 1327 de
932 1298 1080 1327 veritate
1098 1297 1253 1335 dicenda,
1272 1297 1299 1327 si
1317 1299 1485 1336 oporteat,
1502 1297 1732 1336 personaliter
1747 1297 1838 1337 jura-

460 1341 540 1379 turi,
558 1341 773 1381 ulteriusque
797 1341 925 1371 facturi
942 1344 978 1371 et
995 1341 1167 1380 recepturi
1192 1341 1283 1380 quod
1306 1341 1448 1381 justicia
1472 1341 1641 1372 suadebit.
1690 1341 1735 1371 Et
1758 1341 1840 1381 quid

460 1384 614 1415 feceritis
646 1386 681 1415 in
705 1386 894 1425 premissis,
920 1395 991 1423 nos,
1016 1388 1077 1415 aut
1102 1385 1234 1415 dictum
1259 1385 1437 1415 Vicarium
1464 1386 1519 1416 vel
1551 1385 1838 1416 Commissarium

459 1432 628 1466 nostrum,
654 1430 741 1460 citra
767 1430 908 1460 Festum
933 1429 1140 1459 Nativitatis
1165 1429 1283 1459 Sancti
1307 1429 1477 1460 Johannis
1502 1429 1660 1469 Baptiste
1683 1429 1840 1469 proximo

460 1472 629 1511 futurum,
647 1474 683 1503 in
708 1474 863 1504 Ecclesia
886 1476 1006 1503 nostra
1026 1473 1213 1504 Exoniensi
1236 1474 1395 1513 predicta
1418 1473 1533 1504 debite
1558 1473 1757 1504 certificetis
1779 1484 1841 1513 per

460 1520 604 1555 vestras,
623 1528 684 1548 seu
700 1518 869 1548 certificet
885 1518 943 1547 ille
960 1520 1115 1547 vestrum
1133 1518 1190 1556 qui
1207 1527 1350 1556 presens
1368 1517 1573 1547 Mandatum
1595 1517 1703 1548 fuerit
1720 1528 1839 1548 execu-

460 1562 517 1591 tus
534 1571 596 1600 per
613 1571 693 1592 suas
706 1564 868 1601 patentes
886 1562 1031 1599 Literas,
1049 1561 1174 1591 harum
1192 1561 1317 1591 seriem
1335 1561 1564 1599 continentes,
1582 1562 1696 1601 sigillo
1719 1563 1839 1592 auten-

460 1605 529 1635 tico
546 1606 955 1643 consignatas—Datum
972 1605 1065 1644 apud
1082 1606 1331 1643 Normantone,
1349 1605 1382 1635 ix
1405 1605 1459 1636 die
1481 1606 1611 1636 mensis
1629 1606 1720 1644 Maii,
1738 1606 1840 1636 Anno

460 1649 601 1679 Domini
619 1650 680 1679 ΜΟ.
700 1649 831 1680 CCCmo
847 1649 1019 1689 lxxxiiijw,
1038 1652 1073 1680 et
1091 1649 1375 1680 Consecracionis
1390 1652 1509 1679 nostre
1526 1650 1840 1689 quartodecimo.-—

462 1692 570 1731 Quod,
595 1693 743 1733 quidem,
772 1694 977 1724 Mandatum
994 1697 1148 1723 vestrum
1166 1693 1393 1723 reverendum
1416 1694 1537 1733 exequi
1561 1704 1630 1724 non
1654 1694 1840 1733 potuimus,

461 1740 603 1776 propter
615 1738 820 1767 Mandatum
833 1738 1061 1768 Inhibicionis
1071 1737 1290 1768 Venerabilis
1308 1737 1432 1775 Patris,
1444 1738 1583 1767 Domini
1593 1738 1765 1776 Willelmi,
1777 1738 1840 1768 Dei

462 1781 579 1819 gracia
595 1781 855 1821 Archiepiscopi
874 1781 1146 1819 Cantuariensis,
1163 1781 1263 1811 nobis
1286 1781 1322 1810 in
1344 1781 1409 1811 hac
1425 1784 1524 1820 parte
1541 1782 1712 1812 directum
1729 1785 1764 1812 et
1780 1792 1842 1821 per

310 1824 428 1849 Manda-
462 1835 525 1854 nos
537 1827 733 1864 receptum;
759 1826 858 1865 cujus
869 1827 970 1855 tenor
981 1826 1146 1865 sequitur,
1158 1826 1193 1855 in
1210 1825 1273 1855 hec
1286 1825 1649 1863 verba,—Willelmus,
1667 1828 1743 1863 etc.,
1761 1826 1840 1856 Pre-

307 1863 369 1916 ἓξὲξ
382 1859 592 1916 *ζέο-ορῃῖοϊί
610 1872 645 1899 et
663 1869 823 1908 Capitulo
841 1870 993 1899 Ecclesie
1012 1869 1226 1907 Exoniensis‚
1244 1879 1379 1899 necnon
1395 1869 1659 1900 Archidiaconis
1670 1870 1840 1908 Tottonie,

308 1900 435 1956 pidfieC.
463 1913 737 1952 Barnastapolie,
764 1914 904 1951 Exonie,
929 1916 964 1943 et
989 1913 1172 1950 Cornubie,
1199 1913 1357 1950 salutem,
1376 1914 1540 1951 graciam,
1566 1916 1601 1943 et
1625 1914 1838 1944 benediccio-

309 1964 367 1983 tum
384 1959 446 1996 Pse-
464 1967 590 1987 nem.—
602 1957 730 1996 Nuper,
748 1957 783 1986 in
800 1957 1012 1987 Visitacionc
1036 1960 1158 1987 nostra
1182 1957 1448 1996 Metropolitica,
1473 1967 1535 1995 per
1558 1967 1620 1987 nos
1636 1958 1673 1986 in
1690 1958 1840 1988 Civitate

309 1997 454 2050 ’ἒῗῃῑὲἰηξῑ
465 2004 500 2030 et
517 2001 652 2031 Diocesi
670 2001 810 2039 Exonie,
828 2003 946 2031 nostre
971 2001 1233 2031 Cantuariensis
1256 2001 1446 2039 Provincie,
1463 2001 1647 2031 actualiter
1669 2002 1841 2040 inchoata,

311 2034 443 2087 Εἰξῖηιὲο
464 2045 702 2075 verisimiliter
717 2047 958 2084 presumentes
976 2045 1065 2084 quod
1083 2045 1234 2084 quidam,
1253 2054 1312 2074 sue
1330 2045 1452 2074 salutis
1470 2045 1703 2083 immemores,
1720 2046 1756 2075 in
1773 2046 1841 2076 dic-

309 2097 337 2117 et
351 2091 447 2129 Arclji-
466 2091 500 2119 te
513 2091 635 2126 ‚nostre
652 2089 876 2119 Visitacionis
893 2092 928 2119 et
944 2089 1207 2119 Jurisdiccionis
1231 2089 1273 2118 ad
1297 2098 1370 2125 nos,
1388 2088 1508 2118 eadem
1526 2089 1738 2120 Visitacione
1762 2100 1842 2129 pen-

311 2125 435 2184 qli-{fmus
467 2133 580 2171 dente,
590 2133 724 2163 notorie
736 2133 945 2172 pertinentis
958 2133 1198 2172 prejudicium,
1214 2142 1233 2160 ἠὲ
1256 2142 1295 2162 ac
1309 2133 1456 2170 Jurium,
1466 2133 1693 2171 Libertatum,
1703 2134 1843 2165 Privile—

311 2168 348 2217 ¹ne¹
371 2168 435 2224 2¹33,
466 2177 611 2215 giorum,
631 2177 941 2215 Consuetudinum,
966 2179 1001 2207 et
1026 2177 1248 2215 Prerogative
1273 2176 1426 2207 Ecclesie
1449 2179 1567 2207 nostre
1585 2177 1846 2209 Cantuariensis

312 2213 395 2251 deine
410 2226 454 2251 Vi·
469 2221 731 2259 derogacionem
756 2224 791 2251 et
815 2221 1088 2258 enervacionem,
1112 2224 1354 2260 presumerent
1377 2223 1598 2260 attemptare,
1624 2231 1686 2260 per
1709 2226 1846 2253 nostras

312 2259 445 2297 35‘30590‘2
471 2265 556 2295 certi
574 2265 705 2295 tenoris
722 2265 857 2295 Literas
874 2265 1098 2301 inhibuimus,
1116 2271 1150 2295 et
1166 2264 1315 2294 inhiberi
1332 2264 1479 2295 fecimus
1496 2265 1778 2306 quibuscumque,
1802 2278 1845 2298 ne

313 2293 426 2358 Λίἓςςξξζ
470 2309 546 2348 quis
563 2319 683 2339 eorum
701 2310 792 2339 circa
808 2309 977 2348 premissa
992 2309 1046 2339 vel
1063 2309 1201 2348 aliquod
1218 2309 1464 2348 premissorum
1482 2309 1678 2349 aliqualiter
1692 2310 1845 2342 indebite

312 2335 365 2391 1pp'si
378 2346 444 2385 seu’t
473 2355 710 2392 attemptaret,
729 2353 791 2383 sub
808 2363 898 2392 pena
922 2353 1303 2383 Excommunicacionis
1327 2353 1478 2392 Majoris,
1496 2363 1599 2392 quam
1615 2353 1651 2382 in
1668 2357 1846 2385 contrave-

314 2392 437 2430 ίΡΞΟΓμξΠ
471 2397 618 2434 nientes,
635 2407 755 2427 omnes
772 2399 807 2427 et
825 2397 989 2436 singulos,
1007 2397 1116 2427 eciam
1134 2397 1162 2426 si
1179 2407 1298 2427 eorum
1315 2396 1439 2436 aliquis
1456 2397 1650 2427 Pontificali
1667 2398 1848 2437 Dignitate

313 2427 448 2485 ῗὲξὲιὶἓῃῑ
472 2440 634 2479 fulgeret,
658 2441 867 2479 protulimus
880 2441 916 2470 in
933 2441 1050 2470 debita
1073 2440 1187 2470 forma
1210 2440 1308 2480 juris,
1332 2443 1435 2480 prout
1451 2441 1487 2470 in
1503 2441 1606 2471 dictis
1622 2441 1748 2472 Literis
1771 2453 1847 2473 nos-

313 2492 456 2526 Episcopo
472 2485 546 2523 tris,
563 2486 637 2514 tam
652 2485 689 2514 in
707 2484 859 2515 Ecclesia
877 2484 1063 2515 Exoniensi
1079 2484 1236 2523 predicta
1259 2494 1362 2523 quam
1379 2485 1415 2513 in
1432 2485 1535 2514 dictis
1550 2485 1848 2517 Archidiaconati-

313 2527 534 2558 [inalssffrbus
550 2529 746 2567 publicatis,
764 2531 798 2558 et
814 2529 849 2557 in
866 2528 975 2558 valvis
992 2528 1144 2558 Ecclesie
1162 2528 1367 2558 Exoniensis
1389 2529 1544 2567 predicte
1561 2531 1596 2559 et
1612 2529 1759 2559 aliarum
1784 2531 1845 2561 Ec-

316 2561 419 2589 lmudL
471 2572 653 2602 clesiarum
679 2573 770 2602 dicte
796 2572 1001 2602 Exoniensis
1025 2572 1180 2602 Diocesis
1203 2574 1366 2611 patenter
1388 2572 1508 2610 affixis,
1532 2572 1668 2611 plenius
1692 2575 1844 2605 contine-

316 2613 401 2663 ,sol—
472 2618 539 2646 tur.
603 2616 699 2654 Quia,
724 2618 852 2654 tamen,
878 2616 967 2646 sicut
991 2616 1087 2646 fama
1110 2616 1249 2654 publica
1264 2615 1438 2646 referente
1462 2619 1497 2646 et
1520 2616 1605 2646 facti
1636 2618 1844 2649 notorietate

317 2657 391 2696 1291‘2.
471 2660 676 2699 recepimus,
701 2660 840 2699 quidam
866 2660 1026 2697 Thomas,
1052 2659 1257 2690 Exoniensis
1281 2659 1481 2699 EpiscopuS,
1506 2662 1625 2690 noster
1640 2663 1676 2691 et
1692 2661 1845 2693 Ecclesie

470 2706 588 2734 nostre
612 2704 767 2743 predicte
793 2703 1049 2742 Suffraganeus,
1075 2706 1195 2734 contra
1218 2713 1281 2733 nos
1304 2705 1340 2734 et
1363 2704 1507 2734 eandem
1540 2704 1741 2743 Ecclesiam,
1774 2706 1844 2737 Ma-

470 2749 561 2777 trem
579 2748 800 2786 suam,velud
816 2747 967 2786 degener
982 2750 1018 2778 et
1034 2748 1193 2786 ingratus
1210 2747 1302 2777 filius
1315 2748 1483 2778 cervicem
1495 2748 1641 2787 erigens,
1655 2749 1763 2789 ipsius
1774 2750 1845 2780 Ma-

470 2791 534 2821 tris
550 2791 657 2821 ubera
673 2792 895 2830 impudenter
911 2791 1099 2822 dilacerare
1115 2801 1184 2822 non
1200 2791 1342 2829 veritus,
1360 2791 1459 2832 cujus
1474 2792 1495 2823 J
1497 2802 1570 2830 ura,
1588 2792 1792 2832 Libertates,
1809 2795 1845 2824 et

470 2834 655 2874 Privilegia
680 2845 748 2874 pro
771 2845 871 2875 posse
895 2834 1082 2866 defendere
1106 2838 1141 2865 et
1165 2835 1378 2866 immutilata
1403 2846 1539 2866 servare
1563 2837 1731 2875 corporali
1754 2837 1847 2878 jura-
