1987 3062
630 235 976 280 omumssmrss,
1015 237 1116 270 ΕΤΟ.
1548 228 1637 269 163

104 341 177 368 AD·
255 343 393 374 firmiter
408 343 630 384 injungentes,
648 344 817 384 quatinus,
836 342 960 374 vocatis
975 342 1010 372 in
1027 341 1087 372 hac
1106 344 1198 380 parte
1214 341 1256 371 de
1271 341 1345 381 jure
1360 341 1524 380 vocandis,
1538 352 1639 381 super

104 376 206 433 1334'5'
254 387 409 417 omnibus
425 391 459 417 et
475 387 614 426 singulis
630 388 662 417 in
681 387 778 417 dictis
797 386 916 417 Literis
934 385 1132 425 Apostolicis
1156 384 1322 415 contentis
1339 388 1373 414 et
1389 385 1562 424 suggestiS,
1580 395 1639 424 per

108 442 148 467 11.
163 429 168 434 '
255 431 340 460 viros
358 431 540 469 fidedignos
558 431 740 470 pleniorem
764 430 920 460 noticiam
938 430 972 459 in
991 429 1051 458 hac
1076 432 1169 467 parte
1193 428 1393 467 optinentes,
1411 438 1520 458 coram
1547 428 1638 459 vobis

257 474 290 504 in
319 475 424 504 forma
450 474 534 514 juris
557 474 696 514 juratos,
722 484 780 513 pro
803 473 956 512 congruis
983 473 1052 502 loco
1076 475 1110 502 et
1135 475 1293 511 tempore,
1312 471 1489 511 inquiratis
1506 472 1637 511 plenius

258 518 442 548 veritatem.
490 517 541 547 Ad
563 528 628 557 que
646 517 803 556 premissa
822 517 972 547 facienda
997 515 1088 545 vobis
1113 518 1227 545 tenore
1252 515 1463 545 Presencium
1483 515 1636 546 commit-

257 561 360 590 timus
378 561 463 591 vices
486 564 626 598 nostras,
647 561 750 590 donec
766 570 819 590 eas
837 560 881 589 ad·
894 570 954 590 nos
978 559 1174 589 duxerimus
1198 558 1406 596 revocandas,
1424 568 1501 588 cum
1525 558 1636 598 cujus-

257 604 340 634 libet
355 604 556 634 cohercionis
573 604 737 635 Canonice
762 606 937 642 potestate.
989 603 1034 632 Et
1057 602 1138 641 quid
1163 602 1306 631 feceritis
1325 602 1358 632 in
1376 601 1544 641 premissis
1568 612 1637 641 nos,

259 647 453 687 hujusmodi
477 647 611 686 negocio
634 647 799 685 expe-lito,
824 657 901 676 cum
927 657 983 685 per
1008 650 1136 685 partem
1161 645 1327 676 dictorum
1361 645 1636 684 parochianorum

258 691 389 721 fueritis
406 701 548 730 congrue
564 691 727 731 requisiti,
745 690 932 720 certificetis
948 699 1006 729 per
1023 689 1151 719 Literas
1168 691 1293 719 vestras
1310 689 1447 726 clausas,
1468 688 1586 718 harum
1604 692 1639 719 et

259 734 366 764 tocius
389 734 469 764 facti
492 734 619 772 seriem,
644 745 681 763 ac
704 733 839 763 nomina
863 736 897 763 et
920 732 1115 772 cognomina
1138 742 1253 762 eorum
1271 743 1328 772 per
1344 742 1427 772 quos
1445 731 1639 771 hujusmodi

259 777 438 817 Inquisicio
454 780 550 816 capta
566 777 679 814 fuerit,
699 777 854 816 dictaque
878 779 912 806 et
935 776 1158 816 deposiciones
1175 776 1354 805 eorundem
1373 775 1518 805 dilucide
1534 776 1638 806 conti-

259 824 386 856 nentes,
406 821 512 857 sigillo
534 821 705 851 autentico
730 820 1089 859 consignatas-Data
1112 819 1147 849 in
1173 819 1329 858 Hospicio
1346 822 1459 848 nostro
1486 819 1636 850 London-

258 865 350 902 iensi,
374 863 477 904 xiiijt0
500 864 553 894 die
577 864 699 894 mensis
723 864 846 901 Marcii,
873 864 971 894 Anno
990 862 1134 899 Domini,
1163 861 1431 902 ete.,lxxxiiij10,
1456 865 1491 892 et
1515 862 1635 893 Conse-

259 908 414 938 cracionis
431 911 543 938 nostre
558 907 759 947 supradicto.

217 971 539 1007 157.—Man(latum
562 972 606 1002 ad
629 970 893 1003 demandandum
921 970 1096 1001 Iohannem
1132 969 1255 1009 A‘ztbrey
1282 973 1642 1010 excommunicatum,—

260 1016 412 1054 Thomas,
444 1019 516 1052 ete„
548 1015 722 1055 cujusdam
755 1015 930 1046 Sentencie
960 1014 1137 1044 diffinitive
1162 1014 1195 1044 in
1224 1015 1369 1054 quadam
1396 1014 1640 1054 Appellacionis

261 1059 367 1089 Causa
382 1069 480 1098 super
505 1059 708 1089 Canonicatu
727 1062 760 1089 et
777 1058 950 1089 prebenda
966 1058 1000 1088 in
1019 1057 1162 1088 Ecclesia
1185 1060 1299 1087 nostra
1325 1057 1506 1096 Collegiata
1523 1058 1638 1089 Sancti

263 1102 398 1141 Thome,
416 1103 571 1137 Martii-is,
595 1102 636 1132 de
661 1103 851 1139 GLASENEY,
875 1102 908 1132 in
934 1101 1110 1138 Cornubia,
1129 1111 1212 1140 quos
1236 1101 1393 1140 Magister
1417 1101 1541 1139 Symon
1558 1102 1639 1143 Wy-

263 1145 388 1184 thyelle
404 1146 533 1176 dudum
551 1146 632 1176 dum
650 1145 735 1176 vixit
753 1145 901 1175 obtinuit
917 1145 951 1175 in
968 1145 1092 1181 eadem,
1111 1145 1151 1174 ad
1169 1144 1289 1175 Sedem
1303 1145 1527 1184 Apostolicam
1540 1146 1637 1176 devo-

262 1189 342 1227 luta,
359 1189 448 1219 inter
465 1189 660 1228 Magistrum
677 1189 865 1219 Johannem
883 1189 1071 1225 Mattecote,
1090 1188 1223 1218 Partem
1241 1188 1473 1227 appellantem,
1491 1199 1532 1219 ex
1546 1194 1640 1229 parte

264 1243 340 1269 una,
356 1235 391 1263 et
407 1233 575 1272 quendam
599 1232 781 1262 Dominum
805 1231 994 1263 Johannem
1018 1231 1163 1271 Aubrey,
1182 1231 1414 1271 presbiterum,
1432 1235 1545 1262 nostre
1562 1233 1638 1263 Dio·

263 1275 344 1305 cesis
360 1285 395 1306 se
411 1275 589 1313 dicentem,
609 1275 743 1305 Partem
761 1275 960 1314 appellatam
978 1285 1017 1304 ex
1035 1274 1149 1308 altera,
1166 1274 1255 1314 apud
1273 1275 1410 1304 eandem
1429 1275 1548 1305 Sedem
1566 1276 1639 1307 diu-

263 1319 332 1349 cius
350 1318 518 1357 ventilata,
536 1318 599 1348 rite
616 1322 650 1348 et
667 1318 814 1358 legitime
831 1318 906 1356 late,
924 1328 991 1348 una
1015 1328 1089 1348 cum
1115 1318 1233 1347 ceteris
1250 1318 1371 1348 nostris
1389 1317 1542 1357 Collegis,
1562 1330 1638 1350 cum

263 1363 319 1392 illa
342 1362 705 1401 clausula,—quatinus
721 1372 788 1398 vos,
813 1361 880 1391 duo
904 1364 964 1391 aut
988 1371 1075 1390 unus
1100 1363 1258 1399 vestrum,
1276 1371 1334 1400 per
1358 1371 1425 1399 vos,
1444 1361 1557 1400 alium,
1581 1373 1639 1393 seu

262 1405 565 1443 alios‚—Execut01·
575 1415 594 1435 a
606 1405 695 1435 dicta
712 1405 796 1435 Sede
809 1405 956 1443 legitime
969 1405 1161 1443 deputatus,
1174 1404 1426 1434 venerabilibus
1442 1409 1476 1435 et
1489 1405 1639 1437 discretis

261 1449 347 1486 viris,
373 1449 527 1478 omnibus
552 1451 583 1478 et
610 1448 748 1485 singulis
773 1447 970 1485 Abbatibus,
996 1447 1176 1484 Prioribus,
1204 1447 1353 1485 DecaniS,
1379 1448 1638 1488 Archidiaconis‚

263 1492 426 1525 Plebanis
445 1491 633 1531 prepositis,
653 1491 872 1522 Ecclesiarum
899 1490 1094 1521 Rectoribns
1111 1493 1146 1521 et
1162 1490 1298 1521 Vicariis
1322 1491 1507 1530 Perpetuis,
1525 1502 1562 1523 ac
1580 1493 1638 1524 Ca-

261 1535 408 1575 pellanis,
425 1535 550 1565 curatis
566 1538 599 1564 et
617 1545 682 1564 non
699 1535 832 1573 curatis,
850 1544 977 1564 necnon
1001 1534 1248 1564 Tabellionibus
1271 1537 1306 1564 et
1329 1534 1476 1565 Notariis
1494 1535 1640 1567 Publicis

261 1579 528 1618 quibuscumque
546 1588 603 1618 per
628 1578 806 1609 Cantuarie
823 1581 856 1608 et
874 1576 1012 1607 Eboraci
1036 1577 1234 1615 Provincias,
1253 1577 1406 1615 salutem,
1427 1579 1579 1617 graciam,
1605 1583 1639 1610 et

260 1621 536 1657 benediccionem,
555 1625 588 1651 et
605 1621 773 1652 Mandatis
796 1621 928 1658 nostris,
945 1631 1023 1660 ymo
1047 1621 1157 1650 verius
1180 1620 1387 1659 Apostolicis,
1406 1620 1546 1652 firmiter
1562 1622 1637 1653 obe-

258 1665 338 1695 dire.
389 1665 472 1696 Cum
503 1675 560 1704 per
588 1665 798 1695 Documenta
826 1664 975 1703 legitima
1002 1675 1041 1694 ex
1068 1667 1160 1703 parte
1187 1664 1269 1694 dicti
1297 1664 1449 1704 Magistri
1475 1665 1639 1697 Johannis

257 1708 351 1738 nobis
368 1708 515 1738 exhibita
533 1710 567 1738 et
584 1711 724 1746 ostensa,
744 1708 910 1748 prefatum
935 1707 1116 1737 Dominum
1140 1707 1161 1737 J
1164 1707 1328 1737 ohannem
1348 1708 1493 1748 Aubrey,
1511 1709 1636 1749 presbi-

257 1754 367 1781 terum
385 1754 588 1791 pretensum,
606 1754 740 1791 propter
756 1751 860 1791 ipsius
877 1751 1016 1781 offensas
1033 1750 1226 1780 manifestas
1243 1751 1277 1781 in
1294 1761 1360 1781 non
1379 1752 1524 1790 parendo
1548 1753 1637 1784 dicte

256 1795 432 1825 diffinitive
456 1795 630 1825 Sentencie
653 1797 849 1831 contractas,
876 1804 934 1833 per
957 1797 1062 1824 certos
1086 1794 1342 1824 subexecutores
1366 1798 1497 1825 nostros
1519 1796 1554 1826 in
1578 1796 1638 1827 hac

256 1841 350 1877 parte
366 1838 514 1878 legitime
531 1838 710 1878 deputatos
727 1837 862 1878 Majoris
887 1837 1251 1868 Excommunicacionis
1269 1838 1490 1877 Sentenciam,
1507 1839 1542 1869 in
1559 1840 1638 1870 Pro-

255 1881 400 1912 cessibus
417 1881 538 1912 nostris
555 1891 655 1921 super
670 1881 866 1912 execucione
883 1881 1058 1911 Sentencie
1076 1881 1270 1921 hujusmodi
1295 1891 1353 1920 per
1376 1891 1435 1911 nos
1452 1882 1516 1912 rite
1540 1882 1637 1914 factis

255 1924 367 1963 latam,
384 1924 571 1962 incurrisse,
591 1925 625 1955 in
644 1925 783 1955 eandem
800 1924 953 1955 incidisse
970 1924 1040 1954 fore
1057 1927 1091 1954 et
1107 1934 1176 1954 esse
1192 1924 1340 1964 legitime
1356 1925 1571 1965 declaratum,
1589 1927 1635 1966 ip-

254 1978 391 2008 samque
424 1967 789 1998 Excommunicacionis
813 1967 1022 1998 Sentenciam
1047 1978 1105 2007 per
1128 1977 1194 1998 non
1219 1978 1321 2007 pauca
1353 1971 1503 2008 tempora
1525 1970 1637 2001 animo

254 2011 452 2042 sustinuisse
469 2014 592 2041 temere
609 2011 776 2049 indurato,
794 2011 897 2041 fuerit
914 2014 947 2041 et
964 2011 1008 2041 sit
1024 2011 1119 2041 nobis
1135 2011 1300 2041 sufficiens
1317 2011 1405 2042 facta
1421 2012 1502 2042 fides
1519 2023 1526 2051 ;
1544 2014 1635 2044 vobis

253 2055 497 2085 committimus
529 2057 563 2085 et
593 2055 801 2092 mandamus,
834 2054 974 2084 firmiter
1004 2054 1230 2094 injungentes,
1269 2055 1428 2094 quatinus
1466 2056 1634 2095 prefatum

254 2098 435 2128 Dominum
459 2098 647 2128 Johannem
672 2098 807 2137 Aubrey
832 2098 921 2128 dicta
946 2097 1080 2138 Majoris
1104 2098 1470 2129 Excommunicacionis
1494 2099 1633 2131 Senten-

252 2141 300 2171 cia
316 2141 418 2172 fuisse
435 2144 469 2172 et
485 2151 554 2172 esse
571 2142 780 2180 innodatum,
799 2141 887 2171 infra
903 2141 1077 2171 Missarum
1104 2141 1297 2181 solempnia,
1316 2151 1391 2172 cum
1417 2142 1524 2182 major
1548 2143 1635 2174 Cleri

253 2187 288 2215 et
314 2185 429 2225 populi
456 2184 564 2215 aderit
590 2184 786 2223 multitude,
816 2184 947 2224 publice
976 2184 1151 2222 nuncietis,
1177 2187 1211 2214 et
1234 2184 1361 2214 faciatis
1384 2185 1426 2215 ab
1449 2186 1521 2216 aliis
1544 2196 1635 2217 more

253 2227 353 2257 simili
370 2228 520 2258 nunciari
535 2238 542 2265 3
559 2238 577 2258 a
593 2228 852 2258 denunciacione
865 2227 1061 2267 hujusmodi
1078 2237 1143 2257 non
1157 2230 1322 2257 cessantes
1338 2238 1512 2268 quousque
1523 2229 1635 2261 dictus

252 2271 416 2302 Dominus
433 2271 608 2302 diffinitive
626 2271 801 2302 Sentencie
824 2274 1006 2301 memorate
1030 2271 1179 2310 paruerit
1192 2270 1225 2300 in
1243 2270 1380 2309 singulis
1405 2281 1481 2302 cum
1498 2272 1631 2312 effectu,

251 2324 270 2343 a
293 2314 448 2355 dictaque
476 2314 840 2345 Excommunicacionis
869 2314 1046 2345 Sentencia
1073 2313 1106 2344 in
1135 2313 1241 2344 forma
1270 2313 1355 2353 juris
1379 2314 1564 2346 obtinuerit
1598 2327 1633 2347 se

253 2356 388 2388 absolvi.
437 2358 482 2388 Et
509 2358 591 2397 quid
623 2357 657 2388 in
685 2357 853 2398 premissis
881 2357 1054 2396 duxeritis,
1085 2367 1142 2387 seu
1174 2356 1293 2396 aliquis
1320 2359 1469 2388 vestrum
1498 2359 1634 2392 duxerit

101 2396 148 2422 ¹⁶⁰¹·
256 2400 455 2439 faciendum,
473 2411 542 2438 nos,
559 2411 635 2431 cum
652 2411 712 2440 per
727 2403 857 2440 partem
873 2400 954 2430 dicti
970 2398 1124 2439 Magistri
1137 2400 1157 2431 J
1161 2399 1300 2430 ohannis
1312 2399 1444 2431 fueritis
1460 2412 1560 2442 super
1572 2403 1633 2435 hoc

255 2453 397 2483 congrue
419 2444 583 2484 requisiti,
609 2454 666 2474 seu
694 2444 814 2484 aliquis
841 2450 990 2474 vestrum
1018 2443 1121 2473 fuerit
1148 2443 1338 2483 requisitus,
1363 2444 1551 2476 certificetis
1575 2457 1633 2486 per

254 2490 389 2525 vestras,
412 2497 470 2518 seu
495 2487 614 2518 saltem
636 2487 797 2518 certificet
821 2487 876 2517 ille
900 2490 1048 2516 vestrum
1074 2486 1131 2526 qui
1156 2496 1289 2526 presens
1314 2486 1511 2519 Mandatum
1528 2489 1632 2522 fuerit

254 2533 412 2560 executus
440 2541 498 2570 per
527 2540 612 2569 suas,
641 2531 768 2561 Literas
798 2533 960 2569 patentes,
985 2529 1103 2559 harum
1135 2529 1263 2569 seriem,
1297 2539 1334 2559 ac
1365 2530 1632 2564 denunciacionis

254 2575 360 2603 vestre
377 2583 434 2603 seu
451 2584 510 2604 sue
532 2573 727 2613 hujusmodi
750 2574 889 2604 modum
913 2576 947 2603 et
971 2573 1111 2603 formam
1135 2572 1354 2611 continentes,
1371 2573 1479 2614 sigillo
1495 2580 1631 2608 aucten-

252 2615 317 2646 tico
333 2617 725 2656 consignatas-Datum
744 2616 823 2655 (sic).
