1987 3062
409 263 503 304 512
629 274 732 306 THE
756 274 997 307 REGISTER
1020 274 1080 306 or
1103 274 1285 308 BISHOP
1308 275 1707 311 BRANTYNGHAM.

407 373 482 415 A·D·
558 376 740 415 tegraliter
763 376 945 416 completo,
969 377 1025 407 vel
1049 377 1159 407 eciam
1183 387 1253 408 non
1277 378 1459 417 completo,
1484 379 1596 418 possis
1620 379 1664 410 ad
1689 379 1877 410 Civitatem
1901 381 1936 410 et

407 407 509 465 ιν30813ῗ·
558 420 732 451 Diocesim
757 421 958 461 hujusmodi
983 421 1208 451 Visitacionis
1234 431 1339 452 causa
1361 422 1469 453 libere
1493 423 1616 462 redire,
1641 423 1843 463 priusquam
1867 423 1934 454 alie

503 460 509 466 ⁶
559 464 727 495 Civitates
752 467 787 495 et
813 465 975 495 Dioceses
1002 465 1093 495 dicte
1119 465 1310 503 Provincie,
1337 467 1392 496 vel
1417 468 1487 505 tua,
1515 467 1628 497 denuo
1658 467 1695 497 in
1720 469 1794 498 toto
1818 468 1874 497 vel
1898 467 1934 497 in

558 511 658 547 parte
674 519 736 548 per
751 510 786 539 te
803 509 936 539 fuerint
951 509 1108 546 visitate;
1126 509 1292 549 quodque,
1306 513 1491 550 postquam
1506 511 1700 549 predictam
1713 511 1933 542 Provinciam

558 552 595 582 in
618 555 692 583 toto
709 553 763 583 vel
786 553 823 582 in
845 555 945 592 parte
969 553 1176 592 visitaveris,
1201 556 1240 583 ut
1263 553 1451 593 prefertur,
1468 555 1533 584 tibi
1556 555 1660 585 liceat
1683 555 1933 586 Visitacionem

557 597 752 635 predictam
782 607 845 636 per
875 597 1022 627 eandem
1053 597 1180 627 iterare
1205 598 1434 636 Provinciam,
1463 598 1770 638 Suffraganeorum
1794 601 1934 629 tuorum

558 641 701 671 consilio
718 641 862 671 minime
878 641 1054 681 requisito,
1072 651 1136 671 nec
1153 642 1362 672 diffinicione
1379 645 1441 672 tua
1465 653 1568 682 super
1591 643 1655 673 hoc
1679 644 1794 683 aliqua
1816 653 1933 683 prece-

557 684 680 722 dente3
706 687 741 715 et
765 685 856 725 quod
878 685 1144 724 procuracioues
1168 686 1233 715 tibi
1258 686 1393 716 debitas
1425 686 1468 716 ab
1494 687 1667 725 Ecclesiis,
1700 687 1932 726 Monasteriis‚

556 728 665 767 Locis,
683 731 718 758 et
735 729 896 760 Personis
920 729 1038 760 taliter
1061 729 1212 760 visitatis
1236 730 1379 769 perinde
1403 731 1539 770 integre
1555 731 1666 770 possis
1689 731 1875 770 percipere,
1894 740 1934 761 ac

556 773 585 802 si
608 773 645 803 in
668 773 882 803 Visitacione
905 773 1105 813 hujusmodi
1130 774 1286 803 debitum
1311 774 1467 804 ordinem
1492 775 1720 813 observasses,
1745 775 1858 805 felicis
1881 785 1932 805 re-

555 817 770 847 cordacionis
786 817 987 848 Innocencii
1004 818 1097 857 Pape
1115 817 1246 856 Quarti,
1265 818 1522 849 Predecessoris
1546 819 1666 857 nostri,
1684 822 1719 849 et
1743 819 1820 849 aliis
1845 819 1931 849 Con-

555 861 800 891 stitucionibus
832 861 1015 892 contrariis
1045 872 1263 901 nequaquam
1290 862 1519 901 obstantibus,
1554 863 1781 893 Fraternitati
1806 865 1875 901 tue,
1903 863 1932 893 si

555 905 697 936 evidens
719 905 855 936 utilitas
879 908 940 935 aut
964 906 1154 936 necessitas
1177 906 1213 935 id
1237 909 1409 945 exposcat,
1428 917 1531 946 super
1548 918 1613 946 quo
1638 909 1735 937 tuam
1756 907 1930 937 conscien-

555 949 645 979 ciam
662 959 857 988 oneramus,
875 950 1083 980 auctoritate
1104 950 1327 980 Presencium
1351 950 1583 989 indulgemus.
1630 951 1736 989 Nulli,
1754 961 1835 990 ergo
1860 961 1931 981 om-

554 993 637 1023 nino
654 993 845 1032 hominum,
864 994 1068 1024 etc—Data
1093 994 1210 1032 Rome,
1228 995 1320 1033 apud
1346 994 1513 1024 Sanctum
1538 995 1691 1033 Petrum,
1709 1005 1730 1024 x
1754 995 1932 1025 Kalendas

555 1037 766 1076 Decembris,
784 1038 1013 1068 Pontificatus
1029 1038 1139 1068 nostri
1156 1038 1258 1068 Anno
1275 1039 1396 1078 quinto
1411 1037 1471 1078 [22
1485 1037 1930 1078 Nov.,1382].——Volentes,

555 1081 734 1121 siquidem,
755 1082 865 1112 nostri
890 1082 1135 1121 Metropolitici
1153 1082 1263 1112 Officii
1287 1083 1454 1121 debitum,
1473 1086 1577 1122 prout
1593 1084 1637 1113 ad
1653 1083 1689 1113 id
1714 1084 1755 1113 de
1778 1083 1855 1123 jure
1880 1093 1931 1113 as-

554 1126 751 1165 tringimur,
763 1126 936 1156 efficacius
953 1136 1019 1165 quo
1035 1126 1237 1165 poterimus,
1254 1126 1408 1166 ipsarum
1425 1127 1556 1158 viribus
1573 1128 1769 1158 Literarum
1788 1127 1931 1165 suffulti,

555 1170 686 1209 exequi,
714 1170 803 1200 sicut
830 1171 948 1207 decet3
973 1170 1264 1210 attendentesque
1290 1171 1375 1201 utile
1402 1171 1477 1201 fore
1504 1173 1543 1201 ut
1569 1181 1589 1201 a
1613 1171 1739 1201 vestris
1765 1171 1930 1209 Ecclesia,

556 1213 717 1251 Civitate,
745 1216 780 1244 et
812 1214 948 1244 Diocesi
977 1214 1230 1244 Exoniensibus
1261 1215 1512 1245 Visitacionem
1544 1217 1699 1246 nostram
1730 1215 1931 1255 hujusmodi

555 1258 846 1297 Metropoliticam
863 1258 1085 1295 inchoemus3
1111 1259 1339 1288 Fraternitati
1356 1262 1471 1289 vestre
1488 1262 1608 1289 tenore
1632 1259 1855 1290 Presencium
1880 1259 1930 1288 iu-

400 1303 445 1344 sol,
554 1303 721 1333 tiniamus
738 1303 828 1342 quod
844 1313 907 1332 nos
924 1303 1113 1332 Personam
1129 1306 1283 1333 vestram
1307 1305 1342 1332 et
1367 1303 1559 1333 Ecclesiam
1582 1306 1736 1334 vestram
1760 1303 1930 1333 Exonien-

400 1337 475 1362 11³b·
556 1357 638 1384 scm,
670 1347 846 1386 ipsiusque
873 1347 1052 1376 Dccanum
1078 1349 1113 1376 et
1140 1346 1349 1385 Capitulum,
1378 1347 1517 1377 Clerum
1549 1350 1583 1377 et
1616 1347 1785 1387 Populum
1816 1348 1931 1377 vestre

555 1391 719 1428 Diocesis,
736 1391 813 1431 jure
832 1391 1095 1430 Metropolitico,
1113 1390 1254 1421 favente
1266 1391 1423 1429 Domino,
1438 1402 1499 1430 per
1512 1402 1585 1429 uos,
1597 1391 1931 1422 seuCommissarios

555 1438 690 1465 nostros
716 1435 743 1465 si
766 1434 938 1465 fuerimus
961 1435 1192 1474 personaliter
1207 1435 1375 1474 impediti,
1392 1436 1617 1475 proponimus
1641 1436 1793 1466 visitare.
1842 1435 1929 1473 Quo·
1979 1435 1987 1467 Ξ·

554 1480 646 1509 circa
662 1479 831 1516 volumus,
849 1482 884 1509 et
908 1479 1015 1517 vobis,
1033 1479 1068 1508 in
1092 1479 1222 1509 virtute
1248 1479 1456 1509 Obediencie
1480 1490 1547 1519 qua
1571 1480 1724 1510 Ecclesie
1749 1479 1930 1509 Cantuari-
1975 1474 1987 1490 ⁷²

554 1524 628 1553 ensi
640 1524 723 1553 estis
737 1523 881 1560 astricti,
900 1523 1047 1553 firmiter
1062 1523 1287 1563 injungendo,
1302 1524 1509 1554 mandamus
1533 1524 1707 1563 quatinus,
1724 1524 1789 1553 hoc
1805 1523 1931 1553 vestris
1971 1531 1987 1555 Ῑτ

555 1568 702 1598 subditis
719 1568 924 1597 intimantes
942 1577 1001 1597 seu
1018 1567 1174 1598 intimari
1198 1567 1379 1606 facientes,
1396 1569 1636 1606 premuniatis,
1655 1578 1715 1598 seu
1738 1567 1930 1607 premuniri
1971 1556 1987 1610 Ξ

553 1612 702 1649 faciatis,
721 1612 869 1649 eosdem,
888 1612 977 1651 quod
996 1621 1031 1641 se
1048 1621 1233 1650 preparare
1252 1612 1415 1641 studeant
1439 1612 1483 1641 ad
1499 1612 1529 1642 V
1532 1612 1749 1642 isitacionem
1773 1614 1929 1641 nostram

553 1656 763 1695 hujusmodi,
782 1656 972 1686 secundum
991 1655 1198 1685 Sancciones
1216 1655 1418 1693 Canonicas,
1437 1656 1662 1686 subeundam.
1710 1655 1930 1693 Denunciari,

553 1703 681 1738 autem,
699 1700 838 1730 faciatis
855 1700 1015 1729 omnibus
1032 1700 1088 1739 qui
1105 1700 1141 1728 in
1166 1700 1259 1729 dicta
1277 1699 1427 1730 Civitate
1451 1702 1485 1730 et
1511 1700 1646 1730 Diocesi
1670 1700 1853 1737 Ecclesias‚
1871 1709 1932 1729 seu
1971 1703 1981 1731 ἲ

555 1745 789 1775 Ecclesiarum
808 1744 1001 1781 Porciones,
1014 1746 1179 1783 tanquam
1198 1744 1439 1782 appropriatas
1457 1744 1624 1782 detinent,
1637 1745 1738 1783 quive
1754 1744 1789 1773 iu
1807 1743 1929 1773 alienis
1968 1739 1979 1778 ξ’

555 1789 718 1818 Ecclesiis
735 1791 795 1817 aut
813 1788 990 1818 Parochiis
1007 1788 1194 1818 Pensiones
1209 1788 1261 1817 vel
1280 1788 1463 1818 Porciones
1480 1789 1612 1828 aliquas
1628 1788 1824 1827 percipiunt
1841 1787 1929 1817 deci·
1967 1783 1979 1813 ἶ

553 1843 699 1869 marum,
725 1832 926 1871 Capellasve
953 1842 1013 1862 seu
1040 1831 1199 1861 Oratoria
1224 1831 1319 1861 infra
1343 1832 1472 1862 limites
1498 1833 1645 1872 alicujus
1670 1832 1846 1869 Parochie,
1872 1831 1927 1860 vel
1968 1831 1975 1857 .’

552 1877 638 1907 alias
662 1877 960 1916 qualitercumque
986 1886 1020 1905 se
1045 1876 1173 1905 habere
1198 1876 1494 1914 pretendentibus,
1519 1877 1555 1906 in
1579 1876 1702 1916 quibus
1727 1876 1854 1906 Divina
1876 1875 1927 1904 fa-

552 1921 649 1950 ciunt
673 1920 860 1957 celebrari,
885 1930 1030 1957 necnon,
1047 1920 1219 1949 universis
1244 1920 1457 1958 Rectoribus,
1474 1920 1633 1958 Vicariis,
1651 1922 1685 1950 et
1709 1920 1927 1960 quibuscum-

552 1975 616 2004 que
634 1965 711 1995 aliis
729 1964 902 1994 Beneficia
920 1963 1164 1993 Ecclesiastica
1187 1964 1425 2002 optinentibus
1449 1964 1721 2003 qualiacumque,
1739 1964 1830 2003 quod
1852 1965 1925 1993 tam

553 2009 733 2046 Ecclesias,
767 2008 951 2038 Porciones
983 2007 1217 2037 Ecclesiarum
1249 2017 1309 2037 seu
1340 2008 1449 2037 eciam
1483 2008 1695 2038 deeimarum
1726 2006 1926 2048 hujusmodi
1963 2007 1966 2009 ’

551 2056 712 2083 tenentes
738 2055 773 2082 et
798 2052 1039 2091 percipientes,
1068 2061 1203 2081 necnon
1236 2051 1394 2090 Capellas
1419 2055 1454 2082 et
1481 2052 1640 2082 Oratoria
1665 2051 1865 2092 hujusmodi
1890 2060 1925 2081 se
1962 2074 1964 2077 .

551 2098 678 2127 habere
703 2097 867 2134 dicentes,
884 2096 949 2135 jus,
968 2096 995 2125 si
1020 2096 1110 2134 quod
1134 2096 1285 2125 habeant
1311 2106 1413 2134 super
1437 2096 1514 2133 illis,
1540 2106 1642 2135 quam
1668 2097 1842 2134 Rectores,
1866 2095 1923 2125 Vi-

551 2142 644 2176 carii,
662 2152 702 2171 ac
719 2141 776 2170 alii
796 2140 1007 2177 Beneficiati,
1026 2140 1146 2169 titulos
1164 2150 1252 2177 suos,
1271 2140 1393 2179 quibus
1412 2141 1646 2170 mediantibus
1668 2140 1840 2170 Ecclesias
1864 2140 1924 2169 aut
1957 2145 1962 2168 ’.
1985 2170 1987 2177 Α

552 2186 725 2215 Beneficia
749 2184 947 2224 hujusmodi
972 2184 1103 2214 suerint
1132 2184 1291 2222 assecuti,
1321 2184 1348 2213 si
1376 2184 1536 2214 fortassis
1560 2185 1710 2223 plurales
1734 2183 1922 2221 extiterint,
1955 2179 1987 2209 Σ)

551 2229 868 2268 Dispensacionem,
887 2229 1035 2267 siquam
1060 2228 1211 2257 habeant
1228 2228 1263 2257 in
1288 2238 1327 2257 ea
1352 2235 1450 2267 parte
1476 2228 1696 2266 Canonicam,
1715 2238 1803 2265 cum,
1821 2236 1924 2257 causa
1956 2224 1959 2233 ³
1985 2228 1987 2243 ²

550 2273 774 2303 Visitacionis
798 2272 997 2312 hujusmodi
1023 2272 1241 2309 excerccnslc,
1259 2282 1320 2310 per
1344 2282 1405 2302 nos
1422 2272 1476 2302 vel
1502 2272 1765 2302 Commissarios
1788 2274 1924 2301 nostros
1957 2270 1967 2278 '⁴

550 2319 609 2347 fiet
627 2318 795 2347 transitus
812 2327 873 2355 per
890 2317 1038 2353 eosdem,
1057 2316 1177 2345 diebus
1194 2318 1228 2345 et
1246 2316 1328 2345 locis
1353 2326 1414 2354 per
1438 2316 1523 2345 alias
1548 2317 1683 2346 Literas
1707 2318 1844 2345 nostras
1868 2315 1921 2344 de·
1948 2315 1958 2347 ·’.

550 2362 729 2399 signandis
754 2371 816 2400 pro
842 2361 991 2390 termino
1016 2360 1259 2398 peremptorio,
1286 2362 1320 2389 et
1347 2360 1409 2389 sub
1434 2370 1524 2399 pena
1550 2360 1646 2400 juris,
1676 2370 1791 2389 coram
1816 2359 1922 2396 nobis,
1947 2374 1953 2381 -

550 2411 610 2436 aut
628 2405 883 2435 Commissariis
900 2404 1037 2441 nostris,
1055 2404 1252 2441 exhibeant,
1271 2404 1446 2442 detegant,
1464 2406 1498 2433 et
1523 2404 1719 2434 ostendant.
1774 2404 1828 2441 Et,
1846 2402 1924 2441 quia

549 2451 592 2480 ad
611 2449 854 2479 Cathedraleni
873 2448 1063 2477 Ecclesiam
1081 2450 1233 2477 vestram
1258 2447 1487 2477 Exoniensem
1504 2448 1697 2486 predictam
1714 2447 1922 2477 visitandam

549 2495 603 2524 (lie
621 2494 716 2522 Lune
734 2492 882 2522 secunde
901 2492 1100 2521 Ebdomade
1113 2492 1226 2528 XLffle,
1241 2491 1402 2521 videlicet
1419 2492 1567 2530 septimo
1585 2492 1637 2521 die
1656 2492 1785 2521 mensis
1803 2488 1920 2520 Marcii

548 2538 704 2577 proximo
728 2536 848 2573 futuri,
874 2536 1087 2565 intendimus
1112 2535 1295 2572 declinare,
1314 2536 1404 2564 circa
1429 2535 1615 2564 Personam
1641 2538 1793 2565 vestram
1820 2536 1854 2564 et
1874 2533 1920 2562 di-

548 2583 656 2612 lectos
687 2581 785 2618 filios,
819 2581 997 2610 Decanum
1029 2582 1063 2609 et
1100 2578 1299 2617 Capitulum
1330 2582 1444 2608 vestre
1484 2579 1636 2609 Ecclesie
1667 2579 1852 2615 antedicte,
1883 2585 1922 2606 ac

548 2628 681 2656 ceteras
699 2625 868 2654 Personas
887 2624 1043 2663 ejusdem
1061 2633 1125 2662 que
1143 2623 1348 2653 Visitacioni
1366 2625 1483 2652 nostre
1500 2623 1667 2653 interesse
1692 2625 1857 2653 tenentur
1880 2620 1919 2650 de

548 2669 798 2700 consuetudine
830 2668 883 2697 vel
916 2668 957 2697 de
989 2667 1075 2707 jure,
1109 2677 1187 2696 cum
1227 2667 1490 2696 continuacione
1532 2667 1665 2696 dierum
1702 2665 1920 2706 sequencium

548 2716 665 2744 nostre
682 2712 908 2743 Visitacionis
926 2711 1084 2741 Officium
1101 2711 1302 2750 impensuri,
1318 2715 1436 2740 tenore
1454 2711 1676 2741 Presencium
1693 2707 1920 2750 peremptorie

548 2768 609 2788 vos
626 2758 785 2795 citamus,
802 2759 838 2786 et
854 2766 916 2796 per
932 2765 992 2785 vos
1010 2756 1187 2786 Decanum
1213 2756 1248 2784 et
1274 2754 1473 2793 Capitulum
1497 2755 1670 2794 predictos
1695 2757 1729 2785 et
1753 2755 1919 2784 Personas

548 2802 634 2832 alias
661 2800 861 2841 hujusmodi
889 2799 990 2830 citari
1015 2799 1247 2838 peremptorie
1272 2799 1451 2836 volumus;
1476 2801 1511 2828 et
1532 2799 1739 2828 mandamus
1762 2797 1922 2838 quatinus

548 2855 619 2885 vos,
637 2846 730 2876 dicto
754 2845 809 2876 die
834 2845 939 2883 Lune,
956 2843 1095 2884 prefati,
1112 2853 1204 2882 vero,
1231 2843 1391 2874 Deoanus
1415 2844 1451 2874 et
1476 2842 1675 2884 Capitulum
1704 2844 1738 2874 et
1762 2841 1821 2874 alii
1845 2840 1920 2872 Per-
