1987 3062
306 225 401 269 284
505 237 603 268 THE
639 237 884 270 REGISTER
920 237 978 269 OF
1014 237 1191 270 BISHOP
1226 237 1633 273 BRANTYNGHAM.

300 339 333 364 Α
342 338 373 364 D·
410 340 483 378 Quo
499 341 540 371 ad
560 342 748 372 Cantariam
767 342 889 402 Slancte
904 342 1025 372 Anne
1016 353 1050 372 m
1063 342 1207 374 Ecclesia
1219 343 1382 375 Omnium
1399 345 1599 376 Sanctorum
1613 344 1749 382 Exonie,
1767 355 1834 375 non

299 372 372 430 {730712
382 406 404 431 L
454 388 504 415 est
520 385 596 415 talis
618 385 712 416 Cant
713 384 784 415 iria
802 385 835 416 in
853 389 924 416 tota
949 386 1094 416 Civitate
1112 387 1289 417 Exoniensi
1307 389 1462 427 piediota.
1467 389 1555 419 —Et
1571 389 1617 419 sic
1636 389 1834 418 Mandatum

453 432 601 459 vestrum
628 429 1037 468 reverendum,quatenus
1061 430 1242 469 potuimus,
1270 431 1463 471 diligencius
1479 442 1596 462 sumus
1619 432 1653 462 in
1678 431 1835 462 omnibus

454 472 751 502 executi.-—Dated
769 476 804 502 at
821 472 925 511 Clyst,
945 473 984 503 18
998 473 1202 512 September.

409 525 623 575 Stapeldon
655 527 686 562 11
694 527 756 571 all,
792 526 935 563 Oxford
954 539 962 571 ;
995 527 1127 564 Libera
1150 528 1430 575 supplicatoria
1450 529 1669 566 Scolarz'um
1691 528 1834 567 Oxonie

299 576 359 604 [f0¹·
463 580 507 616 cle
554 580 783 627 Slapeldone
822 581 949 626 Halle,
982 594 1059 628 pro
1108 582 1336 619 Visitacione
1380 583 1520 620 ibidem
1557 583 1633 620 vice
1671 583 1834 620 Domini

298 609 358 634 29b.

364 611 373 640 ]
465 635 733 679 mereweda,—

409 688 612 726 Reverendo,
640 691 714 724 etc.,
750 688 886 726 Thome,
915 691 991 726 eto„
1018 689 1070 719 sui
1105 689 1249 720 humiles
1273 693 1308 721 et
1331 690 1453 728 devoti,
1477 690 1647 722 Johannes
1671 691 1831 730 Dagenet,

452 731 573 761 Rector
589 731 772 761 Scolarium
790 734 825 762 et
841 732 943 762 vestri
961 732 1097 772 Collegii
1111 733 1333 764 communiter
1350 734 1535 773 nuncupati
1549 733 1830 774 Stapeldonhalle,

450 774 586 812 Oxonie,
604 774 775 805 ‚Iohannes
792 775 986 813 Dodemore,
1013 776 1177 807 Robertus
1200 777 1379 816 Lydeford,
1406 777 1567 807 Ricardus
1592 777 1754 815 Roulond,
1779 777 1830 808 Ri-

449 818 568 848 cardus
587 818 736 855 Pestonr,
756 818 927 849 Johannes
945 819 1098 858 Hennok,
1115 819 1286 850 Johannes
1304 821 1429 860 Henry,
1447 819 1619 851 Johannes
1635 821 1727 860 Coly,
1748 821 1829 850 Mar-

451 861 541 891 tinus
556 861 800 899 Erchedeakne,
814 862 1016 892 Laurencius
1030 862 1187 903 Stephen,
1202 863 1345 894 Thomas
1360 863 1505 902 Worthe,
1523 864 1681 894 Rieardus
1707 864 1829 902 Broun,

449 904 594 935 Thomas
616 905 712 944 Fffly,
735 904 905 936 Johannes
930 905 1092 946 Skylling,
1110 907 1190 937 dicti
1217 907 1354 946 Collegii
1371 907 1526 944 Scolares,
1546 907 1647 937 vestri
1673 907 1829 937 Patrona-

448 950 513 986 tus,
539 947 773 985 obedienciam,
799 949 1099 979 etc—-Reverende
1121 950 1346 988 Pater,—Quo
1366 950 1406 980 ad
1434 950 1680 987 Visitacionem,
1702 950 1830 981 virtute

450 991 700 1022 Commissionis
732 996 841 1022 vestre
871 993 1050 1022 reverende
1082 993 1251 1032 Magistris
1287 994 1426 1023 Henrico
1460 994 1660 1034 whytefehi,
1704 994 1830 1024 Thome

450 1036 569 1072 Stmve,
587 1035 652 1065 and
670 1035 795 1065 'rhome
813 1035 898 1075 Cary
915 1035 1049 1073 directe,
1067 1035 1100 1066 in
1124 1037 1271 1066 Scolares
1287 1040 1321 1066 et
1344 1036 1528 1076 Collegium
1555 1037 1729 1076 premissos
1752 1037 1828 1076 legi-

447 1078 529 1108 time
546 1078 741 1114 faciendam,
760 1078 849 1108 dicta
867 1079 1106 1109 Commissione
1130 1090 1187 1119 per
1205 1090 1322 1110 manus
1346 1080 1426 1110 dicti
1444 1080 1590 1110 Rectoris
1607 1080 1730 1110 eisdem
1750 1081 1827 1110 libe-

447 1125 529 1159 rata,
544 1121 693 1161 prefatus
710 1122 865 1160 Magister
877 1121 1020 1152 Thomas
1038 1123 1147 1152 Stowe
1163 1123 1204 1152 ad
1219 1123 1432 1153 subeundum
1444 1122 1571 1153 dictum
1587 1133 1679 1160 onus,
1695 1126 1830 1163 propter

448 1168 554 1195 certas
570 1168 604 1195 et
620 1164 784 1204 legitimas
808 1175 931 1202 causas,
949 1175 1031 1204 quas
1049 1165 1143 1196 nobis
1168 1176 1232 1196 non
1251 1166 1376 1203 retulit,
1401 1177 1553 1205 expresse
1570 1170 1602 1196 et
1629 1167 1763 1206 penitus
1780 1177 1826 1196 re-

447 1208 576 1238 cusavit
591 1218 597 1245 ;
622 1213 655 1238 et
671 1208 725 1245 sic,
743 1218 820 1238 cum
837 1208 926 1238 dicta
943 1208 1140 1240 Commissio
1156 1209 1197 1239 de
1214 1209 1312 1240 dictis
1329 1210 1436 1240 tribus
1451 1209 1605 1249 personis,
1620 1210 1826 1250 conjunctim

447 1255 482 1282 et
498 1262 562 1281 non
581 1251 723 1290 divisim,
741 1251 959 1291 specificabat,
977 1252 1094 1292 reliqui
1106 1252 1173 1282 duo
1188 1253 1420 1283 Visitacionem
1438 1253 1621 1292 predictam
1638 1253 1743 1283 facere
1761 1264 1825 1283 non

448 1298 609 1334 poterunt
627 1305 633 1332 ;
668 1294 709 1325 de
726 1305 792 1335 quo
809 1299 919 1325 vestre
945 1295 1143 1326 Paternitati
1167 1297 1437 1326 transmisseinus
1465 1298 1544 1333 (sic)
1565 1296 1800 1326 certitudinem
1821 1308 1828 1331 ;

296 1337 352 1367 [fol.
450 1342 501 1368 set
528 1339 616 1369 dicte
647 1342 713 1368 tres
739 1349 875 1378 persone
899 1342 1043 1369 vestram
1074 1340 1324 1377 Paternitatem,
1351 1345 1451 1379 prout
1474 1343 1697 1377 asseruerunt,
1719 1340 1825 1370 reddi-

295 1372 350 1401 3⁰·]
449 1382 574 1412 derunt
589 1381 774 1420 cerciorem,
793 1381 890 1420 cujus
915 1385 1071 1421 pretextu
1089 1386 1198 1413 vestre
1212 1383 1389 1413 Sanctitati
1413 1394 1476 1413 non
1495 1383 1572 1413 inde
1595 1383 1802 1413 destinamus
1821 1393 1828 1420 ;

447 1425 488 1455 de
505 1436 571 1465 quo
588 1436 646 1455 nos
664 1425 783 1455 habere
810 1425 992 1464 dignemini
1019 1430 1201 1456 excusatos.
1253 1427 1360 1464 Unde,
1388 1427 1487 1456 Pater
1509 1426 1696 1464 reverende,
1724 1427 1826 1456 admi-

449 1472 560 1498 rantes
597 1479 698 1509 quare
726 1469 816 1499 dicta.
843 1468 1002 1498 Visitacio
1031 1470 1180 1499 nondum
1208 1470 1423 1509 adimpletur,
1454 1473 1641 1518 presentem
1679 1469 1825 1500 Literam

449 1516 557 1542 vestie
575 1512 678 1542 Reve1
682 1522 772 1542 encie
789 1511 1009 1550 destinamus,
1029 1512 1202 1542 humiliter
1217 1513 1431 1552 deprecantes
1444 1513 1614 1553 quatinus,
1633 1523 1692 1552 pro
1710 1513 1824 1553 hujus-

448 1556 537 1585 modi
552 1555 607 1585 Vis
610 1555 750 1585 itacione
766 1555 926 1593 facienda,
944 1555 1027 1586 tales
1045 1566 1172 1595 person·
1166 1567 1199 1585 is
1216 1556 1367 1587 ordinare
1381 1556 1573 1596 dignemini,
1587 1556 1645 1596 qui
1658 1554 1824 1586 execiicio-

447 1609 524 1629 nem
547 1599 797 1629 Commissionis
822 1602 930 1629 vestre
946 1599 989 1629 ad
1006 1598 1162 1629 honorem
1190 1604 1339 1630 vestrum
1357 1603 1391 1630 et
1408 1600 1545 1639 collegii
1562 1599 1729 1629 volueiint
1754 1610 1819 1639 per-

447 1642 607 1682 implere;
645 1642 850 1680 mandantes,
873 1642 1017 1682 insuper,
1043 1643 1165 1673 Sancte
1198 1641 1307 1681 Pater,
1333 1643 1462 1674 intuitu
1479 1643 1637 1677 caritatis,
1662 1646 1737 1681 etc„
1762 1643 1823 1673 De-

444 1696 525 1715 cano
542 1690 576 1715 et
593 1685 749 1725 Capitulo
764 1686 900 1723 Exonie,
919 1686 1008 1725 quod
1025 1685 1088 1724 ipsi
1105 1686 1198 1716 nobis
1217 1687 1390 1726 pecuniam
1405 1697 1461 1726 pro
1475 1691 1588 1717 nostra
1604 1686 1826 1716 subvencione

445 1729 486 1758 de
514 1729 658 1759 Ecclesia
682 1729 795 1760 Sancti
823 1729 993 1768 VVynnery
1019 1729 1078 1768 [Sl.
1102 1729 1274 1768 thnearL
1299 1730 1332 1759 in
1359 1730 1535 1761 Cornubia.
1558 1730 1652 1760 nobis
1676 1729 1824 1759 debitam

447 1772 603 1802 mandare
632 1772 823 1807 voluerint:
855 1773 925 1802 sine
952 1771 1050 1812 cujus
1068 1772 1205 1811 pecunie
1221 1773 1368 1803 subsidio
1392 1778 1426 1803 et
1450 1778 1559 1802 vestre
1576 1772 1824 1803 Dominacionis

445 1816 561 1854 gracia,
579 1815 610 1844 in
629 1815 719 1845 dicto
746 1815 890 1855 Collegio
907 1819 1017 1845 vestro
1035 1815 1143 1845 vivere
1171 1826 1235 1845 non
1263 1816 1422 1846 valemus.
1477 1816 1648 1853 Premis-sa,
1672 1816 1822 1854 Domine,

444 1858 550 1888 facere
573 1859 765 1898 dignemini,
783 1869 842 1888 nos
867 1862 993 1889 vestros
1015 1859 1216 1898 pei-humiles
1241 1859 1444 1899 respiciendo
1470 1860 1565 1889 oculo
1590 1859 1731 1898 pietatis,
1757 1870 1822 1889 non

445 1902 612 1942 capientes
629 1912 727 1940 penes
754 1912 823 1939 nos,
850 1901 877 1931 si
894 1902 1029 1941 placeat,
1058 1912 1114 1932 seu
1143 1902 1289 1942 aliquem
1317 1907 1480 1939 nostrum,
1509 1907 1666 1942 pretextu
1694 1913 1821 1933 recusa-

446 1945 548 1975 cionis
561 1945 719 1985 predicte,
737 1944 924 1983 [offensam]
936 1945 1153 1985 quovismodo
1168 1945 1351 1984 graviorem
1374 1956 1380 1983 3
1397 1950 1448 1975 set
1459 1956 1517 1975 nos
1530 1946 1696 1976 immunes
1712 1946 1745 1976 in
1762 1946 1824 1976 hac

446 1992 549 2028 parte,
565 1999 690 2018 necnon
704 1989 746 2018 ad
762 1988 1035 2018 Commissionem
1049 1991 1191 2018 vestram
1206 1989 1360 2019 omnibus
1372 1989 1577 2029 temporibus
1590 1989 1821 2028 recipiendam,

445 2035 479 2061 et
502 2031 543 2061 ad
567 2031 678 2061 omnia
704 2032 862 2071 precepta
886 2036 995 2062 vestra
1019 2032 1204 2071 peragenda
1227 2032 1432 2070 obedienter,
1453 2037 1622 2071 promptos
1646 2033 1770 2072 pariter
1789 2036 1823 2063 et

446 2078 585 2114 paratos,
612 2075 757 2105 Statutis
775 2075 896 2105 nostris
916 2075 1024 2112 salvis,
1041 2075 1124 2104 scire
1145 2075 1303 2114 dignetur
1322 2080 1431 2106 vestra
1450 2076 1634 2106 Paternitas
1653 2076 1820 2115 prelibata.

446 2118 553 2155 Quam
580 2118 637 2148 diu
659 2118 693 2148 in
716 2118 879 2158 prosperis
905 2121 1077 2148 conservet
1092 2117 1285 2148 Altissimns
1309 2119 1349 2148 ad
1372 2119 1518 2159 regimen
1547 2119 1687 2149 Ecclesie
1710 2130 1768 2149 sue
1788 2123 1822 2149 et

444 2162 546 2191 vestri
563 2161 699 2199 Collegii
722 2161 1103 2202 supradicti!—Scripta
1124 2161 1260 2199 Oxonie‚
1278 2162 1311 2192 in
1335 2163 1441 2192 Domo
1459 2167 1570 2192 nostra
1589 2162 1745 2202 predicta,
1769 2162 1822 2192 die

444 2205 580 2235 Sabbati
611 2205 762 2244 proximo
793 2208 869 2244 post
900 2205 1038 2235 Festum
1072 2205 1293 2235 Exaltacionis
1321 2207 1441 2236 Sancte
1470 2205 1585 2236 Crucis
1615 2204 1670 2245 [18
1703 2205 1820 2246 Sept.]‚

442 2247 481 2280 A
488 2249 525 2278 D.
546 2249 603 2278 M0.
610 2248 738 2279 CCCmO
755 2248 998 2288 septuagesimo
1014 2248 1168 2278 secundo.

292 2301 399 2332 [Ocm-
405 2303 668 2339 Dartmouth
658 2331 669 2349 ,
699 2302 901 2339 Dedicat-io
932 2302 1085 2350 capelle
1113 2302 1157 2338 de
1187 2302 1425 2340 Dertemuthe
1450 2310 1484 2340 et
1509 2302 1706 2341 Cimiterz'i
1731 2305 1822 2350 ejus-

310 2343 377 2360 BER.
383 2336 390 2365 ]

292 2386 353 2416 [fol
455 2358 602 2402 (lein,—

293 2421 352 2445 30b
359 2421 366 2449 ]
404 2411 657 2440 MEMORANDUM
674 2410 787 2449 quod
780 2420 812 2440 m
834 2410 930 2440 Festo
945 2410 989 2440 Tr
990 2409 1185 2440 anslacionis
1203 2410 1317 2441 Sancti
1337 2410 1500 2448 Edwardi,
1519 2410 1616 2450 Regis
1632 2414 1667 2441 et
1685 2410 1818 2441 Confes-

444 2453 534 2491 soris,
553 2453 706 2483 videlicet
723 2453 800 2492 xiijO
817 2453 869 2483 die
888 2453 1048 2491 Octobris,
1067 2455 1104 2483 A.
1115 2454 1152 2484 D.
1173 2454 1231 2484 M0.
1251 2454 1380 2484 CCC¹1¹0
1402 2451 1530 2493 lxxijd0‚
1550 2454 1711 2483 Dominus
1728 2454 1818 2483 dedi-

293 2527 304 2546 ¹
321 2529 426 2559 There
443 2539 508 2558 was
526 2528 603 2564 (and
620 2528 687 2558 still
705 2527 745 2566 is)
763 2531 798 2557 at
808 2527 865 2557 the
878 2531 948 2557 east
961 2527 1024 2557 end
1134 2538 1284 2568 suppose,
1311 2528 1500 2565 “rebuilt,’'
1546 2529 1615 2560 But
1637 2529 1730 2559 there
1753 2539 1819 2559 was

337 2571 371 2602 of
405 2570 453 2601 St.
489 2571 649 2602 Sidwell's
681 2571 804 2608 Street,
838 2571 972 2607 Exeter,
1006 2581 1024 2600 a
1134 2581 1176 2601 no
1195 2571 1342 2611 Okantry
1366 2572 1520 2607 therein;
1538 2572 1602 2602 and
1621 2572 1678 2602 the
1695 2571 1818 2611 Bishop

337 2614 462 2654 Chapel
493 2614 666 2644 dedicated
697 2617 733 2644 to
766 2612 815 2644 St.
848 2616 944 2644 Anne
975 2613 1024 2651 (to
1134 2619 1238 2645 states
1255 2615 1330 2644 that
1355 2615 1448 2645 there
1466 2625 1530 2645 was
1550 2625 1592 2645 no
1609 2615 1690 2645 such
1709 2615 1815 2645 Chan-

338 2657 445 2687 which
464 2657 678 2687 Almshouses
703 2657 966 2693 wereattached
990 2657 1023 2687 in
1134 2665 1187 2697 try
1212 2657 1244 2687 in
1269 2657 1328 2687 the
1353 2658 1488 2688 Church
1511 2658 1545 2688 of
1577 2658 1631 2688 All
1657 2657 1811 2694 Hallows,

338 2700 395 2730 the
423 2700 504 2730 time
527 2700 561 2730 of
585 2700 698 2738 Queen
732 2700 927 2738 Elizabeth).
989 2700 1023 2730 It
1132 2711 1168 2730 or
1180 2701 1354 2740 anywhere
1371 2701 1436 2731 else
1449 2701 1482 2731 in
1503 2701 1560 2731 the
1577 2701 1662 2741 Ciby.
1711 2701 1814 2731 More-

337 2743 365 2773 is
396 2744 540 2773 referred
572 2747 607 2773 to
638 2743 671 2773 in
694 2744 776 2773 1418
810 2744 876 2780 (see
903 2742 1022 2782 Bishop
1132 2754 1217 2782 over,
1236 2744 1283 2774 St.
1299 2743 1422 2774 Anne‘s
1447 2744 1570 2784 Chapel
1586 2745 1614 2774 is
1629 2746 1741 2774 notin
1758 2743 1814 2774 the

339 2786 503 2825 Stafford’s
527 2786 675 2825 Reyister,
701 2797 781 2826 page
807 2786 881 2824 126)
902 2797 936 2816 as
953 2786 1022 2817 “de
1133 2786 1220 2827 City,
1238 2786 1300 2817 but
1317 2787 1460 2818 without
1476 2787 1533 2818 the
1551 2788 1632 2818 East
1648 2788 1742 2818 Gate.

339 2840 416 2859 novo
453 2829 661 2867 constructas·
705 2828 809 2860 which
849 2839 972 2865 means,
1005 2829 1022 2860 I
