<?xml version="1.0" encoding="UTF-8"?>
<!DOCTYPE html PUBLIC "-//W3C//DTD XHTML 1.0 Transitional//EN"
    "http://www.w3.org/TR/xhtml1/DTD/xhtml1-transitional.dtd">
<html xmlns="http://www.w3.org/1999/xhtml" xml:lang="en" lang="en">
 <head>
  <title>
</title>
<meta http-equiv="Content-Type" content="text/html;charset=utf-8" />
  <meta name='ocr-system' content='tesseract 3.04.00' />
  <meta name='ocr-capabilities' content='ocr_page ocr_carea ocr_par ocr_line ocrx_word'/>
</head>
<body>
  <div class='ocr_page' id='page_1' title='image "./registerofthomas01cathuoft_0615.png"; bbox 0 0 1987 3062; ppageno 0'>
   <div class='ocr_carea' id='block_1_1' title="bbox 500 255 1720 300">
    <p class='ocr_par' dir='ltr' id='par_1_1' title="bbox 500 255 1720 300">
     <span class='ocr_line' id='line_1_1' title="bbox 500 255 1720 300; baseline 0.001 -3"><span class='ocrx_word' id='word_1_1' title='bbox 500 258 784 298; x_wconf 78' lang='lat' dir='ltr'><strong>REGISTRUM</strong></span> <span class='ocrx_word' id='word_1_2' title='bbox 832 265 1283 298; x_wconf 77' lang='lat' dir='ltr'>COMMUNE—-ANNO</span> <span class='ocrx_word' id='word_1_3' title='bbox 1314 257 1405 298; x_wconf 85' lang='lat'><strong>150.</strong></span> <span class='ocrx_word' id='word_1_4' title='bbox 1631 255 1720 300; x_wconf 80' lang='lat'>571</span> 
     </span>
    </p>
   </div>
   <div class='ocr_carea' id='block_1_2' title="bbox 193 367 1727 426">
    <p class='ocr_par' dir='ltr' id='par_1_2' title="bbox 193 367 1727 426">
     <span class='ocr_line' id='line_1_2' title="bbox 193 367 1727 426; baseline 0.001 -26"><span class='ocrx_word' id='word_1_5' title='bbox 193 367 266 426; x_wconf 36' lang='lat'>⁴³53}</span> <span class='ocrx_word' id='word_1_6' title='bbox 350 371 557 400; x_wconf 81' lang='lat' dir='ltr'>mandamus</span> <span class='ocrx_word' id='word_1_7' title='bbox 589 371 753 410; x_wconf 74' lang='lat' dir='ltr'>quatinus</span> <span class='ocrx_word' id='word_1_8' title='bbox 785 371 917 401; x_wconf 85' lang='lat' dir='ltr'>(lictum</span> <span class='ocrx_word' id='word_1_9' title='bbox 951 371 1175 411; x_wconf 82' lang='lat' dir='ltr'>Sequestrum</span> <span class='ocrx_word' id='word_1_10' title='bbox 1200 372 1235 401; x_wconf 86' lang='lat' dir='ltr'>in</span> <span class='ocrx_word' id='word_1_11' title='bbox 1260 372 1442 407; x_wconf 79' lang='lat' dir='ltr'>fructibus,</span> <span class='ocrx_word' id='word_1_12' title='bbox 1466 372 1668 407; x_wconf 70' lang='lat' dir='ltr'>redditibus,</span> <span class='ocrx_word' id='word_1_13' title='bbox 1693 374 1727 401; x_wconf 87' lang='lat' dir='ltr'>et</span> 
     </span>
    </p>
   </div>
   <div class='ocr_carea' id='block_1_3' title="bbox 195 415 1734 1377">
    <p class='ocr_par' dir='ltr' id='par_1_3' title="bbox 195 415 1734 1377">
     <span class='ocr_line' id='line_1_3' title="bbox 195 415 1725 460; baseline 0.001 -16"><span class='ocrx_word' id='word_1_14' title='bbox 195 434 256 459; x_wconf 44' lang='grc' dir='ltr'>νώ,</span> <span class='ocrx_word' id='word_1_15' title='bbox 281 434 301 460; x_wconf 59' lang='lat' dir='ltr'>L</span> <span class='ocrx_word' id='word_1_16' title='bbox 350 415 575 453; x_wconf 79' lang='lat' dir='ltr'>proventibus</span> <span class='ocrx_word' id='word_1_17' title='bbox 595 415 847 445; x_wconf 85' lang='lat' dir='ltr'>Beneficiorum</span> <span class='ocrx_word' id='word_1_18' title='bbox 864 415 1100 454; x_wconf 80' lang='lat' dir='ltr'>predictorum</span> <span class='ocrx_word' id='word_1_19' title='bbox 1126 416 1173 445; x_wconf 87' lang='lat' dir='ltr'>sic</span> <span class='ocrx_word' id='word_1_20' title='bbox 1190 416 1298 445; x_wconf 82' lang='lat' dir='ltr'>fuisse</span> <span class='ocrx_word' id='word_1_21' title='bbox 1316 418 1351 445; x_wconf 86' lang='lat' dir='ltr'>et</span> <span class='ocrx_word' id='word_1_22' title='bbox 1368 426 1443 445; x_wconf 76' lang='lat' dir='ltr'>esse</span> <span class='ocrx_word' id='word_1_23' title='bbox 1468 416 1725 454; x_wconf 78' lang='lat' dir='ltr'>interpositum,</span> 
     </span>
     <span class='ocr_line' id='line_1_4' title="bbox 350 459 1730 498; baseline 0.001 -11"><span class='ocrx_word' id='word_1_24' title='bbox 350 459 433 488; x_wconf 85' lang='lat' dir='ltr'>locis</span> <span class='ocrx_word' id='word_1_25' title='bbox 457 463 491 488; x_wconf 91' lang='lat' dir='ltr'>et</span> <span class='ocrx_word' id='word_1_26' title='bbox 512 459 725 497; x_wconf 74' lang='lat' dir='ltr'>temporibus</span> <span class='ocrx_word' id='word_1_27' title='bbox 750 459 794 489; x_wconf 87' lang='lat' dir='ltr'>ad</span> <span class='ocrx_word' id='word_1_28' title='bbox 818 460 882 489; x_wconf 85' lang='lat' dir='ltr'>hoe</span> <span class='ocrx_word' id='word_1_29' title='bbox 908 459 1019 498; x_wconf 80' lang='lat' dir='ltr'>magis</span> <span class='ocrx_word' id='word_1_30' title='bbox 1043 460 1205 498; x_wconf 77' lang='lat' dir='ltr'>congruis</span> <span class='ocrx_word' id='word_1_31' title='bbox 1230 462 1265 489; x_wconf 89' lang='lat' dir='ltr'>et</span> <span class='ocrx_word' id='word_1_32' title='bbox 1289 460 1479 498; x_wconf 78' lang='lat' dir='ltr'>oportunis,</span> <span class='ocrx_word' id='word_1_33' title='bbox 1505 459 1730 498; x_wconf 82' lang='lat' dir='ltr'>solempniter</span> 
     </span>
     <span class='ocr_line' id='line_1_5' title="bbox 352 501 1727 542; baseline 0.001 -11"><span class='ocrx_word' id='word_1_34' title='bbox 352 502 545 540; x_wconf 85' lang='lat' dir='ltr'>publicetis,</span> <span class='ocrx_word' id='word_1_35' title='bbox 563 506 597 532; x_wconf 91' lang='lat' dir='ltr'>et</span> <span class='ocrx_word' id='word_1_36' title='bbox 614 502 753 532; x_wconf 80' lang='lat' dir='ltr'>faciatis</span> <span class='ocrx_word' id='word_1_37' title='bbox 769 513 831 542; x_wconf 88' lang='lat' dir='ltr'>per</span> <span class='ocrx_word' id='word_1_38' title='bbox 848 503 933 532; x_wconf 80' lang='lat' dir='ltr'>alios</span> <span class='ocrx_word' id='word_1_39' title='bbox 950 503 1130 542; x_wconf 84' lang='lat' dir='ltr'>publicari,</span> <span class='ocrx_word' id='word_1_40' title='bbox 1150 501 1223 542; x_wconf 88' lang='lat' dir='ltr'>[et]</span> <span class='ocrx_word' id='word_1_41' title='bbox 1250 503 1397 539; x_wconf 80' lang='lat' dir='ltr'>fructus,</span> <span class='ocrx_word' id='word_1_42' title='bbox 1423 506 1500 541; x_wconf 64' lang='lat' dir='ltr'>ete,</span> <span class='ocrx_word' id='word_1_43' title='bbox 1518 503 1727 542; x_wconf 77' lang='lat' dir='ltr'>hujusmodi,</span> 
     </span>
     <span class='ocr_line' id='line_1_6' title="bbox 352 546 1730 586; baseline 0 -11"><span class='ocrx_word' id='word_1_44' title='bbox 352 548 469 584; x_wconf 88' lang='lat' dir='ltr'>preter</span> <span class='ocrx_word' id='word_1_45' title='bbox 486 546 670 577; x_wconf 83' lang='lat' dir='ltr'>Porciones</span> <span class='ocrx_word' id='word_1_46' title='bbox 687 557 858 585; x_wconf 69' lang='lat' dir='ltr'>congruas</span> <span class='ocrx_word' id='word_1_47' title='bbox 874 557 936 586; x_wconf 84' lang='lat' dir='ltr'>pro</span> <span class='ocrx_word' id='word_1_48' title='bbox 954 547 1087 577; x_wconf 83' lang='lat' dir='ltr'>Divinis</span> <span class='ocrx_word' id='word_1_49' title='bbox 1103 547 1139 576; x_wconf 87' lang='lat' dir='ltr'>in</span> <span class='ocrx_word' id='word_1_50' title='bbox 1157 547 1320 577; x_wconf 84' lang='lat' dir='ltr'>Ecclesiis</span> <span class='ocrx_word' id='word_1_51' title='bbox 1336 547 1502 586; x_wconf 76' lang='lat' dir='ltr'>predictis</span> <span class='ocrx_word' id='word_1_52' title='bbox 1514 546 1730 576; x_wconf 76' lang='lat' dir='ltr'>celebrandis</span> 
     </span>
     <span class='ocr_line' id='line_1_7' title="bbox 353 590 1729 630; baseline 0.001 -12"><span class='ocrx_word' id='word_1_53' title='bbox 353 592 387 619; x_wconf 87' lang='lat' dir='ltr'>et</span> <span class='ocrx_word' id='word_1_54' title='bbox 404 590 583 628; x_wconf 82' lang='lat' dir='ltr'>faciendis,</span> <span class='ocrx_word' id='word_1_55' title='bbox 602 591 665 620; x_wconf 89' lang='lat' dir='ltr'>sub</span> <span class='ocrx_word' id='word_1_56' title='bbox 682 593 757 620; x_wconf 82' lang='lat' dir='ltr'>arto</span> <span class='ocrx_word' id='word_1_57' title='bbox 775 593 809 621; x_wconf 89' lang='lat' dir='ltr'>et</span> <span class='ocrx_word' id='word_1_58' title='bbox 827 591 922 621; x_wconf 81' lang='lat' dir='ltr'>salvo</span> <span class='ocrx_word' id='word_1_59' title='bbox 936 591 1141 621; x_wconf 79' lang='lat' dir='ltr'>custodiatis</span> <span class='ocrx_word' id='word_1_60' title='bbox 1154 593 1189 620; x_wconf 90' lang='lat' dir='ltr'>et</span> <span class='ocrx_word' id='word_1_61' title='bbox 1200 591 1367 621; x_wconf 86' lang='lat' dir='ltr'>custodiri</span> <span class='ocrx_word' id='word_1_62' title='bbox 1380 590 1519 620; x_wconf 79' lang='lat' dir='ltr'>faciatis</span> <span class='ocrx_word' id='word_1_63' title='bbox 1535 590 1729 630; x_wconf 78' lang='lat' dir='ltr'>Sequestro,</span> 
     </span>
     <span class='ocr_line' id='line_1_8' title="bbox 354 634 1729 674; baseline 0 -11"><span class='ocrx_word' id='word_1_64' title='bbox 354 634 455 663; x_wconf 87' lang='lat' dir='ltr'>sicuti</span> <span class='ocrx_word' id='word_1_65' title='bbox 473 634 514 663; x_wconf 78' lang='lat' dir='ltr'>(le</span> <span class='ocrx_word' id='word_1_66' title='bbox 532 634 662 664; x_wconf 87' lang='lat' dir='ltr'>eisdem</span> <span class='ocrx_word' id='word_1_67' title='bbox 680 635 715 664; x_wconf 88' lang='lat' dir='ltr'>in</span> <span class='ocrx_word' id='word_1_68' title='bbox 732 637 897 664; x_wconf 87' lang='lat' dir='ltr'>eventum</span> <span class='ocrx_word' id='word_1_69' title='bbox 914 639 1030 665; x_wconf 84' lang='lat' dir='ltr'>vestro</span> <span class='ocrx_word' id='word_1_70' title='bbox 1047 635 1200 674; x_wconf 86' lang='lat' dir='ltr'>periculo</span> <span class='ocrx_word' id='word_1_71' title='bbox 1224 635 1405 664; x_wconf 82' lang='lat' dir='ltr'>volueritis</span> <span class='ocrx_word' id='word_1_72' title='bbox 1429 634 1654 673; x_wconf 84' lang='lat' dir='ltr'>respondere;</span> <span class='ocrx_word' id='word_1_73' title='bbox 1680 635 1729 663; x_wconf 91' lang='lat' dir='ltr'>in-</span> 
     </span>
     <span class='ocr_line' id='line_1_9' title="bbox 354 677 1730 718; baseline 0 -11"><span class='ocrx_word' id='word_1_74' title='bbox 354 677 513 708; x_wconf 86' lang='lat' dir='ltr'>hibent-es</span> <span class='ocrx_word' id='word_1_75' title='bbox 529 679 645 717; x_wconf 81' lang='lat' dir='ltr'>palam</span> <span class='ocrx_word' id='word_1_76' title='bbox 663 681 698 708; x_wconf 80' lang='lat' dir='ltr'>et</span> <span class='ocrx_word' id='word_1_77' title='bbox 715 689 885 718; x_wconf 75' lang='lat' dir='ltr'>expresse,</span> <span class='ocrx_word' id='word_1_78' title='bbox 904 679 967 708; x_wconf 88' lang='lat' dir='ltr'>sub</span> <span class='ocrx_word' id='word_1_79' title='bbox 983 679 1082 718; x_wconf 88' lang='lat' dir='ltr'>penis</span> <span class='ocrx_word' id='word_1_80' title='bbox 1098 679 1134 709; x_wconf 88' lang='lat' dir='ltr'>in</span> <span class='ocrx_word' id='word_1_81' title='bbox 1153 679 1359 709; x_wconf 72' lang='lat' dir='ltr'>Sanctorum</span> <span class='ocrx_word' id='word_1_82' title='bbox 1386 679 1530 708; x_wconf 74' lang='lat' dir='ltr'>Parrum</span> <span class='ocrx_word' id='word_1_83' title='bbox 1556 678 1730 707; x_wconf 85' lang='lat' dir='ltr'>Constitu-</span> 
     </span>
     <span class='ocr_line' id='line_1_10' title="bbox 355 722 1731 762; baseline 0.001 -12"><span class='ocrx_word' id='word_1_84' title='bbox 355 722 520 760; x_wconf 78' lang='lat' dir='ltr'>cionibus,</span> <span class='ocrx_word' id='word_1_85' title='bbox 538 723 573 751; x_wconf 89' lang='lat' dir='ltr'>in</span> <span class='ocrx_word' id='word_1_86' title='bbox 590 723 654 752; x_wconf 82' lang='lat' dir='ltr'>hac</span> <span class='ocrx_word' id='word_1_87' title='bbox 672 729 770 762; x_wconf 80' lang='lat' dir='ltr'>parte</span> <span class='ocrx_word' id='word_1_88' title='bbox 787 723 853 752; x_wconf 89' lang='lat' dir='ltr'>rite</span> <span class='ocrx_word' id='word_1_89' title='bbox 869 723 982 761; x_wconf 86' lang='lat' dir='ltr'>editis,</span> <span class='ocrx_word' id='word_1_90' title='bbox 1000 723 1184 760; x_wconf 88' lang='lat' dir='ltr'>contentis,</span> <span class='ocrx_word' id='word_1_91' title='bbox 1202 733 1244 752; x_wconf 88' lang='lat' dir='ltr'>ne</span> <span class='ocrx_word' id='word_1_92' title='bbox 1262 723 1337 762; x_wconf 83' lang='lat' dir='ltr'>quis</span> <span class='ocrx_word' id='word_1_93' title='bbox 1355 722 1553 762; x_wconf 82' lang='lat' dir='ltr'>hujusmodi</span> <span class='ocrx_word' id='word_1_94' title='bbox 1573 722 1731 761; x_wconf 83' lang='lat' dir='ltr'>Sequest-</span> 
     </span>
     <span class='ocr_line' id='line_1_11' title="bbox 356 766 1730 806; baseline 0 -11"><span class='ocrx_word' id='word_1_95' title='bbox 356 775 433 795; x_wconf 91' lang='lat' dir='ltr'>rum</span> <span class='ocrx_word' id='word_1_96' title='bbox 462 769 640 805; x_wconf 79' lang='lat' dir='ltr'>presumat</span> <span class='ocrx_word' id='word_1_97' title='bbox 665 767 921 806; x_wconf 75' lang='lat' dir='ltr'>quomodolibet</span> <span class='ocrx_word' id='word_1_98' title='bbox 946 770 1077 797; x_wconf 85' lang='lat' dir='ltr'>temere</span> <span class='ocrx_word' id='word_1_99' title='bbox 1103 767 1241 796; x_wconf 84' lang='lat' dir='ltr'>violare.</span> <span class='ocrx_word' id='word_1_100' title='bbox 1291 767 1345 801; x_wconf 82' lang='lat' dir='ltr'>Et,</span> <span class='ocrx_word' id='word_1_101' title='bbox 1371 767 1399 796; x_wconf 89' lang='lat' dir='ltr'>si</span> <span class='ocrx_word' id='word_1_102' title='bbox 1423 776 1507 806; x_wconf 84' lang='lat' dir='ltr'>quos</span> <span class='ocrx_word' id='word_1_103' title='bbox 1532 766 1730 805; x_wconf 81' lang='lat' dir='ltr'>hujusmodi</span> 
     </span>
     <span class='ocr_line' id='line_1_12' title="bbox 359 809 1731 849; baseline 0 -10"><span class='ocrx_word' id='word_1_104' title='bbox 359 809 534 849; x_wconf 80' lang='lat' dir='ltr'>Sequestri</span> <span class='ocrx_word' id='word_1_105' title='bbox 566 810 751 840; x_wconf 81' lang='lat' dir='ltr'>violatores</span> <span class='ocrx_word' id='word_1_106' title='bbox 782 811 1014 849; x_wconf 86' lang='lat' dir='ltr'>reppereritis,</span> <span class='ocrx_word' id='word_1_107' title='bbox 1039 811 1166 844; x_wconf 65' lang='lat' dir='ltr'>citetis,</span> <span class='ocrx_word' id='word_1_108' title='bbox 1191 820 1251 840; x_wconf 89' lang='lat' dir='ltr'>seu</span> <span class='ocrx_word' id='word_1_109' title='bbox 1277 811 1376 840; x_wconf 79' lang='lat' dir='ltr'>citari</span> <span class='ocrx_word' id='word_1_110' title='bbox 1401 810 1549 847; x_wconf 49' lang='lat' dir='ltr'>faciatis</span> <span class='ocrx_word' id='word_1_111' title='bbox 1581 810 1731 846; x_wconf 85' lang='lat' dir='ltr'>eosdem,</span> 
     </span>
     <span class='ocr_line' id='line_1_13' title="bbox 356 854 1732 893; baseline 0 -10"><span class='ocrx_word' id='word_1_112' title='bbox 356 854 598 892; x_wconf 75' lang='lat' dir='ltr'>peremptorie,</span> <span class='ocrx_word' id='word_1_113' title='bbox 623 854 714 893; x_wconf 89' lang='lat' dir='ltr'>quod</span> <span class='ocrx_word' id='word_1_114' title='bbox 738 858 962 893; x_wconf 77' lang='lat' dir='ltr'>compareant</span> <span class='ocrx_word' id='word_1_115' title='bbox 987 865 1103 884; x_wconf 76' lang='lat' dir='ltr'>coram</span> <span class='ocrx_word' id='word_1_116' title='bbox 1133 854 1277 884; x_wconf 75' lang='lat' dir='ltr'>officiali</span> <span class='ocrx_word' id='word_1_117' title='bbox 1303 856 1423 883; x_wconf 88' lang='lat' dir='ltr'>nostro</span> <span class='ocrx_word' id='word_1_118' title='bbox 1448 854 1646 892; x_wconf 78' lang='lat' dir='ltr'>Principali,</span> <span class='ocrx_word' id='word_1_119' title='bbox 1672 863 1732 883; x_wconf 88' lang='lat' dir='ltr'>seu</span> 
     </span>
     <span class='ocr_line' id='line_1_14' title="bbox 358 897 1731 928; baseline 0.001 -2"><span class='ocrx_word' id='word_1_120' title='bbox 358 897 560 927; x_wconf 87' lang='lat' dir='ltr'>Presidente</span> <span class='ocrx_word' id='word_1_121' title='bbox 578 898 781 928; x_wconf 85' lang='lat' dir='ltr'>Consistorii</span> <span class='ocrx_word' id='word_1_122' title='bbox 799 898 908 928; x_wconf 87' lang='lat' dir='ltr'>nostri</span> <span class='ocrx_word' id='word_1_123' title='bbox 927 899 1131 928; x_wconf 79' lang='lat' dir='ltr'>Exoniensis</span> <span class='ocrx_word' id='word_1_124' title='bbox 1148 901 1182 928; x_wconf 89' lang='lat' dir='ltr'>et</span> <span class='ocrx_word' id='word_1_125' title='bbox 1208 898 1455 928; x_wconf 79' lang='lat' dir='ltr'>Commissario</span> <span class='ocrx_word' id='word_1_126' title='bbox 1479 901 1597 927; x_wconf 89' lang='lat' dir='ltr'>nostro</span> <span class='ocrx_word' id='word_1_127' title='bbox 1623 898 1731 927; x_wconf 85' lang='lat' dir='ltr'>Gene-</span> 
     </span>
     <span class='ocr_line' id='line_1_15' title="bbox 357 941 1732 981; baseline 0.001 -11"><span class='ocrx_word' id='word_1_128' title='bbox 357 941 431 977; x_wconf 78' lang='lat' dir='ltr'>rali,</span> <span class='ocrx_word' id='word_1_129' title='bbox 445 941 481 970; x_wconf 92' lang='lat' dir='ltr'>in</span> <span class='ocrx_word' id='word_1_130' title='bbox 495 942 649 971; x_wconf 78' lang='lat' dir='ltr'>Ecclesia</span> <span class='ocrx_word' id='word_1_131' title='bbox 659 944 779 971; x_wconf 79' lang='lat' dir='ltr'>nostra</span> <span class='ocrx_word' id='word_1_132' title='bbox 793 942 993 972; x_wconf 79' lang='lat' dir='ltr'>Cathedrali</span> <span class='ocrx_word' id='word_1_133' title='bbox 1008 942 1148 979; x_wconf 87' lang='lat' dir='ltr'>Exonie,</span> <span class='ocrx_word' id='word_1_134' title='bbox 1160 942 1264 972; x_wconf 82' lang='lat' dir='ltr'>certis</span> <span class='ocrx_word' id='word_1_135' title='bbox 1275 942 1433 972; x_wconf 84' lang='lat' dir='ltr'>terminis</span> <span class='ocrx_word' id='word_1_136' title='bbox 1444 942 1732 981; x_wconf 77' lang='lat' dir='ltr'>competentibus,</span> 
     </span>
     <span class='ocr_line' id='line_1_16' title="bbox 357 986 1731 1025; baseline 0 -11"><span class='ocrx_word' id='word_1_137' title='bbox 357 995 418 1024; x_wconf 90' lang='lat' dir='ltr'>per</span> <span class='ocrx_word' id='word_1_138' title='bbox 434 995 495 1015; x_wconf 75' lang='lat' dir='ltr'>vos</span> <span class='ocrx_word' id='word_1_139' title='bbox 512 988 572 1015; x_wconf 87' lang='lat' dir='ltr'>aut</span> <span class='ocrx_word' id='word_1_140' title='bbox 590 986 851 1016; x_wconf 79' lang='lat' dir='ltr'>mandatarium</span> <span class='ocrx_word' id='word_1_141' title='bbox 867 989 1023 1016; x_wconf 85' lang='lat' dir='ltr'>vestrum</span> <span class='ocrx_word' id='word_1_142' title='bbox 1040 987 1075 1016; x_wconf 88' lang='lat' dir='ltr'>in</span> <span class='ocrx_word' id='word_1_143' title='bbox 1092 987 1157 1016; x_wconf 79' lang='lat' dir='ltr'>hac</span> <span class='ocrx_word' id='word_1_144' title='bbox 1174 993 1274 1025; x_wconf 81' lang='lat' dir='ltr'>parte</span> <span class='ocrx_word' id='word_1_145' title='bbox 1300 986 1431 1016; x_wconf 89' lang='lat' dir='ltr'>eisdem</span> <span class='ocrx_word' id='word_1_146' title='bbox 1448 989 1483 1015; x_wconf 88' lang='lat' dir='ltr'>et</span> <span class='ocrx_word' id='word_1_147' title='bbox 1499 996 1619 1015; x_wconf 89' lang='lat' dir='ltr'>eorum</span> <span class='ocrx_word' id='word_1_148' title='bbox 1637 986 1731 1015; x_wconf 87' lang='lat' dir='ltr'>cuili-</span> 
     </span>
     <span class='ocr_line' id='line_1_17' title="bbox 359 1029 1732 1070; baseline 0.001 -12"><span class='ocrx_word' id='word_1_149' title='bbox 359 1029 416 1058; x_wconf 90' lang='lat' dir='ltr'>bet</span> <span class='ocrx_word' id='word_1_150' title='bbox 433 1029 596 1068; x_wconf 88' lang='lat' dir='ltr'>primitus</span> <span class='ocrx_word' id='word_1_151' title='bbox 613 1030 810 1068; x_wconf 80' lang='lat' dir='ltr'>assignatis,</span> <span class='ocrx_word' id='word_1_152' title='bbox 829 1041 932 1069; x_wconf 87' lang='lat' dir='ltr'>super</span> <span class='ocrx_word' id='word_1_153' title='bbox 955 1031 1163 1070; x_wconf 83' lang='lat' dir='ltr'>quibusdam</span> <span class='ocrx_word' id='word_1_154' title='bbox 1188 1030 1345 1059; x_wconf 79' lang='lat' dir='ltr'>articulis</span> <span class='ocrx_word' id='word_1_155' title='bbox 1370 1030 1596 1060; x_wconf 85' lang='lat' dir='ltr'>violacionem</span> <span class='ocrx_word' id='word_1_156' title='bbox 1614 1030 1732 1069; x_wconf 86' lang='lat' dir='ltr'>hujus-</span> 
     </span>
     <span class='ocr_line' id='line_1_18' title="bbox 358 1073 1734 1113; baseline 0.001 -11"><span class='ocrx_word' id='word_1_157' title='bbox 358 1073 450 1102; x_wconf 88' lang='lat' dir='ltr'>modi</span> <span class='ocrx_word' id='word_1_158' title='bbox 470 1073 645 1113; x_wconf 83' lang='lat' dir='ltr'>Sequestri</span> <span class='ocrx_word' id='word_1_159' title='bbox 663 1075 964 1112; x_wconf 83' lang='lat' dir='ltr'>concernentibus,</span> <span class='ocrx_word' id='word_1_160' title='bbox 981 1075 1112 1105; x_wconf 88' lang='lat' dir='ltr'>eisdem</span> <span class='ocrx_word' id='word_1_161' title='bbox 1130 1078 1213 1104; x_wconf 83' lang='lat' dir='ltr'>tunc</span> <span class='ocrx_word' id='word_1_162' title='bbox 1229 1084 1270 1104; x_wconf 84' lang='lat' dir='ltr'>ex</span> <span class='ocrx_word' id='word_1_163' title='bbox 1283 1074 1401 1104; x_wconf 86' lang='lat' dir='ltr'>Officio</span> <span class='ocrx_word' id='word_1_164' title='bbox 1416 1077 1533 1103; x_wconf 90' lang='lat' dir='ltr'>nostro</span> <span class='ocrx_word' id='word_1_165' title='bbox 1545 1074 1734 1103; x_wconf 82' lang='lat' dir='ltr'>obiciendis</span> 
     </span>
     <span class='ocr_line' id='line_1_19' title="bbox 358 1118 1732 1157; baseline 0.001 -11"><span class='ocrx_word' id='word_1_166' title='bbox 358 1119 393 1146; x_wconf 83' lang='lat' dir='ltr'>et</span> <span class='ocrx_word' id='word_1_167' title='bbox 412 1118 625 1156; x_wconf 82' lang='lat' dir='ltr'>exponendis</span> <span class='ocrx_word' id='word_1_168' title='bbox 642 1120 745 1157; x_wconf 90' lang='lat' dir='ltr'>prout</span> <span class='ocrx_word' id='word_1_169' title='bbox 762 1118 812 1148; x_wconf 83' lang='lat' dir='ltr'>eis</span> <span class='ocrx_word' id='word_1_170' title='bbox 829 1119 967 1148; x_wconf 82' lang='lat' dir='ltr'>divisim</span> <span class='ocrx_word' id='word_1_171' title='bbox 985 1120 1209 1155; x_wconf 87' lang='lat' dir='ltr'>concernunt,</span> <span class='ocrx_word' id='word_1_172' title='bbox 1227 1118 1382 1157; x_wconf 84' lang='lat' dir='ltr'>legitime</span> <span class='ocrx_word' id='word_1_173' title='bbox 1399 1118 1608 1157; x_wconf 75' lang='lat' dir='ltr'>responsuri,</span> <span class='ocrx_word' id='word_1_174' title='bbox 1627 1127 1666 1147; x_wconf 85' lang='lat' dir='ltr'>ac</span> <span class='ocrx_word' id='word_1_175' title='bbox 1691 1118 1732 1147; x_wconf 82' lang='lat' dir='ltr'>de</span> 
     </span>
     <span class='ocr_line' id='line_1_20' title="bbox 358 1161 1732 1202; baseline 0 -12"><span class='ocrx_word' id='word_1_176' title='bbox 358 1161 506 1191; x_wconf 79' lang='lat' dir='ltr'>veritate</span> <span class='ocrx_word' id='word_1_177' title='bbox 524 1161 680 1198; x_wconf 81' lang='lat' dir='ltr'>dicenda,</span> <span class='ocrx_word' id='word_1_178' title='bbox 699 1162 725 1191; x_wconf 91' lang='lat' dir='ltr'>si</span> <span class='ocrx_word' id='word_1_179' title='bbox 751 1165 919 1201; x_wconf 80' lang='lat' dir='ltr'>oporteat,</span> <span class='ocrx_word' id='word_1_180' title='bbox 937 1162 1168 1202; x_wconf 77' lang='lat' dir='ltr'>personaliter</span> <span class='ocrx_word' id='word_1_181' title='bbox 1183 1162 1345 1202; x_wconf 71' lang='lat' dir='ltr'>juraturi,</span> <span class='ocrx_word' id='word_1_182' title='bbox 1363 1162 1559 1201; x_wconf 85' lang='lat' dir='ltr'>facturique</span> <span class='ocrx_word' id='word_1_183' title='bbox 1576 1161 1732 1199; x_wconf 83' lang='lat' dir='ltr'>ulterius,</span> 
     </span>
     <span class='ocr_line' id='line_1_21' title="bbox 359 1205 1733 1245; baseline 0 -11"><span class='ocrx_word' id='word_1_184' title='bbox 359 1207 424 1235; x_wconf 88' lang='lat' dir='ltr'>etc.</span> <span class='ocrx_word' id='word_1_185' title='bbox 475 1205 525 1235; x_wconf 92' lang='lat' dir='ltr'>De</span> <span class='ocrx_word' id='word_1_186' title='bbox 551 1205 615 1241; x_wconf 80' lang='lat' dir='ltr'>die,</span> <span class='ocrx_word' id='word_1_187' title='bbox 641 1216 731 1243; x_wconf 88' lang='lat' dir='ltr'>vero,</span> <span class='ocrx_word' id='word_1_188' title='bbox 757 1207 969 1245; x_wconf 85' lang='lat' dir='ltr'>recepcionis</span> <span class='ocrx_word' id='word_1_189' title='bbox 994 1206 1227 1243; x_wconf 85' lang='lat' dir='ltr'>Presencium,</span> <span class='ocrx_word' id='word_1_190' title='bbox 1253 1216 1388 1236; x_wconf 85' lang='lat' dir='ltr'>necnon</span> <span class='ocrx_word' id='word_1_191' title='bbox 1412 1206 1495 1245; x_wconf 88' lang='lat' dir='ltr'>quid</span> <span class='ocrx_word' id='word_1_192' title='bbox 1518 1205 1673 1235; x_wconf 77' lang='lat' dir='ltr'>feceritis</span> <span class='ocrx_word' id='word_1_193' title='bbox 1698 1206 1733 1234; x_wconf 92' lang='lat' dir='ltr'>in</span> 
     </span>
     <span class='ocr_line' id='line_1_22' title="bbox 358 1249 1732 1288; baseline 0 -10"><span class='ocrx_word' id='word_1_194' title='bbox 358 1249 547 1288; x_wconf 86' lang='lat' dir='ltr'>premissis,</span> <span class='ocrx_word' id='word_1_195' title='bbox 575 1260 648 1288; x_wconf 88' lang='lat' dir='ltr'>nos,</span> <span class='ocrx_word' id='word_1_196' title='bbox 677 1260 737 1279; x_wconf 87' lang='lat' dir='ltr'>seu</span> <span class='ocrx_word' id='word_1_197' title='bbox 763 1250 895 1280; x_wconf 88' lang='lat' dir='ltr'>dictum</span> <span class='ocrx_word' id='word_1_198' title='bbox 924 1250 1124 1287; x_wconf 83' lang='lat' dir='ltr'>Officialem,</span> <span class='ocrx_word' id='word_1_199' title='bbox 1151 1252 1212 1279; x_wconf 82' lang='lat' dir='ltr'>aut</span> <span class='ocrx_word' id='word_1_200' title='bbox 1238 1250 1478 1279; x_wconf 86' lang='lat' dir='ltr'>Presidentem</span> <span class='ocrx_word' id='word_1_201' title='bbox 1504 1252 1539 1279; x_wconf 91' lang='lat' dir='ltr'>et</span> <span class='ocrx_word' id='word_1_202' title='bbox 1566 1249 1732 1279; x_wconf 86' lang='lat' dir='ltr'>Commis-</span> 
     </span>
     <span class='ocr_line' id='line_1_23' title="bbox 361 1293 1733 1333; baseline 0 -11"><span class='ocrx_word' id='word_1_203' title='bbox 361 1293 491 1322; x_wconf 86' lang='lat' dir='ltr'>sarium</span> <span class='ocrx_word' id='word_1_204' title='bbox 518 1294 725 1332; x_wconf 85' lang='lat' dir='ltr'>predictum,</span> <span class='ocrx_word' id='word_1_205' title='bbox 751 1294 840 1323; x_wconf 80' lang='lat' dir='ltr'>citra</span> <span class='ocrx_word' id='word_1_206' title='bbox 868 1295 1010 1324; x_wconf 83' lang='lat' dir='ltr'>Festum</span> <span class='ocrx_word' id='word_1_207' title='bbox 1040 1294 1158 1323; x_wconf 80' lang='lat' dir='ltr'>Sancti</span> <span class='ocrx_word' id='word_1_208' title='bbox 1186 1294 1354 1331; x_wconf 83' lang='lat' dir='ltr'>Barnabe,</span> <span class='ocrx_word' id='word_1_209' title='bbox 1383 1293 1551 1333; x_wconf 90' lang='lat' dir='ltr'>Apostoli,</span> <span class='ocrx_word' id='word_1_210' title='bbox 1577 1294 1733 1332; x_wconf 87' lang='lat' dir='ltr'>proximo</span> 
     </span>
     <span class='ocr_line' id='line_1_24' title="bbox 360 1336 1733 1377; baseline 0.001 -12"><span class='ocrx_word' id='word_1_211' title='bbox 360 1336 530 1373; x_wconf 76' lang='lat' dir='ltr'>futurum,</span> <span class='ocrx_word' id='word_1_212' title='bbox 548 1337 663 1367; x_wconf 85' lang='lat' dir='ltr'>debite</span> <span class='ocrx_word' id='word_1_213' title='bbox 680 1338 879 1368; x_wconf 81' lang='lat' dir='ltr'>certificetis</span> <span class='ocrx_word' id='word_1_214' title='bbox 896 1348 957 1377; x_wconf 86' lang='lat' dir='ltr'>per</span> <span class='ocrx_word' id='word_1_215' title='bbox 975 1339 1110 1368; x_wconf 86' lang='lat' dir='ltr'>Literas</span> <span class='ocrx_word' id='word_1_216' title='bbox 1126 1340 1261 1368; x_wconf 81' lang='lat' dir='ltr'>vestras</span> <span class='ocrx_word' id='word_1_217' title='bbox 1277 1340 1449 1376; x_wconf 82' lang='lat' dir='ltr'>patentes,</span> <span class='ocrx_word' id='word_1_218' title='bbox 1467 1338 1591 1367; x_wconf 85' lang='lat' dir='ltr'>harum</span> <span class='ocrx_word' id='word_1_219' title='bbox 1609 1338 1733 1367; x_wconf 81' lang='lat' dir='ltr'>seriem</span> 
     </span>
    </p>
   </div>
   <div class='ocr_carea' id='block_1_4' title="bbox 361 1380 1733 1464">
    <p class='ocr_par' dir='ltr' id='par_1_4' title="bbox 361 1380 1733 1464">
     <span class='ocr_line' id='line_1_25' title="bbox 361 1380 1733 1421; baseline 0.001 -11"><span class='ocrx_word' id='word_1_220' title='bbox 361 1390 401 1410; x_wconf 81' lang='lat' dir='ltr'>ac</span> <span class='ocrx_word' id='word_1_221' title='bbox 426 1380 554 1411; x_wconf 88' lang='lat' dir='ltr'>Cedule</span> <span class='ocrx_word' id='word_1_222' title='bbox 577 1381 732 1420; x_wconf 80' lang='lat' dir='ltr'>predicte</span> <span class='ocrx_word' id='word_1_223' title='bbox 757 1382 986 1420; x_wconf 83' lang='lat' dir='ltr'>continentes,</span> <span class='ocrx_word' id='word_1_224' title='bbox 1005 1382 1117 1421; x_wconf 81' lang='lat' dir='ltr'>sigillo</span> <span class='ocrx_word' id='word_1_225' title='bbox 1141 1382 1319 1411; x_wconf 82' lang='lat' dir='ltr'>autentico</span> <span class='ocrx_word' id='word_1_226' title='bbox 1340 1381 1733 1420; x_wconf 67' lang='lat' dir='ltr'>consignatas—Dated</span> 
     </span>
     <span class='ocr_line' id='line_1_26' title="bbox 363 1425 701 1464; baseline 0.006 -11"><span class='ocrx_word' id='word_1_227' title='bbox 363 1425 516 1462; x_wconf 83' lang='lat' dir='ltr'>London,</span> <span class='ocrx_word' id='word_1_228' title='bbox 536 1426 576 1455; x_wconf 88' lang='grc'>19</span> <span class='ocrx_word' id='word_1_229' title='bbox 592 1425 701 1464; x_wconf 76' lang='lat' dir='ltr'>April.</span> 
     </span>
    </p>
   </div>
   <div class='ocr_carea' id='block_1_5' title="bbox 315 1488 1532 1542">
    <p class='ocr_par' dir='ltr' id='par_1_5' title="bbox 315 1488 1532 1542">
     <span class='ocr_line' id='line_1_27' title="bbox 315 1488 1532 1542; baseline 0.001 -17"><span class='ocrx_word' id='word_1_230' title='bbox 315 1488 523 1539; x_wconf 86' lang='lat' dir='ltr'>Hemyock</span> <span class='ocrx_word' id='word_1_231' title='bbox 546 1488 783 1542; x_wconf 77' lang='lat' dir='ltr'>[Hemyoke,</span> <span class='ocrx_word' id='word_1_232' title='bbox 808 1489 906 1542; x_wconf 74' lang='lat' dir='ltr'>Ms]</span> <span class='ocrx_word' id='word_1_233' title='bbox 925 1504 934 1536; x_wconf 90' lang='grc'>;</span> <span class='ocrx_word' id='word_1_234' title='bbox 964 1491 1027 1528; x_wconf 77' lang='lat' dir='ltr'>Sir</span> <span class='ocrx_word' id='word_1_235' title='bbox 1047 1489 1225 1527; x_wconf 82' lang='lat' dir='ltr'>Richard</span> <span class='ocrx_word' id='word_1_236' title='bbox 1245 1490 1390 1539; x_wconf 81' lang='lat' dir='ltr'>Spicer,</span> <span class='ocrx_word' id='word_1_237' title='bbox 1414 1490 1532 1535; x_wconf 79' lang='lat' dir='ltr'>R.‚-</span> 
     </span>
    </p>
   </div>
   <div class='ocr_carea' id='block_1_6' title="bbox 318 1544 1470 1586">
    <p class='ocr_par' dir='ltr' id='par_1_6' title="bbox 318 1544 1470 1586">
     <span class='ocr_line' id='line_1_28' title="bbox 318 1544 1470 1586; baseline 0.001 -12"><span class='ocrx_word' id='word_1_238' title='bbox 318 1544 462 1574; x_wconf 83' lang='lat' dir='ltr'>Lieence</span> <span class='ocrx_word' id='word_1_239' title='bbox 479 1544 515 1574; x_wconf 82' lang='lat' dir='ltr'>of</span> <span class='ocrx_word' id='word_1_240' title='bbox 538 1546 802 1575; x_wconf 81' lang='lat' dir='ltr'>non-residence</span> <span class='ocrx_word' id='word_1_241' title='bbox 819 1545 874 1575; x_wconf 84' lang='lat' dir='ltr'>for</span> <span class='ocrx_word' id='word_1_242' title='bbox 890 1549 958 1575; x_wconf 85' lang='lat' dir='ltr'>two</span> <span class='ocrx_word' id='word_1_243' title='bbox 974 1556 1076 1586; x_wconf 76' lang='lat' dir='ltr'>years</span> <span class='ocrx_word' id='word_1_244' title='bbox 1096 1544 1266 1585; x_wconf 65' lang='lat' dir='ltr'>(Londony</span> <span class='ocrx_word' id='word_1_245' title='bbox 1284 1546 1327 1575; x_wconf 81' lang='lat'>20</span> <span class='ocrx_word' id='word_1_246' title='bbox 1342 1546 1470 1584; x_wconf 85' lang='lat' dir='ltr'>April).</span> 
     </span>
    </p>
   </div>
   <div class='ocr_carea' id='block_1_7' title="bbox 707 2266 1288 2279">
    <p class='ocr_par' dir='ltr' id='par_1_7' title="bbox 707 2266 1288 2279">
     <span class='ocr_line' id='line_1_29' title="bbox 707 2266 1288 2279; baseline 0 0"><span class='ocrx_word' id='word_1_247' title='bbox 707 2266 1288 2279; x_wconf 95' lang='lat' dir='ltr'> </span> 
     </span>
    </p>
   </div>
   <div class='ocr_carea' id='block_1_8' title="bbox 703 2274 1278 2287">
    <p class='ocr_par' dir='ltr' id='par_1_8' title="bbox 703 2274 1278 2287">
     <span class='ocr_line' id='line_1_30' title="bbox 703 2274 1278 2287; baseline 0 0"><span class='ocrx_word' id='word_1_248' title='bbox 703 2274 1278 2287; x_wconf 95' lang='lat' dir='ltr'> </span> 
     </span>
    </p>
   </div>
   <div class='ocr_carea' id='block_1_9' title="bbox 0 1738 58 3062">
    <p class='ocr_par' dir='ltr' id='par_1_9' title="bbox 0 1738 58 3062">
     <span class='ocr_line' id='line_1_31' title="bbox 0 1738 58 3062; baseline 0 0"><span class='ocrx_word' id='word_1_249' title='bbox 0 1738 58 3062; x_wconf 95' lang='lat' dir='ltr'> </span> 
     </span>
    </p>
   </div>
  </div>
 </body>
</html>
