<?xml version="1.0" encoding="UTF-8"?>
<!DOCTYPE html PUBLIC "-//W3C//DTD XHTML 1.0 Transitional//EN"
    "http://www.w3.org/TR/xhtml1/DTD/xhtml1-transitional.dtd">
<html xmlns="http://www.w3.org/1999/xhtml" xml:lang="en" lang="en">
 <head>
  <title>
</title>
<meta http-equiv="Content-Type" content="text/html;charset=utf-8" />
  <meta name='ocr-system' content='tesseract 3.04.00' />
  <meta name='ocr-capabilities' content='ocr_page ocr_carea ocr_par ocr_line ocrx_word'/>
</head>
<body>
  <div class='ocr_page' id='page_1' title='image "./registerofthomas01cathuoft_0296.png"; bbox 0 0 1987 3062; ppageno 0'>
   <div class='ocr_carea' id='block_1_1' title="bbox 304 210 1622 263">
    <p class='ocr_par' dir='ltr' id='par_1_1' title="bbox 304 210 1622 263">
     <span class='ocr_line' id='line_1_1' title="bbox 304 210 1622 263; baseline 0.004 -7"><span class='ocrx_word' id='word_1_1' title='bbox 304 210 399 256; x_wconf 79' lang='lat'>270</span> <span class='ocrx_word' id='word_1_2' title='bbox 492 224 590 256; x_wconf 84' lang='lat' dir='ltr'>THE</span> <span class='ocrx_word' id='word_1_3' title='bbox 626 225 869 257; x_wconf 77' lang='lat' dir='ltr'><strong>REGISTER</strong></span> <span class='ocrx_word' id='word_1_4' title='bbox 905 225 965 257; x_wconf 87' lang='lat' dir='ltr'>OF</span> <span class='ocrx_word' id='word_1_5' title='bbox 1000 225 1177 257; x_wconf 84' lang='lat' dir='ltr'>BISHOP</span> <span class='ocrx_word' id='word_1_6' title='bbox 1213 225 1622 263; x_wconf 78' lang='lat' dir='ltr'>BRANTYNGHAM.</span> 
     </span>
    </p>
   </div>
   <div class='ocr_carea' id='block_1_2' title="bbox 298 323 1829 417">
    <p class='ocr_par' dir='ltr' id='par_1_2' title="bbox 298 323 1829 417">
     <span class='ocr_line' id='line_1_2' title="bbox 298 323 1828 382; baseline 0.003 -25"><span class='ocrx_word' id='word_1_7' title='bbox 298 323 378 382; x_wconf 44' lang='lat'>{³3:713-</span> <span class='ocrx_word' id='word_1_8' title='bbox 408 328 505 366; x_wconf 87' lang='lat' dir='ltr'>Item,</span> <span class='ocrx_word' id='word_1_9' title='bbox 522 329 610 367; x_wconf 85' lang='lat' dir='ltr'>apud</span> <span class='ocrx_word' id='word_1_10' title='bbox 629 328 785 359; x_wconf 79' lang='lat' dir='ltr'>Sanctam</span> <span class='ocrx_word' id='word_1_11' title='bbox 804 327 977 357; x_wconf 85' lang='lat' dir='ltr'>Mabenam</span> <span class='ocrx_word' id='word_1_12' title='bbox 995 327 1056 366; x_wconf 76' lang='lat' dir='ltr'>[St.</span> <span class='ocrx_word' id='word_1_13' title='bbox 1074 326 1222 367; x_wconf 63' lang='lat' dir='ltr'>Mabyn]</span> <span class='ocrx_word' id='word_1_14' title='bbox 1240 327 1343 368; x_wconf 75' lang='lat' dir='ltr'>xiiijto</span> <span class='ocrx_word' id='word_1_15' title='bbox 1360 329 1412 359; x_wconf 89' lang='lat' dir='ltr'>die</span> <span class='ocrx_word' id='word_1_16' title='bbox 1428 329 1509 360; x_wconf 86' lang='lat' dir='ltr'>dicti</span> <span class='ocrx_word' id='word_1_17' title='bbox 1525 331 1656 368; x_wconf 77' lang='lat' dir='ltr'>mensis,</span> <span class='ocrx_word' id='word_1_18' title='bbox 1676 331 1828 371; x_wconf 84' lang='lat' dir='ltr'>Reginal—</span> 
     </span>
     <span class='ocr_line' id='line_1_3' title="bbox 299 371 1829 417; baseline 0.003 -17"><span class='ocrx_word' id='word_1_19' title='bbox 299 377 401 417; x_wconf 42' lang='lat' dir='ltr'>VOL&#39;I·</span> <span class='ocrx_word' id='word_1_20' title='bbox 449 371 512 402; x_wconf 90' lang='lat' dir='ltr'>dus</span> <span class='ocrx_word' id='word_1_21' title='bbox 530 371 671 410; x_wconf 82' lang='lat' dir='ltr'>Heligan</span> <span class='ocrx_word' id='word_1_22' title='bbox 689 374 723 402; x_wconf 89' lang='lat' dir='ltr'>et</span> <span class='ocrx_word' id='word_1_23' title='bbox 740 371 813 411; x_wconf 87' lang='lat' dir='ltr'>ejus</span> <span class='ocrx_word' id='word_1_24' title='bbox 830 381 913 401; x_wconf 83' lang='lat' dir='ltr'>nxor</span> <span class='ocrx_word' id='word_1_25' title='bbox 930 371 1122 401; x_wconf 83' lang='lat' dir='ltr'>habuerunt</span> <span class='ocrx_word' id='word_1_26' title='bbox 1138 371 1343 402; x_wconf 82' lang='lat' dir='ltr'>consimilem</span> <span class='ocrx_word' id='word_1_27' title='bbox 1368 372 1553 404; x_wconf 81' lang='lat' dir='ltr'>Licenciam</span> <span class='ocrx_word' id='word_1_28' title='bbox 1569 374 1602 404; x_wconf 89' lang='lat' dir='ltr'>in</span> <span class='ocrx_word' id='word_1_29' title='bbox 1620 375 1752 414; x_wconf 83' lang='lat' dir='ltr'>Capella</span> <span class='ocrx_word' id='word_1_30' title='bbox 1769 385 1829 405; x_wconf 84' lang='lat' dir='ltr'>sua</span> 
     </span>
    </p>
   </div>
   <div class='ocr_carea' id='block_1_3' title="bbox 299 416 885 455">
    <p class='ocr_par' dir='ltr' id='par_1_3' title="bbox 299 416 885 455">
     <span class='ocr_line' id='line_1_4' title="bbox 299 416 885 455; baseline -0.003 -8"><span class='ocrx_word' id='word_1_31' title='bbox 299 423 346 450; x_wconf 85' lang='lat' dir='ltr'>fol.</span> <span class='ocrx_word' id='word_1_32' title='bbox 360 425 400 450; x_wconf 73' lang='lat'>2⁴2.</span> <span class='ocrx_word' id='word_1_33' title='bbox 448 416 489 446; x_wconf 90' lang='lat' dir='ltr'>de</span> <span class='ocrx_word' id='word_1_34' title='bbox 508 416 659 455; x_wconf 88' lang='lat' dir='ltr'>Heligan,</span> <span class='ocrx_word' id='word_1_35' title='bbox 678 425 735 455; x_wconf 87' lang='lat' dir='ltr'>per</span> <span class='ocrx_word' id='word_1_36' title='bbox 750 425 885 445; x_wconf 87' lang='lat' dir='ltr'>annum.</span> 
     </span>
    </p>
   </div>
   <div class='ocr_carea' id='block_1_4' title="bbox 296 469 1826 757">
    <p class='ocr_par' dir='ltr' id='par_1_4' title="bbox 296 469 1826 757">
     <span class='ocr_line' id='line_1_5' title="bbox 408 469 1105 520; baseline -0.004 -12"><span class='ocrx_word' id='word_1_37' title='bbox 408 471 669 520; x_wconf 82' lang='lat' dir='ltr'>Illegitimacy</span> <span class='ocrx_word' id='word_1_38' title='bbox 687 484 696 516; x_wconf 81' lang='lat'>3</span> <span class='ocrx_word' id='word_1_39' title='bbox 725 469 1105 517; x_wconf 64' lang='lat' dir='ltr'>Dispensaciones‚—</span> 
     </span>
     <span class='ocr_line' id='line_1_6' title="bbox 408 523 1826 584; baseline 0 -28"><span class='ocrx_word' id='word_1_40' title='bbox 408 527 447 557; x_wconf 91' lang='lat' dir='ltr'>In</span> <span class='ocrx_word' id='word_1_41' title='bbox 472 526 590 584; x_wconf 57' lang='lat' dir='ltr'>favour</span> <span class='ocrx_word' id='word_1_42' title='bbox 613 525 647 554; x_wconf 78' lang='lat' dir='ltr'>of</span> <span class='ocrx_word' id='word_1_43' title='bbox 669 524 759 555; x_wconf 70' lang='lat' dir='ltr'>,John</span> <span class='ocrx_word' id='word_1_44' title='bbox 783 524 920 563; x_wconf 79' lang='lat' dir='ltr'>Tregeu,</span> <span class='ocrx_word' id='word_1_45' title='bbox 944 523 1042 561; x_wconf 86' lang='lat' dir='ltr'>clerk,</span> <span class='ocrx_word' id='word_1_46' title='bbox 1069 523 1140 553; x_wconf 82' lang='lat' dir='ltr'>“de</span> <span class='ocrx_word' id='word_1_47' title='bbox 1164 523 1274 553; x_wconf 85' lang='lat' dir='ltr'>soluto</span> <span class='ocrx_word' id='word_1_48' title='bbox 1297 524 1430 563; x_wconf 85' lang='lat' dir='ltr'>genitus</span> <span class='ocrx_word' id='word_1_49' title='bbox 1454 528 1488 555; x_wconf 84' lang='lat' dir='ltr'>et</span> <span class='ocrx_word' id='word_1_50' title='bbox 1511 525 1651 555; x_wconf 86' lang='lat' dir='ltr'>soluta&#39;’</span> <span class='ocrx_word' id='word_1_51' title='bbox 1669 525 1826 566; x_wconf 83' lang='lat' dir='ltr'>(Penryn,</span> 
     </span>
     <span class='ocr_line' id='line_1_7' title="bbox 405 569 1541 652; baseline 0.004 -16"><span class='ocrx_word' id='word_1_52' title='bbox 405 569 736 652; x_wconf 52' lang='lat' dir='ltr'>—}gillilgSzzuiider,</span> <span class='ocrx_word' id='word_1_53' title='bbox 755 610 891 648; x_wconf 88' lang='lat' dir='ltr'>scholar,</span> <span class='ocrx_word' id='word_1_54' title='bbox 911 610 928 624; x_wconf 85' lang='lat'>“</span> <span class='ocrx_word' id='word_1_55' title='bbox 942 609 1095 640; x_wconf 88' lang='lat' dir='ltr'>similiter</span> <span class='ocrx_word' id='word_1_56' title='bbox 1108 609 1126 621; x_wconf 77' lang='lat'>&#39;⁹</span> <span class='ocrx_word' id='word_1_57' title='bbox 1144 610 1357 649; x_wconf 86' lang='lat' dir='ltr'>(Lawhitton,</span> <span class='ocrx_word' id='word_1_58' title='bbox 1378 612 1416 641; x_wconf 88' lang='grc'>16</span> <span class='ocrx_word' id='word_1_59' title='bbox 1434 611 1541 651; x_wconf 80' lang='lat' dir='ltr'>July).</span> 
     </span>
     <span class='ocr_line' id='line_1_8' title="bbox 404 653 1672 695; baseline 0 -9"><span class='ocrx_word' id='word_1_60' title='bbox 404 656 591 686; x_wconf 89' lang='lat' dir='ltr'>—William</span> <span class='ocrx_word' id='word_1_61' title='bbox 611 655 770 693; x_wconf 77' lang='lat' dir='ltr'>Com-aye,</span> <span class='ocrx_word' id='word_1_62' title='bbox 788 654 924 691; x_wconf 89' lang='lat' dir='ltr'>scholar,</span> <span class='ocrx_word' id='word_1_63' title='bbox 946 653 963 667; x_wconf 90' lang='lat'><strong><em>“</em></strong></span> <span class='ocrx_word' id='word_1_64' title='bbox 977 653 1130 683; x_wconf 84' lang='lat' dir='ltr'>similiter</span> <span class='ocrx_word' id='word_1_65' title='bbox 1144 653 1160 664; x_wconf 75' lang='lat'>&#39;⁷</span> <span class='ocrx_word' id='word_1_66' title='bbox 1179 653 1365 692; x_wconf 84' lang='lat' dir='ltr'>(Wyke-St.</span> <span class='ocrx_word' id='word_1_67' title='bbox 1385 654 1490 695; x_wconf 77' lang='lat' dir='ltr'>Mary,</span> <span class='ocrx_word' id='word_1_68' title='bbox 1511 656 1549 685; x_wconf 86' lang='lat'>19</span> <span class='ocrx_word' id='word_1_69' title='bbox 1567 655 1672 695; x_wconf 84' lang='lat' dir='ltr'>July).</span> 
     </span>
     <span class='ocr_line' id='line_1_9' title="bbox 296 708 1822 757; baseline -0.001 -9"><span class='ocrx_word' id='word_1_70' title='bbox 296 712 353 742; x_wconf 78' lang='lat' dir='ltr'><strong>[f0¹·</strong></span> <span class='ocrx_word' id='word_1_71' title='bbox 406 709 672 749; x_wconf 80' lang='lat' dir='ltr'>Matrimonial</span> <span class='ocrx_word' id='word_1_72' title='bbox 689 723 698 755; x_wconf 75' lang='lat'><em>3</em></span> <span class='ocrx_word' id='word_1_73' title='bbox 733 709 975 756; x_wconf 70' lang='lat' dir='ltr'>Dispeusacio</span> <span class='ocrx_word' id='word_1_74' title='bbox 996 708 1157 744; x_wconf 66' lang='lat' dir='ltr'>Domini</span> <span class='ocrx_word' id='word_1_75' title='bbox 1178 708 1380 756; x_wconf 69' lang='lat' dir='ltr'>Rczclulphz‘</span> <span class='ocrx_word' id='word_1_76' title='bbox 1402 708 1641 757; x_wconf 73' lang='lat' dir='ltr'>Carmynow,</span> <span class='ocrx_word' id='word_1_77' title='bbox 1666 710 1822 755; x_wconf 70' lang='lat' dir='ltr'>Militis,</span> 
     </span>
    </p>
   </div>
   <div class='ocr_carea' id='block_1_5' title="bbox 294 746 1823 811">
    <p class='ocr_par' dir='ltr' id='par_1_5' title="bbox 294 746 1823 811">
     <span class='ocr_line' id='line_1_10' title="bbox 294 747 301 759; baseline 0 0"><span class='ocrx_word' id='word_1_78' title='bbox 294 747 301 759; x_wconf 51' lang='grc' dir='ltr'><strong><em>ς</em></strong></span> 
     </span>
     <span class='ocr_line' id='line_1_11' title="bbox 295 746 1823 811; baseline -0.002 -7"><span class='ocrx_word' id='word_1_79' title='bbox 295 746 391 811; x_wconf 39' lang='lat'>[3231</span> <span class='ocrx_word' id='word_1_80' title='bbox 458 772 491 802; x_wconf 73' lang='lat' dir='ltr'>et</span> <span class='ocrx_word' id='word_1_81' title='bbox 511 764 696 801; x_wconf 74' lang='lat' dir='ltr'>Katerz&#39;ne</span> <span class='ocrx_word' id='word_1_82' title='bbox 726 763 769 800; x_wconf 86' lang='lat' dir='ltr'><em>W</em></span> <span class='ocrx_word' id='word_1_83' title='bbox 768 763 936 808; x_wconf 79' lang='lat' dir='ltr'>odelond,</span> <span class='ocrx_word' id='word_1_84' title='bbox 960 765 1036 809; x_wconf 76' lang='lat' dir='ltr'>ejus</span> <span class='ocrx_word' id='word_1_85' title='bbox 1055 763 1195 807; x_wconf 67' lang='lat' dir='ltr'>uxoris,</span> <span class='ocrx_word' id='word_1_86' title='bbox 1214 763 1257 798; x_wconf 77' lang='lat' dir='ltr'>z&#39;n</span> <span class='ocrx_word' id='word_1_87' title='bbox 1275 763 1402 809; x_wconf 69' lang='lat' dir='ltr'>yradu</span> <span class='ocrx_word' id='word_1_88' title='bbox 1421 776 1446 800; x_wconf 78' lang='lat' dir='ltr'>a</span> <span class='ocrx_word' id='word_1_89' title='bbox 1456 766 1547 811; x_wconf 76' lang='lat' dir='ltr'>jure</span> <span class='ocrx_word' id='word_1_90' title='bbox 1560 764 1766 811; x_wconf 56' lang='lat' dir='ltr'>prohibito,</span> <span class='ocrx_word' id='word_1_91' title='bbox 1779 788 1823 792; x_wconf 89' lang='lat'>-—</span> 
     </span>
    </p>
   </div>
   <div class='ocr_carea' id='block_1_6' title="bbox 288 814 1823 2856">
    <p class='ocr_par' dir='ltr' id='par_1_6' title="bbox 296 814 1823 2075">
     <span class='ocr_line' id='line_1_12' title="bbox 296 814 1822 858; baseline -0.001 -8"><span class='ocrx_word' id='word_1_92' title='bbox 296 814 356 843; x_wconf 52' lang='grc' dir='ltr'>ω’]</span> <span class='ocrx_word' id='word_1_93' title='bbox 404 819 567 851; x_wconf 80' lang='lat' dir='ltr'>Omnibus</span> <span class='ocrx_word' id='word_1_94' title='bbox 585 828 728 858; x_wconf 88' lang='lat' dir='ltr'>quorum</span> <span class='ocrx_word' id='word_1_95' title='bbox 746 817 897 854; x_wconf 77' lang='lat' dir='ltr'>in&#39;terest,</span> <span class='ocrx_word' id='word_1_96' title='bbox 916 827 973 846; x_wconf 84' lang='lat' dir='ltr'>seu</span> <span class='ocrx_word' id='word_1_97' title='bbox 992 816 1150 846; x_wconf 75' lang='lat' dir='ltr'>interesse</span> <span class='ocrx_word' id='word_1_98' title='bbox 1174 817 1305 856; x_wconf 83' lang='lat' dir='ltr'>poterit,</span> <span class='ocrx_word' id='word_1_99' title='bbox 1323 817 1357 846; x_wconf 87' lang='lat' dir='ltr'>in</span> <span class='ocrx_word' id='word_1_100' title='bbox 1374 817 1434 847; x_wconf 86' lang='lat' dir='ltr'>hac</span> <span class='ocrx_word' id='word_1_101' title='bbox 1452 822 1555 857; x_wconf 85' lang='lat' dir='ltr'>parte,</span> <span class='ocrx_word' id='word_1_102' title='bbox 1576 818 1729 856; x_wconf 79' lang='lat' dir='ltr'>Thomas,</span> <span class='ocrx_word' id='word_1_103' title='bbox 1750 822 1822 857; x_wconf 86' lang='lat' dir='ltr'>etc.,</span> 
     </span>
     <span class='ocr_line' id='line_1_13' title="bbox 445 859 1823 899; baseline -0.001 -6"><span class='ocrx_word' id='word_1_104' title='bbox 445 863 597 899; x_wconf 84' lang='lat' dir='ltr'>salutem,</span> <span class='ocrx_word' id='word_1_105' title='bbox 616 864 676 891; x_wconf 85' lang='lat' dir='ltr'>etc.</span> <span class='ocrx_word' id='word_1_106' title='bbox 689 860 778 890; x_wconf 85' lang='lat' dir='ltr'>—Ex</span> <span class='ocrx_word' id='word_1_107' title='bbox 796 860 900 891; x_wconf 91' lang='lat' dir='ltr'>Officii</span> <span class='ocrx_word' id='word_1_108' title='bbox 925 860 1029 890; x_wconf 85' lang='lat' dir='ltr'>nostri</span> <span class='ocrx_word' id='word_1_109' title='bbox 1053 859 1147 889; x_wconf 88' lang='lat' dir='ltr'>nobis</span> <span class='ocrx_word' id='word_1_110' title='bbox 1170 860 1335 890; x_wconf 81' lang='lat' dir='ltr'>commissi</span> <span class='ocrx_word' id='word_1_111' title='bbox 1351 860 1474 897; x_wconf 84' lang='lat' dir='ltr'>debito,</span> <span class='ocrx_word' id='word_1_112' title='bbox 1494 861 1656 891; x_wconf 89' lang='lat' dir='ltr'>Diocesim</span> <span class='ocrx_word' id='word_1_113' title='bbox 1675 865 1823 892; x_wconf 87' lang='lat' dir='ltr'>nostram</span> 
     </span>
     <span class='ocr_line' id='line_1_14' title="bbox 446 903 1823 941; baseline -0.001 -5"><span class='ocrx_word' id='word_1_114' title='bbox 446 905 667 937; x_wconf 79' lang='lat' dir='ltr'>Exoniensem</span> <span class='ocrx_word' id='word_1_115' title='bbox 694 903 869 934; x_wconf 84' lang='lat' dir='ltr'>actualiter</span> <span class='ocrx_word' id='word_1_116' title='bbox 897 903 1080 941; x_wconf 84' lang='lat' dir='ltr'>visitantes,</span> <span class='ocrx_word' id='word_1_117' title='bbox 1110 903 1224 933; x_wconf 87' lang='lat' dir='ltr'>eadem</span> <span class='ocrx_word' id='word_1_118' title='bbox 1250 903 1449 933; x_wconf 85' lang='lat' dir='ltr'>Visitacione</span> <span class='ocrx_word' id='word_1_119' title='bbox 1480 904 1623 934; x_wconf 78' lang='lat' dir='ltr'>durante</span> <span class='ocrx_word' id='word_1_120' title='bbox 1652 905 1823 935; x_wconf 86' lang='lat' dir='ltr'>detectum</span> 
     </span>
     <span class='ocr_line' id='line_1_15' title="bbox 446 946 1822 988; baseline -0.001 -8"><span class='ocrx_word' id='word_1_121' title='bbox 446 953 517 980; x_wconf 86' lang='lat' dir='ltr'>erat</span> <span class='ocrx_word' id='word_1_122' title='bbox 532 958 640 980; x_wconf 82' lang='lat' dir='ltr'>coram</span> <span class='ocrx_word' id='word_1_123' title='bbox 658 947 751 977; x_wconf 89' lang='lat' dir='ltr'>nobis</span> <span class='ocrx_word' id='word_1_124' title='bbox 775 950 808 977; x_wconf 90' lang='lat' dir='ltr'>et</span> <span class='ocrx_word' id='word_1_125' title='bbox 832 947 981 977; x_wconf 80' lang='lat' dir='ltr'>delatum</span> <span class='ocrx_word' id='word_1_126' title='bbox 1005 947 1094 986; x_wconf 88' lang='lat' dir='ltr'>quod</span> <span class='ocrx_word' id='word_1_127' title='bbox 1118 946 1246 976; x_wconf 77' lang='lat' dir='ltr'>Nobilis</span> <span class='ocrx_word' id='word_1_128' title='bbox 1264 947 1330 985; x_wconf 86' lang='lat' dir='ltr'>Vir,</span> <span class='ocrx_word' id='word_1_129' title='bbox 1349 947 1513 977; x_wconf 83' lang='lat' dir='ltr'>Dominus</span> <span class='ocrx_word' id='word_1_130' title='bbox 1532 948 1727 988; x_wconf 77' lang='lat' dir='ltr'>Radulphus</span> <span class='ocrx_word' id='word_1_131' title='bbox 1745 949 1822 978; x_wconf 70' lang='lat' dir='ltr'>Car-</span> 
     </span>
     <span class='ocr_line' id='line_1_16' title="bbox 445 989 1822 1034; baseline -0.001 -11"><span class='ocrx_word' id='word_1_132' title='bbox 445 1002 606 1034; x_wconf 84' lang='lat' dir='ltr'>mynowe,</span> <span class='ocrx_word' id='word_1_133' title='bbox 632 991 735 1028; x_wconf 88' lang='lat' dir='ltr'>Miles,</span> <span class='ocrx_word' id='word_1_134' title='bbox 761 994 795 1021; x_wconf 89' lang='lat' dir='ltr'>et</span> <span class='ocrx_word' id='word_1_135' title='bbox 820 991 980 1020; x_wconf 81' lang='lat' dir='ltr'>Katerina</span> <span class='ocrx_word' id='word_1_136' title='bbox 1008 990 1197 1028; x_wconf 88' lang='lat' dir='ltr'>Wodelond,</span> <span class='ocrx_word' id='word_1_137' title='bbox 1223 989 1374 1029; x_wconf 83' lang='lat' dir='ltr'>ejusdem</span> <span class='ocrx_word' id='word_1_138' title='bbox 1403 990 1558 1028; x_wconf 89' lang='lat' dir='ltr'>Diocesis,</span> <span class='ocrx_word' id='word_1_139' title='bbox 1577 992 1822 1031; x_wconf 73' lang='lat' dir='ltr'>consanguinei,</span> 
     </span>
     <span class='ocr_line' id='line_1_17' title="bbox 445 1033 1821 1074; baseline -0.002 -7"><span class='ocrx_word' id='word_1_140' title='bbox 445 1035 695 1067; x_wconf 74' lang='lat' dir='ltr'>matrimonium</span> <span class='ocrx_word' id='word_1_141' title='bbox 714 1034 896 1064; x_wconf 76' lang='lat' dir='ltr'>adinvicem</span> <span class='ocrx_word' id='word_1_142' title='bbox 914 1036 1161 1070; x_wconf 79' lang='lat' dir='ltr'>contraxerunt,</span> <span class='ocrx_word' id='word_1_143' title='bbox 1180 1036 1213 1063; x_wconf 86' lang='lat' dir='ltr'>et</span> <span class='ocrx_word' id='word_1_144' title='bbox 1230 1033 1312 1063; x_wconf 86' lang='lat' dir='ltr'>illud</span> <span class='ocrx_word' id='word_1_145' title='bbox 1329 1033 1363 1063; x_wconf 87' lang='lat' dir='ltr'>in</span> <span class='ocrx_word' id='word_1_146' title='bbox 1380 1033 1461 1063; x_wconf 80' lang='lat' dir='ltr'>facie</span> <span class='ocrx_word' id='word_1_147' title='bbox 1488 1034 1630 1064; x_wconf 84' lang='lat' dir='ltr'>Ecclesie</span> <span class='ocrx_word' id='word_1_148' title='bbox 1646 1035 1821 1074; x_wconf 85' lang='lat' dir='ltr'>solempni-</span> 
     </span>
     <span class='ocr_line' id='line_1_18' title="bbox 445 1077 1820 1120; baseline -0.001 -10"><span class='ocrx_word' id='word_1_149' title='bbox 445 1080 511 1111; x_wconf 85' lang='lat' dir='ltr'>zari</span> <span class='ocrx_word' id='word_1_150' title='bbox 527 1080 748 1120; x_wconf 85' lang='lat' dir='ltr'>procurarunt</span> <span class='ocrx_word' id='word_1_151' title='bbox 763 1081 797 1107; x_wconf 87' lang='lat' dir='ltr'>et</span> <span class='ocrx_word' id='word_1_152' title='bbox 814 1077 974 1114; x_wconf 84' lang='lat' dir='ltr'>fecerunt,</span> <span class='ocrx_word' id='word_1_153' title='bbox 993 1079 1027 1106; x_wconf 88' lang='lat' dir='ltr'>et</span> <span class='ocrx_word' id='word_1_154' title='bbox 1043 1081 1205 1116; x_wconf 85' lang='lat' dir='ltr'>tanquam</span> <span class='ocrx_word' id='word_1_155' title='bbox 1224 1077 1272 1106; x_wconf 87' lang='lat' dir='ltr'>vir</span> <span class='ocrx_word' id='word_1_156' title='bbox 1288 1080 1322 1106; x_wconf 84' lang='lat' dir='ltr'>et</span> <span class='ocrx_word' id='word_1_157' title='bbox 1341 1087 1422 1106; x_wconf 81' lang='lat' dir='ltr'>uxor</span> <span class='ocrx_word' id='word_1_158' title='bbox 1438 1077 1682 1115; x_wconf 84' lang='lat' dir='ltr'>cohabitarunt,</span> <span class='ocrx_word' id='word_1_159' title='bbox 1697 1079 1729 1108; x_wconf 90' lang='lat' dir='ltr'>in</span> <span class='ocrx_word' id='word_1_160' title='bbox 1744 1089 1820 1109; x_wconf 84' lang='lat' dir='ltr'>casu</span> 
     </span>
     <span class='ocr_line' id='line_1_19' title="bbox 445 1119 1819 1164; baseline -0.001 -10"><span class='ocrx_word' id='word_1_161' title='bbox 445 1134 464 1154; x_wconf 87' lang='lat' dir='ltr'>a</span> <span class='ocrx_word' id='word_1_162' title='bbox 479 1124 554 1164; x_wconf 83' lang='lat' dir='ltr'>jure</span> <span class='ocrx_word' id='word_1_163' title='bbox 571 1132 635 1152; x_wconf 89' lang='lat' dir='ltr'>non</span> <span class='ocrx_word' id='word_1_164' title='bbox 654 1121 811 1161; x_wconf 82' lang='lat' dir='ltr'>permisso</span> <span class='ocrx_word' id='word_1_165' title='bbox 827 1132 834 1157; x_wconf 89' lang='lat'>;</span> <span class='ocrx_word' id='word_1_166' title='bbox 858 1131 958 1160; x_wconf 84' lang='lat' dir='ltr'>snper</span> <span class='ocrx_word' id='word_1_167' title='bbox 974 1120 1097 1159; x_wconf 82' lang='lat' dir='ltr'>quibus</span> <span class='ocrx_word' id='word_1_168' title='bbox 1111 1121 1242 1149; x_wconf 85' lang='lat' dir='ltr'>eosdem</span> <span class='ocrx_word' id='word_1_169' title='bbox 1268 1119 1483 1160; x_wconf 85' lang='lat' dir='ltr'>Radulphum</span> <span class='ocrx_word' id='word_1_170' title='bbox 1500 1124 1534 1151; x_wconf 86' lang='lat' dir='ltr'>et</span> <span class='ocrx_word' id='word_1_171' title='bbox 1551 1121 1746 1152; x_wconf 80' lang='lat' dir='ltr'>Katerinam</span> <span class='ocrx_word' id='word_1_172' title='bbox 1770 1132 1819 1152; x_wconf 89' lang='lat' dir='ltr'>co-</span> 
     </span>
     <span class='ocr_line' id='line_1_20' title="bbox 446 1161 1819 1205; baseline -0.001 -8"><span class='ocrx_word' id='word_1_173' title='bbox 446 1177 515 1197; x_wconf 83' lang='lat' dir='ltr'>ram</span> <span class='ocrx_word' id='word_1_174' title='bbox 532 1166 626 1196; x_wconf 86' lang='lat' dir='ltr'>nobis</span> <span class='ocrx_word' id='word_1_175' title='bbox 643 1164 782 1195; x_wconf 84' lang='lat' dir='ltr'>fecimus</span> <span class='ocrx_word' id='word_1_176' title='bbox 800 1165 840 1194; x_wconf 87' lang='lat' dir='ltr'>ad</span> <span class='ocrx_word' id='word_1_177' title='bbox 856 1164 1019 1204; x_wconf 81' lang='lat' dir='ltr'>judicium</span> <span class='ocrx_word' id='word_1_178' title='bbox 1035 1163 1172 1194; x_wconf 83' lang='lat' dir='ltr'>evocari.</span> <span class='ocrx_word' id='word_1_179' title='bbox 1218 1161 1309 1201; x_wconf 83' lang='lat' dir='ltr'>Pars,</span> <span class='ocrx_word' id='word_1_180' title='bbox 1335 1173 1420 1202; x_wconf 84' lang='lat' dir='ltr'>vero,</span> <span class='ocrx_word' id='word_1_181' title='bbox 1445 1164 1605 1203; x_wconf 79' lang='lat' dir='ltr'>ipsorum,</span> <span class='ocrx_word' id='word_1_182' title='bbox 1625 1175 1683 1204; x_wconf 88' lang='lat' dir='ltr'>pro</span> <span class='ocrx_word' id='word_1_183' title='bbox 1699 1165 1819 1205; x_wconf 87' lang='lat' dir='ltr'>justifi-</span> 
     </span>
     <span class='ocr_line' id='line_1_21' title="bbox 445 1206 1820 1248; baseline -0.001 -8"><span class='ocrx_word' id='word_1_184' title='bbox 445 1210 575 1241; x_wconf 82' lang='lat' dir='ltr'>cacione</span> <span class='ocrx_word' id='word_1_185' title='bbox 592 1209 827 1248; x_wconf 84' lang='lat' dir='ltr'>predictorum,</span> <span class='ocrx_word' id='word_1_186' title='bbox 846 1207 974 1237; x_wconf 84' lang='lat' dir='ltr'>Literas</span> <span class='ocrx_word' id='word_1_187' title='bbox 1000 1206 1287 1244; x_wconf 81' lang='lat' dir='ltr'>Reverendissimi‚</span> <span class='ocrx_word' id='word_1_188' title='bbox 1314 1209 1390 1245; x_wconf 57' lang='lat' dir='ltr'>etc„</span> <span class='ocrx_word' id='word_1_189' title='bbox 1417 1208 1552 1237; x_wconf 83' lang='lat' dir='ltr'>Domini</span> <span class='ocrx_word' id='word_1_190' title='bbox 1568 1208 1723 1246; x_wconf 86' lang='lat' dir='ltr'>Simonis,</span> <span class='ocrx_word' id='word_1_191' title='bbox 1742 1208 1820 1239; x_wconf 84' lang='lat' dir='ltr'>Car-</span> 
     </span>
     <span class='ocr_line' id='line_1_22' title="bbox 446 1249 1822 1291; baseline -0.001 -7"><span class='ocrx_word' id='word_1_192' title='bbox 446 1253 565 1284; x_wconf 86' lang='lat' dir='ltr'>dinalis</span> <span class='ocrx_word' id='word_1_193' title='bbox 589 1251 800 1291; x_wconf 73' lang='lat' dir='ltr'>infrascripti,</span> <span class='ocrx_word' id='word_1_194' title='bbox 826 1251 867 1280; x_wconf 89' lang='lat' dir='ltr'>de</span> <span class='ocrx_word' id='word_1_195' title='bbox 890 1250 991 1280; x_wconf 85' lang='lat' dir='ltr'>verbo</span> <span class='ocrx_word' id='word_1_196' title='bbox 1014 1250 1055 1280; x_wconf 83' lang='lat' dir='ltr'>ad</span> <span class='ocrx_word' id='word_1_197' title='bbox 1080 1249 1219 1280; x_wconf 88' lang='lat' dir='ltr'>verbum</span> <span class='ocrx_word' id='word_1_198' title='bbox 1243 1253 1392 1280; x_wconf 87' lang='lat' dir='ltr'>tenorem</span> <span class='ocrx_word' id='word_1_199' title='bbox 1417 1251 1475 1290; x_wconf 89' lang='lat' dir='ltr'>qui</span> <span class='ocrx_word' id='word_1_200' title='bbox 1499 1251 1653 1291; x_wconf 84' lang='lat' dir='ltr'>seqnitur</span> <span class='ocrx_word' id='word_1_201' title='bbox 1669 1252 1822 1283; x_wconf 81' lang='lat' dir='ltr'>exhibuit</span> 
     </span>
     <span class='ocr_line' id='line_1_23' title="bbox 447 1293 1821 1333; baseline -0.001 -6"><span class='ocrx_word' id='word_1_202' title='bbox 447 1295 838 1333; x_wconf 83' lang='lat' dir='ltr'>continentes,—Sim0n,</span> <span class='ocrx_word' id='word_1_203' title='bbox 864 1293 1076 1324; x_wconf 78' lang='lat' dir='ltr'>miseracione</span> <span class='ocrx_word' id='word_1_204' title='bbox 1102 1293 1220 1323; x_wconf 71' lang='lat' dir='ltr'>Divina</span> <span class='ocrx_word' id='word_1_205' title='bbox 1245 1293 1350 1323; x_wconf 88' lang='lat' dir='ltr'>Tituli</span> <span class='ocrx_word' id='word_1_206' title='bbox 1375 1294 1488 1324; x_wconf 78' lang='lat' dir='ltr'>Sancti</span> <span class='ocrx_word' id='word_1_207' title='bbox 1512 1295 1599 1325; x_wconf 77' lang='lat' dir='ltr'>Sixti</span> <span class='ocrx_word' id='word_1_208' title='bbox 1623 1295 1743 1326; x_wconf 80' lang='lat' dir='ltr'>Sancte</span> <span class='ocrx_word' id='word_1_209' title='bbox 1761 1296 1821 1326; x_wconf 84' lang='lat' dir='ltr'>Ro-</span> 
     </span>
     <span class='ocr_line' id='line_1_24' title="bbox 445 1336 1822 1379; baseline -0.002 -9"><span class='ocrx_word' id='word_1_210' title='bbox 445 1351 542 1370; x_wconf 84' lang='lat' dir='ltr'>mane</span> <span class='ocrx_word' id='word_1_211' title='bbox 559 1338 703 1370; x_wconf 84' lang='lat' dir='ltr'>Ecclesie</span> <span class='ocrx_word' id='word_1_212' title='bbox 721 1338 885 1368; x_wconf 83' lang='lat' dir='ltr'>Presbiter</span> <span class='ocrx_word' id='word_1_213' title='bbox 903 1337 1098 1372; x_wconf 68' lang='lat' dir='ltr'>cardinalis,</span> <span class='ocrx_word' id='word_1_214' title='bbox 1112 1341 1184 1374; x_wconf 62' lang='lat' dir='ltr'>ete„</span> <span class='ocrx_word' id='word_1_215' title='bbox 1202 1336 1313 1366; x_wconf 83' lang='lat' dir='ltr'>Nobili</span> <span class='ocrx_word' id='word_1_216' title='bbox 1327 1337 1407 1367; x_wconf 86' lang='lat' dir='ltr'>Viro</span> <span class='ocrx_word' id='word_1_217' title='bbox 1422 1338 1596 1377; x_wconf 86' lang='lat' dir='ltr'>Radulpho</span> <span class='ocrx_word' id='word_1_218' title='bbox 1614 1339 1822 1379; x_wconf 86' lang='lat' dir='ltr'>Carmynow,</span> 
     </span>
     <span class='ocr_line' id='line_1_25' title="bbox 446 1380 1821 1422; baseline -0.001 -8"><span class='ocrx_word' id='word_1_219' title='bbox 446 1384 555 1422; x_wconf 82' lang='lat' dir='ltr'>Militi,</span> <span class='ocrx_word' id='word_1_220' title='bbox 573 1393 609 1413; x_wconf 84' lang='lat' dir='ltr'>ac</span> <span class='ocrx_word' id='word_1_221' title='bbox 626 1382 738 1412; x_wconf 89' lang='lat' dir='ltr'>Nobili</span> <span class='ocrx_word' id='word_1_222' title='bbox 755 1381 898 1419; x_wconf 84' lang='lat' dir='ltr'>Mulieri,</span> <span class='ocrx_word' id='word_1_223' title='bbox 918 1380 1076 1411; x_wconf 85' lang='lat' dir='ltr'>Katerine</span> <span class='ocrx_word' id='word_1_224' title='bbox 1092 1380 1283 1418; x_wconf 87' lang='lat' dir='ltr'>Wodelond,</span> <span class='ocrx_word' id='word_1_225' title='bbox 1301 1380 1454 1418; x_wconf 86' lang='lat' dir='ltr'>salutem,</span> <span class='ocrx_word' id='word_1_226' title='bbox 1472 1382 1721 1412; x_wconf 69' lang='lat' dir='ltr'>eto—Romani</span> <span class='ocrx_word' id='word_1_227' title='bbox 1739 1382 1821 1412; x_wconf 90' lang='lat' dir='ltr'>Pon-</span> 
     </span>
     <span class='ocr_line' id='line_1_26' title="bbox 445 1424 1820 1467; baseline -0.001 -10"><span class='ocrx_word' id='word_1_228' title='bbox 445 1428 543 1458; x_wconf 87' lang='lat' dir='ltr'>tificis</span> <span class='ocrx_word' id='word_1_229' title='bbox 561 1425 739 1467; x_wconf 83' lang='lat' dir='ltr'>precellens</span> <span class='ocrx_word' id='word_1_230' title='bbox 755 1425 916 1455; x_wconf 72' lang='lat' dir='ltr'>autoritas</span> <span class='ocrx_word' id='word_1_231' title='bbox 933 1434 1083 1454; x_wconf 81' lang='lat' dir='ltr'>concessa</span> <span class='ocrx_word' id='word_1_232' title='bbox 1099 1424 1161 1454; x_wconf 83' lang='lat' dir='ltr'>sibi</span> <span class='ocrx_word' id='word_1_233' title='bbox 1179 1424 1319 1463; x_wconf 78' lang='lat' dir='ltr'>desuper</span> <span class='ocrx_word' id='word_1_234' title='bbox 1341 1428 1518 1464; x_wconf 71' lang='lat' dir='ltr'>potestate,</span> <span class='ocrx_word' id='word_1_235' title='bbox 1533 1428 1603 1455; x_wconf 76' lang='lat' dir='ltr'>tam</span> <span class='ocrx_word' id='word_1_236' title='bbox 1621 1436 1678 1465; x_wconf 89' lang='lat' dir='ltr'>per</span> <span class='ocrx_word' id='word_1_237' title='bbox 1693 1436 1736 1464; x_wconf 89' lang='lat' dir='ltr'>se,</span> <span class='ocrx_word' id='word_1_238' title='bbox 1750 1428 1820 1456; x_wconf 74' lang='lat' dir='ltr'>tam</span> 
     </span>
     <span class='ocr_line' id='line_1_27' title="bbox 446 1467 1819 1509; baseline -0.001 -8"><span class='ocrx_word' id='word_1_239' title='bbox 446 1471 615 1501; x_wconf 84' lang='lat' dir='ltr'>interdum</span> <span class='ocrx_word' id='word_1_240' title='bbox 635 1480 692 1509; x_wconf 83' lang='lat' dir='ltr'>per</span> <span class='ocrx_word' id='word_1_241' title='bbox 708 1469 787 1499; x_wconf 87' lang='lat' dir='ltr'>alios</span> <span class='ocrx_word' id='word_1_242' title='bbox 803 1468 836 1498; x_wconf 90' lang='lat' dir='ltr'>in</span> <span class='ocrx_word' id='word_1_243' title='bbox 854 1478 937 1507; x_wconf 84' lang='lat' dir='ltr'>quos</span> <span class='ocrx_word' id='word_1_244' title='bbox 961 1470 1161 1507; x_wconf 84' lang='lat' dir='ltr'>potestatem</span> <span class='ocrx_word' id='word_1_245' title='bbox 1187 1477 1252 1507; x_wconf 90' lang='lat' dir='ltr'>quo</span> <span class='ocrx_word' id='word_1_246' title='bbox 1276 1467 1316 1497; x_wconf 82' lang='lat' dir='ltr'>ad</span> <span class='ocrx_word' id='word_1_247' title='bbox 1341 1467 1451 1507; x_wconf 83' lang='lat' dir='ltr'>aliqua</span> <span class='ocrx_word' id='word_1_248' title='bbox 1467 1478 1526 1508; x_wconf 84' lang='lat' dir='ltr'>pro</span> <span class='ocrx_word' id='word_1_249' title='bbox 1542 1472 1691 1508; x_wconf 86' lang='lat' dir='ltr'>tempore</span> <span class='ocrx_word' id='word_1_250' title='bbox 1715 1472 1819 1499; x_wconf 85' lang='lat' dir='ltr'>trans-</span> 
     </span>
     <span class='ocr_line' id='line_1_28' title="bbox 445 1511 1820 1552; baseline -0.001 -8"><span class='ocrx_word' id='word_1_251' title='bbox 445 1514 560 1544; x_wconf 79' lang='lat' dir='ltr'>fundit</span> <span class='ocrx_word' id='word_1_252' title='bbox 576 1513 723 1550; x_wconf 89' lang='lat' dir='ltr'>eandem,</span> <span class='ocrx_word' id='word_1_253' title='bbox 741 1512 881 1551; x_wconf 87' lang='lat' dir='ltr'>rigorem</span> <span class='ocrx_word' id='word_1_254' title='bbox 898 1511 1056 1542; x_wconf 80' lang='lat' dir='ltr'>continue</span> <span class='ocrx_word' id='word_1_255' title='bbox 1073 1511 1329 1541; x_wconf 86' lang='lat' dir='ltr'>mansuetudine</span> <span class='ocrx_word' id='word_1_256' title='bbox 1346 1512 1571 1551; x_wconf 87' lang='lat' dir='ltr'>temperando,</span> <span class='ocrx_word' id='word_1_257' title='bbox 1584 1512 1702 1551; x_wconf 77' lang='lat' dir='ltr'>utitur,</span> <span class='ocrx_word' id='word_1_258' title='bbox 1720 1515 1820 1552; x_wconf 89' lang='lat' dir='ltr'>prout</span> 
     </span>
     <span class='ocr_line' id='line_1_29' title="bbox 445 1554 1818 1595; baseline -0.001 -7"><span class='ocrx_word' id='word_1_259' title='bbox 445 1558 478 1588; x_wconf 90' lang='lat' dir='ltr'>id</span> <span class='ocrx_word' id='word_1_260' title='bbox 504 1558 536 1587; x_wconf 88' lang='lat' dir='ltr'>in</span> <span class='ocrx_word' id='word_1_261' title='bbox 566 1558 635 1587; x_wconf 90' lang='lat' dir='ltr'>Deo</span> <span class='ocrx_word' id='word_1_262' title='bbox 662 1555 845 1586; x_wconf 86' lang='lat' dir='ltr'>condicioni</span> <span class='ocrx_word' id='word_1_263' title='bbox 871 1559 905 1585; x_wconf 92' lang='lat' dir='ltr'>et</span> <span class='ocrx_word' id='word_1_264' title='bbox 932 1554 1032 1585; x_wconf 80' lang='lat' dir='ltr'>saluti</span> <span class='ocrx_word' id='word_1_265' title='bbox 1059 1564 1274 1594; x_wconf 81' lang='lat' dir='ltr'>personarum</span> <span class='ocrx_word' id='word_1_266' title='bbox 1306 1554 1453 1585; x_wconf 85' lang='lat' dir='ltr'>noscitur</span> <span class='ocrx_word' id='word_1_267' title='bbox 1483 1555 1623 1585; x_wconf 74' lang='lat' dir='ltr'>feliciter</span> <span class='ocrx_word' id='word_1_268' title='bbox 1654 1556 1818 1595; x_wconf 80' lang='lat' dir='ltr'>expedire.</span> 
     </span>
     <span class='ocr_line' id='line_1_30' title="bbox 444 1597 1821 1638; baseline -0.002 -6"><span class='ocrx_word' id='word_1_269' title='bbox 444 1602 530 1632; x_wconf 84' lang='lat' dir='ltr'>Sane</span> <span class='ocrx_word' id='word_1_270' title='bbox 559 1599 739 1631; x_wconf 83' lang='lat' dir='ltr'>Peticionis</span> <span class='ocrx_word' id='word_1_271' title='bbox 764 1602 882 1636; x_wconf 80' lang='lat' dir='ltr'>vestre,</span> <span class='ocrx_word' id='word_1_272' title='bbox 904 1609 962 1638; x_wconf 89' lang='lat' dir='ltr'>pro</span> <span class='ocrx_word' id='word_1_273' title='bbox 989 1601 1082 1637; x_wconf 88' lang='lat' dir='ltr'>parte</span> <span class='ocrx_word' id='word_1_274' title='bbox 1105 1601 1214 1627; x_wconf 80' lang='lat' dir='ltr'>vestra</span> <span class='ocrx_word' id='word_1_275' title='bbox 1242 1597 1336 1627; x_wconf 90' lang='lat' dir='ltr'>nobis</span> <span class='ocrx_word' id='word_1_276' title='bbox 1360 1597 1479 1637; x_wconf 87' lang='lat' dir='ltr'>oblate,</span> <span class='ocrx_word' id='word_1_277' title='bbox 1506 1598 1605 1629; x_wconf 85' lang='lat' dir='ltr'>series</span> <span class='ocrx_word' id='word_1_278' title='bbox 1628 1599 1821 1629; x_wconf 86' lang='lat' dir='ltr'>continebat</span> 
     </span>
     <span class='ocr_line' id='line_1_31' title="bbox 442 1641 1822 1685; baseline -0.001 -11"><span class='ocrx_word' id='word_1_279' title='bbox 442 1645 542 1685; x_wconf 84' lang='lat' dir='ltr'>quod,</span> <span class='ocrx_word' id='word_1_280' title='bbox 567 1654 625 1683; x_wconf 88' lang='lat' dir='ltr'>pro</span> <span class='ocrx_word' id='word_1_281' title='bbox 648 1643 833 1673; x_wconf 90' lang='lat' dir='ltr'>multorum</span> <span class='ocrx_word' id='word_1_282' title='bbox 857 1642 1005 1672; x_wconf 82' lang='lat' dir='ltr'>utilitate</span> <span class='ocrx_word' id='word_1_283' title='bbox 1028 1645 1063 1671; x_wconf 84' lang='lat' dir='ltr'>et</span> <span class='ocrx_word' id='word_1_284' title='bbox 1084 1641 1209 1671; x_wconf 79' lang='lat' dir='ltr'>salubri</span> <span class='ocrx_word' id='word_1_285' title='bbox 1232 1641 1404 1671; x_wconf 82' lang='lat' dir='ltr'>concordia</span> <span class='ocrx_word' id='word_1_286' title='bbox 1427 1645 1459 1672; x_wconf 83' lang='lat' dir='ltr'>et</span> <span class='ocrx_word' id='word_1_287' title='bbox 1483 1642 1630 1672; x_wconf 85' lang='lat' dir='ltr'>amicicia</span> <span class='ocrx_word' id='word_1_288' title='bbox 1647 1642 1822 1683; x_wconf 87' lang='lat' dir='ltr'>utriusque</span> 
     </span>
     <span class='ocr_line' id='line_1_32' title="bbox 443 1684 1819 1727; baseline -0.002 -8"><span class='ocrx_word' id='word_1_289' title='bbox 443 1691 590 1718; x_wconf 87' lang='lat' dir='ltr'>vestrum</span> <span class='ocrx_word' id='word_1_290' title='bbox 616 1689 806 1727; x_wconf 83' lang='lat' dir='ltr'>parentum,</span> <span class='ocrx_word' id='word_1_291' title='bbox 833 1685 1162 1725; x_wconf 85' lang='lat' dir='ltr'>consanguineorum,</span> <span class='ocrx_word' id='word_1_292' title='bbox 1189 1687 1223 1714; x_wconf 88' lang='lat' dir='ltr'>et</span> <span class='ocrx_word' id='word_1_293' title='bbox 1247 1684 1348 1714; x_wconf 89' lang='lat' dir='ltr'>eciam</span> <span class='ocrx_word' id='word_1_294' title='bbox 1380 1685 1561 1715; x_wconf 82' lang='lat' dir='ltr'>amicorum</span> <span class='ocrx_word' id='word_1_295' title='bbox 1589 1687 1819 1716; x_wconf 89' lang='lat' dir='ltr'>communium</span> 
     </span>
     <span class='ocr_line' id='line_1_33' title="bbox 443 1727 1816 1768; baseline -0.001 -7"><span class='ocrx_word' id='word_1_296' title='bbox 443 1730 684 1767; x_wconf 72' lang='lat' dir='ltr'>conservandis,</span> <span class='ocrx_word' id='word_1_297' title='bbox 710 1729 787 1764; x_wconf 75' lang='lat' dir='ltr'>fuit,</span> <span class='ocrx_word' id='word_1_298' title='bbox 811 1739 876 1759; x_wconf 88' lang='lat' dir='ltr'>non</span> <span class='ocrx_word' id='word_1_299' title='bbox 901 1728 971 1758; x_wconf 87' lang='lat' dir='ltr'>sinc</span> <span class='ocrx_word' id='word_1_300' title='bbox 994 1728 1102 1758; x_wconf 85' lang='lat' dir='ltr'>multa</span> <span class='ocrx_word' id='word_1_301' title='bbox 1125 1727 1345 1767; x_wconf 79' lang='lat' dir='ltr'>providencia,</span> <span class='ocrx_word' id='word_1_302' title='bbox 1371 1732 1610 1768; x_wconf 79' lang='lat' dir='ltr'>pertractatum</span> <span class='ocrx_word' id='word_1_303' title='bbox 1635 1730 1724 1768; x_wconf 88' lang='lat' dir='ltr'>quod</span> <span class='ocrx_word' id='word_1_304' title='bbox 1749 1740 1816 1766; x_wconf 89' lang='lat' dir='ltr'>vos,</span> 
     </span>
     <span class='ocr_line' id='line_1_34' title="bbox 443 1771 1819 1815; baseline -0.001 -10"><span class='ocrx_word' id='word_1_305' title='bbox 443 1775 501 1815; x_wconf 91' lang='lat' dir='ltr'>qui</span> <span class='ocrx_word' id='word_1_306' title='bbox 518 1774 596 1805; x_wconf 88' lang='lat' dir='ltr'>estis</span> <span class='ocrx_word' id='word_1_307' title='bbox 613 1776 732 1813; x_wconf 84' lang='lat' dir='ltr'>quarto</span> <span class='ocrx_word' id='word_1_308' title='bbox 748 1772 1046 1811; x_wconf 85' lang='lat' dir='ltr'>consanguinitatis</span> <span class='ocrx_word' id='word_1_309' title='bbox 1062 1782 1101 1801; x_wconf 86' lang='lat' dir='ltr'>ex</span> <span class='ocrx_word' id='word_1_310' title='bbox 1126 1781 1192 1801; x_wconf 89' lang='lat' dir='ltr'>uno</span> <span class='ocrx_word' id='word_1_311' title='bbox 1214 1771 1324 1809; x_wconf 81' lang='lat' dir='ltr'>latere,</span> <span class='ocrx_word' id='word_1_312' title='bbox 1342 1774 1376 1801; x_wconf 85' lang='lat' dir='ltr'>et</span> <span class='ocrx_word' id='word_1_313' title='bbox 1397 1772 1499 1801; x_wconf 86' lang='lat' dir='ltr'>tercio</span> <span class='ocrx_word' id='word_1_314' title='bbox 1516 1772 1557 1802; x_wconf 82' lang='lat' dir='ltr'>ab</span> <span class='ocrx_word' id='word_1_315' title='bbox 1573 1772 1645 1810; x_wconf 84' lang='lat' dir='ltr'>alio,</span> <span class='ocrx_word' id='word_1_316' title='bbox 1662 1773 1819 1812; x_wconf 81' lang='lat' dir='ltr'>gradibus</span> 
     </span>
     <span class='ocr_line' id='line_1_35' title="bbox 441 1814 1819 1858; baseline -0.002 -9"><span class='ocrx_word' id='word_1_317' title='bbox 441 1817 622 1858; x_wconf 80' lang='lat' dir='ltr'>conjuncti,</span> <span class='ocrx_word' id='word_1_318' title='bbox 636 1816 891 1856; x_wconf 79' lang='lat' dir='ltr'>Dispensacione</span> <span class='ocrx_word' id='word_1_319' title='bbox 906 1818 1016 1845; x_wconf 82' lang='lat' dir='ltr'>tamen</span> <span class='ocrx_word' id='word_1_320' title='bbox 1032 1814 1125 1845; x_wconf 84' lang='lat' dir='ltr'>Sedis</span> <span class='ocrx_word' id='word_1_321' title='bbox 1141 1814 1329 1853; x_wconf 84' lang='lat' dir='ltr'>Apostolice</span> <span class='ocrx_word' id='word_1_322' title='bbox 1343 1815 1478 1844; x_wconf 89' lang='lat' dir='ltr'>minime</span> <span class='ocrx_word' id='word_1_323' title='bbox 1490 1826 1587 1855; x_wconf 87' lang='lat' dir='ltr'>super</span> <span class='ocrx_word' id='word_1_324' title='bbox 1598 1815 1658 1845; x_wconf 85' lang='lat' dir='ltr'>hoc</span> <span class='ocrx_word' id='word_1_325' title='bbox 1671 1816 1819 1854; x_wconf 81' lang='lat' dir='ltr'>obtenta,</span> 
     </span>
     <span class='ocr_line' id='line_1_36' title="bbox 441 1858 1816 1899; baseline -0.002 -7"><span class='ocrx_word' id='word_1_326' title='bbox 441 1860 693 1892; x_wconf 82' lang='lat' dir='ltr'>matrimonium</span> <span class='ocrx_word' id='word_1_327' title='bbox 717 1859 858 1889; x_wconf 89' lang='lat' dir='ltr'>invicem</span> <span class='ocrx_word' id='word_1_328' title='bbox 883 1858 1104 1888; x_wconf 76' lang='lat' dir='ltr'>contraxistis.</span> <span class='ocrx_word' id='word_1_329' title='bbox 1152 1858 1381 1896; x_wconf 87' lang='lat' dir='ltr'>Postmodum,</span> <span class='ocrx_word' id='word_1_330' title='bbox 1406 1869 1490 1896; x_wconf 75' lang='lat' dir='ltr'>vem,</span> <span class='ocrx_word' id='word_1_331' title='bbox 1508 1859 1550 1888; x_wconf 83' lang='lat' dir='ltr'>ad</span> <span class='ocrx_word' id='word_1_332' title='bbox 1573 1862 1722 1889; x_wconf 85' lang='lat' dir='ltr'>vestrum</span> <span class='ocrx_word' id='word_1_333' title='bbox 1747 1870 1816 1899; x_wconf 91' lang='lat' dir='ltr'>per-</span> 
     </span>
     <span class='ocr_line' id='line_1_37' title="bbox 442 1900 1818 1942; baseline 0 -9"><span class='ocrx_word' id='word_1_334' title='bbox 442 1905 535 1935; x_wconf 85' lang='lat' dir='ltr'>venit</span> <span class='ocrx_word' id='word_1_335' title='bbox 547 1903 701 1934; x_wconf 85' lang='lat' dir='ltr'>auditum</span> <span class='ocrx_word' id='word_1_336' title='bbox 714 1902 803 1942; x_wconf 88' lang='lat' dir='ltr'>quod</span> <span class='ocrx_word' id='word_1_337' title='bbox 820 1901 1015 1941; x_wconf 83' lang='lat' dir='ltr'>hujusmodi</span> <span class='ocrx_word' id='word_1_338' title='bbox 1031 1900 1292 1938; x_wconf 78' lang='lat' dir='ltr'>matrimonium,</span> <span class='ocrx_word' id='word_1_339' title='bbox 1306 1901 1392 1931; x_wconf 85' lang='lat' dir='ltr'>sicut</span> <span class='ocrx_word' id='word_1_340' title='bbox 1406 1902 1587 1941; x_wconf 83' lang='lat' dir='ltr'>predicitur</span> <span class='ocrx_word' id='word_1_341' title='bbox 1599 1905 1818 1942; x_wconf 87' lang='lat' dir='ltr'>contractum,</span> 
     </span>
     <span class='ocr_line' id='line_1_38' title="bbox 441 1944 1817 1985; baseline -0.002 -6"><span class='ocrx_word' id='word_1_342' title='bbox 441 1948 530 1979; x_wconf 81' lang='lat' dir='ltr'>licite</span> <span class='ocrx_word' id='word_1_343' title='bbox 542 1957 710 1977; x_wconf 87' lang='lat' dir='ltr'>remanere</span> <span class='ocrx_word' id='word_1_344' title='bbox 727 1949 760 1975; x_wconf 87' lang='lat' dir='ltr'>et</span> <span class='ocrx_word' id='word_1_345' title='bbox 777 1945 822 1975; x_wconf 87' lang='lat' dir='ltr'>sic</span> <span class='ocrx_word' id='word_1_346' title='bbox 838 1949 924 1975; x_wconf 81' lang='lat' dir='ltr'>stare</span> <span class='ocrx_word' id='word_1_347' title='bbox 941 1945 1010 1974; x_wconf 89' lang='lat' dir='ltr'>sine</span> <span class='ocrx_word' id='word_1_348' title='bbox 1028 1944 1120 1975; x_wconf 88' lang='lat' dir='ltr'>Sedis</span> <span class='ocrx_word' id='word_1_349' title='bbox 1136 1944 1324 1983; x_wconf 84' lang='lat' dir='ltr'>Apostolice</span> <span class='ocrx_word' id='word_1_350' title='bbox 1341 1945 1595 1984; x_wconf 83' lang='lat' dir='ltr'>Dispensacione</span> <span class='ocrx_word' id='word_1_351' title='bbox 1607 1946 1738 1985; x_wconf 85' lang='lat' dir='ltr'>speciali</span> <span class='ocrx_word' id='word_1_352' title='bbox 1751 1956 1817 1977; x_wconf 90' lang='lat' dir='ltr'>non</span> 
     </span>
     <span class='ocr_line' id='line_1_39' title="bbox 441 1987 1814 2032; baseline -0.002 -10"><span class='ocrx_word' id='word_1_353' title='bbox 441 1994 582 2032; x_wconf 84' lang='lat' dir='ltr'>poterat,</span> <span class='ocrx_word' id='word_1_354' title='bbox 600 2000 705 2030; x_wconf 85' lang='lat' dir='ltr'>neque</span> <span class='ocrx_word' id='word_1_355' title='bbox 723 1991 878 2029; x_wconf 85' lang='lat' dir='ltr'>potuerat</span> <span class='ocrx_word' id='word_1_356' title='bbox 893 1999 900 2026; x_wconf 80' lang='lat'><em>3</em></span> <span class='ocrx_word' id='word_1_357' title='bbox 925 1988 1013 2018; x_wconf 88' lang='lat' dir='ltr'>unde</span> <span class='ocrx_word' id='word_1_358' title='bbox 1030 1987 1125 2017; x_wconf 80' lang='lat' dir='ltr'>nobis</span> <span class='ocrx_word' id='word_1_359' title='bbox 1141 1997 1200 2026; x_wconf 81' lang='lat' dir='ltr'>pro</span> <span class='ocrx_word' id='word_1_360' title='bbox 1225 1991 1317 2026; x_wconf 74' lang='lat' dir='ltr'>parte</span> <span class='ocrx_word' id='word_1_361' title='bbox 1343 1995 1451 2018; x_wconf 83' lang='lat' dir='ltr'>vestra</span> <span class='ocrx_word' id='word_1_362' title='bbox 1468 1988 1534 2019; x_wconf 82' lang='lat' dir='ltr'>fuit</span> <span class='ocrx_word' id='word_1_363' title='bbox 1551 1988 1723 2020; x_wconf 80' lang='lat' dir='ltr'>humiliter</span> <span class='ocrx_word' id='word_1_364' title='bbox 1739 2000 1814 2030; x_wconf 89' lang='lat' dir='ltr'>sup-</span> 
     </span>
     <span class='ocr_line' id='line_1_40' title="bbox 441 2030 1817 2075; baseline -0.001 -10"><span class='ocrx_word' id='word_1_365' title='bbox 441 2036 600 2075; x_wconf 81' lang='lat' dir='ltr'>plicatum</span> <span class='ocrx_word' id='word_1_366' title='bbox 631 2037 670 2064; x_wconf 88' lang='lat' dir='ltr'>ut</span> <span class='ocrx_word' id='word_1_367' title='bbox 699 2032 867 2063; x_wconf 85' lang='lat' dir='ltr'>vobiscum</span> <span class='ocrx_word' id='word_1_368' title='bbox 895 2042 994 2071; x_wconf 83' lang='lat' dir='ltr'>snper</span> <span class='ocrx_word' id='word_1_369' title='bbox 1020 2030 1187 2071; x_wconf 84' lang='lat' dir='ltr'>premissis</span> <span class='ocrx_word' id='word_1_370' title='bbox 1215 2031 1255 2060; x_wconf 90' lang='lat' dir='ltr'>de</span> <span class='ocrx_word' id='word_1_371' title='bbox 1280 2034 1445 2071; x_wconf 86' lang='lat' dir='ltr'>oportuno</span> <span class='ocrx_word' id='word_1_372' title='bbox 1472 2032 1617 2062; x_wconf 89' lang='lat' dir='ltr'>remedio</span> <span class='ocrx_word' id='word_1_373' title='bbox 1645 2033 1817 2072; x_wconf 87' lang='lat' dir='ltr'>providere</span> 
     </span>
    </p>

    <p class='ocr_par' dir='ltr' id='par_1_7' title="bbox 288 2074 1817 2118">
     <span class='ocr_line' id='line_1_41' title="bbox 288 2074 1817 2118; baseline -0.003 -8"><span class='ocrx_word' id='word_1_374' title='bbox 288 2077 349 2108; x_wconf 68' lang='grc' dir='ltr'>Ποῖ·</span> <span class='ocrx_word' id='word_1_375' title='bbox 446 2079 671 2118; x_wconf 85' lang='lat' dir='ltr'>dignaremur.</span> <span class='ocrx_word' id='word_1_376' title='bbox 721 2076 799 2112; x_wconf 76' lang='lat' dir='ltr'>Nos,</span> <span class='ocrx_word' id='word_1_377' title='bbox 821 2075 933 2114; x_wconf 84' lang='lat' dir='ltr'>igitur,</span> <span class='ocrx_word' id='word_1_378' title='bbox 951 2086 969 2105; x_wconf 86' lang='lat' dir='ltr'>a</span> <span class='ocrx_word' id='word_1_379' title='bbox 993 2074 1208 2105; x_wconf 83' lang='lat' dir='ltr'>Sanctissimo</span> <span class='ocrx_word' id='word_1_380' title='bbox 1232 2078 1308 2113; x_wconf 87' lang='lat' dir='ltr'>etc.,</span> <span class='ocrx_word' id='word_1_381' title='bbox 1334 2075 1476 2105; x_wconf 89' lang='lat' dir='ltr'>Domino</span> <span class='ocrx_word' id='word_1_382' title='bbox 1501 2076 1667 2115; x_wconf 79' lang='lat' dir='ltr'>Gregorio,</span> <span class='ocrx_word' id='word_1_383' title='bbox 1695 2076 1817 2107; x_wconf 86' lang='lat' dir='ltr'>Divina</span> 
     </span>
    </p>

    <p class='ocr_par' dir='ltr' id='par_1_8' title="bbox 288 2113 1815 2856">
     <span class='ocr_line' id='line_1_42' title="bbox 288 2113 1815 2159; baseline 0.009 -22"><span class='ocrx_word' id='word_1_384' title='bbox 288 2113 343 2142; x_wconf 83' lang='lat' dir='ltr'>23.l</span> <span class='ocrx_word' id='word_1_385' title='bbox 446 2121 661 2152; x_wconf 79' lang='lat' dir='ltr'>Providencia</span> <span class='ocrx_word' id='word_1_386' title='bbox 677 2120 766 2159; x_wconf 87' lang='lat' dir='ltr'>Papa</span> <span class='ocrx_word' id='word_1_387' title='bbox 789 2119 865 2157; x_wconf 85' lang='lat' dir='ltr'>X10‚</span> <span class='ocrx_word' id='word_1_388' title='bbox 883 2119 941 2158; x_wconf 90' lang='lat' dir='ltr'>qui</span> <span class='ocrx_word' id='word_1_389' title='bbox 964 2128 1023 2148; x_wconf 91' lang='lat' dir='ltr'>nos</span> <span class='ocrx_word' id='word_1_390' title='bbox 1046 2118 1088 2148; x_wconf 79' lang='lat' dir='ltr'>ad</span> <span class='ocrx_word' id='word_1_391' title='bbox 1112 2118 1248 2148; x_wconf 86' lang='lat' dir='ltr'>Francie</span> <span class='ocrx_word' id='word_1_392' title='bbox 1265 2121 1298 2148; x_wconf 91' lang='lat' dir='ltr'>et</span> <span class='ocrx_word' id='word_1_393' title='bbox 1322 2118 1440 2158; x_wconf 86' lang='lat' dir='ltr'>Anglie</span> <span class='ocrx_word' id='word_1_394' title='bbox 1464 2119 1588 2158; x_wconf 85' lang='lat' dir='ltr'>Regna,</span> <span class='ocrx_word' id='word_1_395' title='bbox 1605 2129 1663 2159; x_wconf 90' lang='lat' dir='ltr'>pro</span> <span class='ocrx_word' id='word_1_396' title='bbox 1688 2120 1815 2159; x_wconf 88' lang='lat' dir='ltr'>magnis</span> 
     </span>
     <span class='ocr_line' id='line_1_43' title="bbox 439 2161 1813 2202; baseline -0.002 -6"><span class='ocrx_word' id='word_1_397' title='bbox 439 2168 473 2196; x_wconf 87' lang='lat' dir='ltr'>et</span> <span class='ocrx_word' id='word_1_398' title='bbox 488 2164 600 2195; x_wconf 88' lang='lat' dir='ltr'>arduis</span> <span class='ocrx_word' id='word_1_399' title='bbox 619 2163 771 2202; x_wconf 84' lang='lat' dir='ltr'>negociis,</span> <span class='ocrx_word' id='word_1_400' title='bbox 789 2162 959 2192; x_wconf 88' lang='lat' dir='ltr'>Nnncium</span> <span class='ocrx_word' id='word_1_401' title='bbox 984 2161 1211 2201; x_wconf 88' lang='lat' dir='ltr'>Apostolieum</span> <span class='ocrx_word' id='word_1_402' title='bbox 1237 2161 1424 2201; x_wconf 83' lang='lat' dir='ltr'>deputavit,</span> <span class='ocrx_word' id='word_1_403' title='bbox 1442 2162 1555 2192; x_wconf 90' lang='lat' dir='ltr'>volens</span> <span class='ocrx_word' id='word_1_404' title='bbox 1580 2166 1727 2193; x_wconf 87' lang='lat' dir='ltr'>nostram</span> <span class='ocrx_word' id='word_1_405' title='bbox 1757 2163 1813 2193; x_wconf 89' lang='lat' dir='ltr'>ho-</span> 
     </span>
     <span class='ocr_line' id='line_1_44' title="bbox 439 2204 1814 2248; baseline -0.002 -9"><span class='ocrx_word' id='word_1_406' title='bbox 439 2219 554 2239; x_wconf 88' lang='lat' dir='ltr'>norare</span> <span class='ocrx_word' id='word_1_407' title='bbox 572 2217 743 2248; x_wconf 86' lang='lat' dir='ltr'>personam</span> <span class='ocrx_word' id='word_1_408' title='bbox 761 2216 819 2246; x_wconf 86' lang='lat' dir='ltr'>per</span> <span class='ocrx_word' id='word_1_409' title='bbox 835 2205 993 2236; x_wconf 88' lang='lat' dir='ltr'>honorem</span> <span class='ocrx_word' id='word_1_410' title='bbox 1011 2204 1205 2244; x_wconf 82' lang='lat' dir='ltr'>hujusmodi</span> <span class='ocrx_word' id='word_1_411' title='bbox 1222 2204 1315 2234; x_wconf 86' lang='lat' dir='ltr'>nobis</span> <span class='ocrx_word' id='word_1_412' title='bbox 1333 2205 1530 2241; x_wconf 80' lang='lat' dir='ltr'>exhibitum,</span> <span class='ocrx_word' id='word_1_413' title='bbox 1549 2216 1726 2246; x_wconf 85' lang='lat' dir='ltr'>possumus</span> <span class='ocrx_word' id='word_1_414' title='bbox 1743 2207 1814 2237; x_wconf 88' lang='lat' dir='ltr'>aliis</span> 
     </span>
     <span class='ocr_line' id='line_1_45' title="bbox 438 2248 1814 2290; baseline -0.002 -7"><span class='ocrx_word' id='word_1_415' title='bbox 438 2252 578 2283; x_wconf 83' lang='lat' dir='ltr'>existere</span> <span class='ocrx_word' id='word_1_416' title='bbox 596 2250 743 2290; x_wconf 81' lang='lat' dir='ltr'>graciosi,</span> <span class='ocrx_word' id='word_1_417' title='bbox 762 2248 976 2289; x_wconf 84' lang='lat' dir='ltr'>dispensandi</span> <span class='ocrx_word' id='word_1_418' title='bbox 1000 2258 1076 2278; x_wconf 87' lang='lat' dir='ltr'>cum</span> <span class='ocrx_word' id='word_1_419' title='bbox 1094 2248 1158 2277; x_wconf 90' lang='lat' dir='ltr'>illis</span> <span class='ocrx_word' id='word_1_420' title='bbox 1175 2248 1233 2287; x_wconf 91' lang='lat' dir='ltr'>qui</span> <span class='ocrx_word' id='word_1_421' title='bbox 1250 2251 1369 2287; x_wconf 81' lang='lat' dir='ltr'>quarto</span> <span class='ocrx_word' id='word_1_422' title='bbox 1386 2259 1425 2278; x_wconf 80' lang='lat' dir='ltr'>ex</span> <span class='ocrx_word' id='word_1_423' title='bbox 1442 2259 1509 2279; x_wconf 91' lang='lat' dir='ltr'>uno</span> <span class='ocrx_word' id='word_1_424' title='bbox 1526 2253 1558 2279; x_wconf 84' lang='lat' dir='ltr'>et.</span> <span class='ocrx_word' id='word_1_425' title='bbox 1576 2249 1677 2279; x_wconf 89' lang='lat' dir='ltr'>tercio</span> <span class='ocrx_word' id='word_1_426' title='bbox 1694 2249 1735 2280; x_wconf 87' lang='lat' dir='ltr'>ab</span> <span class='ocrx_word' id='word_1_427' title='bbox 1751 2250 1814 2280; x_wconf 76' lang='lat' dir='ltr'>alio</span> 
     </span>
     <span class='ocr_line' id='line_1_46' title="bbox 436 2291 1810 2334; baseline -0.002 -8"><span class='ocrx_word' id='word_1_428' title='bbox 436 2296 538 2326; x_wconf 84' lang='lat' dir='ltr'>latere</span> <span class='ocrx_word' id='word_1_429' title='bbox 562 2294 718 2334; x_wconf 80' lang='lat' dir='ltr'>gradibus</span> <span class='ocrx_word' id='word_1_430' title='bbox 742 2291 1039 2332; x_wconf 81' lang='lat' dir='ltr'>consanguinitatis</span> <span class='ocrx_word' id='word_1_431' title='bbox 1062 2291 1201 2321; x_wconf 85' lang='lat' dir='ltr'>invicem</span> <span class='ocrx_word' id='word_1_432' title='bbox 1226 2301 1260 2320; x_wconf 90' lang='lat' dir='ltr'>se</span> <span class='ocrx_word' id='word_1_433' title='bbox 1283 2291 1466 2331; x_wconf 88' lang='lat' dir='ltr'>attingunt,</span> <span class='ocrx_word' id='word_1_434' title='bbox 1492 2292 1560 2331; x_wconf 88' lang='lat' dir='ltr'>[ut]</span> <span class='ocrx_word' id='word_1_435' title='bbox 1583 2293 1720 2332; x_wconf 80' lang='lat' dir='ltr'>possint,</span> <span class='ocrx_word' id='word_1_436' title='bbox 1745 2303 1810 2323; x_wconf 90' lang='lat' dir='ltr'>non</span> 
     </span>
     <span class='ocr_line' id='line_1_47' title="bbox 435 2334 1814 2378; baseline -0.003 -8"><span class='ocrx_word' id='word_1_437' title='bbox 435 2339 588 2370; x_wconf 82' lang='lat' dir='ltr'>obstante</span> <span class='ocrx_word' id='word_1_438' title='bbox 605 2337 799 2378; x_wconf 86' lang='lat' dir='ltr'>hujusmodi</span> <span class='ocrx_word' id='word_1_439' title='bbox 822 2335 1071 2375; x_wconf 85' lang='lat' dir='ltr'>impediment0‚</span> <span class='ocrx_word' id='word_1_440' title='bbox 1088 2334 1122 2364; x_wconf 90' lang='lat' dir='ltr'>in</span> <span class='ocrx_word' id='word_1_441' title='bbox 1147 2334 1356 2364; x_wconf 88' lang='lat' dir='ltr'>matrimonio</span> <span class='ocrx_word' id='word_1_442' title='bbox 1380 2345 1438 2375; x_wconf 88' lang='lat' dir='ltr'>per</span> <span class='ocrx_word' id='word_1_443' title='bbox 1461 2346 1515 2365; x_wconf 90' lang='lat' dir='ltr'>eos</span> <span class='ocrx_word' id='word_1_444' title='bbox 1540 2339 1708 2366; x_wconf 83' lang='lat' dir='ltr'>contracto</span> <span class='ocrx_word' id='word_1_445' title='bbox 1724 2336 1814 2367; x_wconf 86' lang='lat' dir='ltr'>licite</span> 
     </span>
     <span class='ocr_line' id='line_1_48' title="bbox 439 2377 1811 2421; baseline -0.002 -9"><span class='ocrx_word' id='word_1_446' title='bbox 439 2392 618 2419; x_wconf 86' lang='lat' dir='ltr'>remanere,</span> <span class='ocrx_word' id='word_1_447' title='bbox 628 2383 830 2421; x_wconf 83' lang='lat' dir='ltr'>potestatem</span> <span class='ocrx_word' id='word_1_448' title='bbox 842 2379 1011 2415; x_wconf 85' lang='lat' dir='ltr'>habentes,</span> <span class='ocrx_word' id='word_1_449' title='bbox 1025 2388 1062 2408; x_wconf 80' lang='lat' dir='ltr'>ac</span> <span class='ocrx_word' id='word_1_450' title='bbox 1077 2377 1323 2408; x_wconf 86' lang='lat' dir='ltr'>considerantes</span> <span class='ocrx_word' id='word_1_451' title='bbox 1334 2379 1520 2409; x_wconf 85' lang='lat' dir='ltr'>devocionis</span> <span class='ocrx_word' id='word_1_452' title='bbox 1536 2379 1689 2409; x_wconf 87' lang='lat' dir='ltr'>effectum</span> <span class='ocrx_word' id='word_1_453' title='bbox 1702 2389 1811 2419; x_wconf 89' lang='lat' dir='ltr'>quem,</span> 
     </span>
     <span class='ocr_line' id='line_1_49' title="bbox 438 2421 1810 2463; baseline -0.002 -7"><span class='ocrx_word' id='word_1_454' title='bbox 438 2425 531 2456; x_wconf 85' lang='lat' dir='ltr'>sicud</span> <span class='ocrx_word' id='word_1_455' title='bbox 559 2424 725 2463; x_wconf 81' lang='lat' dir='ltr'>fidedigna</span> <span class='ocrx_word' id='word_1_456' title='bbox 749 2423 910 2453; x_wconf 82' lang='lat' dir='ltr'>relacione</span> <span class='ocrx_word' id='word_1_457' title='bbox 938 2422 1122 2459; x_wconf 82' lang='lat' dir='ltr'>didicimus,</span> <span class='ocrx_word' id='word_1_458' title='bbox 1152 2421 1375 2461; x_wconf 85' lang='lat' dir='ltr'>progenitores</span> <span class='ocrx_word' id='word_1_459' title='bbox 1407 2422 1508 2452; x_wconf 87' lang='lat' dir='ltr'>vestri</span> <span class='ocrx_word' id='word_1_460' title='bbox 1538 2433 1575 2452; x_wconf 84' lang='lat' dir='ltr'>ac</span> <span class='ocrx_word' id='word_1_461' title='bbox 1602 2433 1668 2461; x_wconf 84' lang='lat' dir='ltr'>vos,</span> <span class='ocrx_word' id='word_1_462' title='bbox 1697 2433 1810 2453; x_wconf 89' lang='lat' dir='ltr'>eorum</span> 
     </span>
     <span class='ocr_line' id='line_1_50' title="bbox 438 2465 1809 2508; baseline -0.002 -9"><span class='ocrx_word' id='word_1_463' title='bbox 438 2469 585 2508; x_wconf 87' lang='lat' dir='ltr'>vestigiis</span> <span class='ocrx_word' id='word_1_464' title='bbox 623 2468 822 2505; x_wconf 77' lang='lat' dir='ltr'>inherentes,</span> <span class='ocrx_word' id='word_1_465' title='bbox 853 2468 1028 2505; x_wconf 84' lang='lat' dir='ltr'>gesserunt</span> <span class='ocrx_word' id='word_1_466' title='bbox 1068 2465 1230 2495; x_wconf 85' lang='lat' dir='ltr'>hacteuus</span> <span class='ocrx_word' id='word_1_467' title='bbox 1270 2468 1303 2494; x_wconf 85' lang='lat' dir='ltr'>et</span> <span class='ocrx_word' id='word_1_468' title='bbox 1333 2465 1447 2504; x_wconf 83' lang='lat' dir='ltr'>geritis</span> <span class='ocrx_word' id='word_1_469' title='bbox 1489 2465 1531 2496; x_wconf 83' lang='lat' dir='ltr'>ad</span> <span class='ocrx_word' id='word_1_470' title='bbox 1562 2466 1809 2496; x_wconf 86' lang='lat' dir='ltr'>Sacrosanctam</span> 
     </span>
     <span class='ocr_line' id='line_1_51' title="bbox 438 2508 1811 2548; baseline -0.002 -6"><span class='ocrx_word' id='word_1_471' title='bbox 438 2513 620 2543; x_wconf 86' lang='lat' dir='ltr'>Romanam</span> <span class='ocrx_word' id='word_1_472' title='bbox 640 2510 831 2548; x_wconf 85' lang='lat' dir='ltr'>Ecclesiam,</span> <span class='ocrx_word' id='word_1_473' title='bbox 848 2510 991 2540; x_wconf 84' lang='lat' dir='ltr'>Matrem</span> <span class='ocrx_word' id='word_1_474' title='bbox 1008 2511 1156 2538; x_wconf 90' lang='lat' dir='ltr'>nostram</span> <span class='ocrx_word' id='word_1_475' title='bbox 1172 2518 1181 2544; x_wconf 92' lang='grc'><strong>;</strong></span> <span class='ocrx_word' id='word_1_476' title='bbox 1205 2508 1342 2547; x_wconf 84' lang='lat' dir='ltr'>generis,</span> <span class='ocrx_word' id='word_1_477' title='bbox 1359 2518 1500 2548; x_wconf 81' lang='lat' dir='ltr'>quoqne,</span> <span class='ocrx_word' id='word_1_478' title='bbox 1519 2509 1673 2539; x_wconf 89' lang='lat' dir='ltr'>nobilitas</span> <span class='ocrx_word' id='word_1_479' title='bbox 1690 2519 1727 2539; x_wconf 87' lang='lat' dir='ltr'>ac</span> <span class='ocrx_word' id='word_1_480' title='bbox 1744 2509 1811 2539; x_wconf 86' lang='lat' dir='ltr'>vite</span> 
     </span>
     <span class='ocr_line' id='line_1_52' title="bbox 437 2551 1812 2592; baseline -0.001 -7"><span class='ocrx_word' id='word_1_481' title='bbox 437 2559 472 2586; x_wconf 89' lang='lat' dir='ltr'>et</span> <span class='ocrx_word' id='word_1_482' title='bbox 495 2565 626 2585; x_wconf 89' lang='lat' dir='ltr'>morum</span> <span class='ocrx_word' id='word_1_483' title='bbox 650 2554 814 2590; x_wconf 85' lang='lat' dir='ltr'>honestas,</span> <span class='ocrx_word' id='word_1_484' title='bbox 831 2552 960 2592; x_wconf 82' lang='lat' dir='ltr'>aliaque</span> <span class='ocrx_word' id='word_1_485' title='bbox 983 2551 1179 2591; x_wconf 84' lang='lat' dir='ltr'>multiplicia</span> <span class='ocrx_word' id='word_1_486' title='bbox 1202 2551 1287 2581; x_wconf 85' lang='lat' dir='ltr'>dona</span> <span class='ocrx_word' id='word_1_487' title='bbox 1312 2552 1489 2590; x_wconf 85' lang='lat' dir='ltr'>virtutum,</span> <span class='ocrx_word' id='word_1_488' title='bbox 1514 2552 1636 2592; x_wconf 87' lang='lat' dir='ltr'>quibus</span> <span class='ocrx_word' id='word_1_489' title='bbox 1659 2552 1812 2592; x_wconf 81' lang='lat' dir='ltr'>adjuvari</span> 
     </span>
     <span class='ocr_line' id='line_1_53' title="bbox 437 2594 1809 2637; baseline -0.001 -9"><span class='ocrx_word' id='word_1_490' title='bbox 437 2598 595 2636; x_wconf 89' lang='lat' dir='ltr'>dicimini,</span> <span class='ocrx_word' id='word_1_491' title='bbox 621 2599 854 2637; x_wconf 85' lang='lat' dir='ltr'>promerentur</span> <span class='ocrx_word' id='word_1_492' title='bbox 878 2600 916 2626; x_wconf 86' lang='lat' dir='ltr'>ut</span> <span class='ocrx_word' id='word_1_493' title='bbox 940 2596 980 2625; x_wconf 88' lang='lat' dir='ltr'>ad</span> <span class='ocrx_word' id='word_1_494' title='bbox 1006 2605 1071 2633; x_wconf 87' lang='lat' dir='ltr'>vos,</span> <span class='ocrx_word' id='word_1_495' title='bbox 1095 2594 1269 2634; x_wconf 85' lang='lat' dir='ltr'>presertim</span> <span class='ocrx_word' id='word_1_496' title='bbox 1301 2595 1335 2624; x_wconf 91' lang='lat' dir='ltr'>in</span> <span class='ocrx_word' id='word_1_497' title='bbox 1366 2595 1429 2625; x_wconf 87' lang='lat' dir='ltr'>hiis</span> <span class='ocrx_word' id='word_1_498' title='bbox 1460 2606 1525 2635; x_wconf 90' lang='lat' dir='ltr'>que</span> <span class='ocrx_word' id='word_1_499' title='bbox 1555 2596 1703 2635; x_wconf 88' lang='lat' dir='ltr'>plurium</span> <span class='ocrx_word' id='word_1_500' title='bbox 1735 2606 1809 2626; x_wconf 86' lang='lat' dir='ltr'>con-</span> 
     </span>
     <span class='ocr_line' id='line_1_54' title="bbox 437 2638 1811 2679; baseline -0.002 -7"><span class='ocrx_word' id='word_1_501' title='bbox 437 2641 592 2679; x_wconf 83' lang='lat' dir='ltr'>cordiam,</span> <span class='ocrx_word' id='word_1_502' title='bbox 609 2640 801 2678; x_wconf 87' lang='lat' dir='ltr'>amiciciam,</span> <span class='ocrx_word' id='word_1_503' title='bbox 819 2639 1001 2679; x_wconf 83' lang='lat' dir='ltr'>respiciunt</span> <span class='ocrx_word' id='word_1_504' title='bbox 1024 2641 1058 2668; x_wconf 85' lang='lat' dir='ltr'>et</span> <span class='ocrx_word' id='word_1_505' title='bbox 1081 2638 1239 2678; x_wconf 87' lang='lat' dir='ltr'>quietem,</span> <span class='ocrx_word' id='word_1_506' title='bbox 1257 2641 1290 2668; x_wconf 88' lang='lat' dir='ltr'>et</span> <span class='ocrx_word' id='word_1_507' title='bbox 1313 2648 1378 2677; x_wconf 90' lang='lat' dir='ltr'>que</span> <span class='ocrx_word' id='word_1_508' title='bbox 1402 2649 1440 2668; x_wconf 84' lang='lat' dir='ltr'>ex</span> <span class='ocrx_word' id='word_1_509' title='bbox 1465 2639 1595 2678; x_wconf 86' lang='lat' dir='ltr'>speciali</span> <span class='ocrx_word' id='word_1_510' title='bbox 1612 2639 1700 2669; x_wconf 87' lang='lat' dir='ltr'>dicte</span> <span class='ocrx_word' id='word_1_511' title='bbox 1717 2639 1811 2670; x_wconf 89' lang='lat' dir='ltr'>Sedis</span> 
     </span>
     <span class='ocr_line' id='line_1_55' title="bbox 438 2681 1810 2722; baseline -0.001 -7"><span class='ocrx_word' id='word_1_512' title='bbox 438 2685 644 2715; x_wconf 78' lang='lat' dir='ltr'>concessione</span> <span class='ocrx_word' id='word_1_513' title='bbox 672 2684 761 2714; x_wconf 88' lang='lat' dir='ltr'>licite</span> <span class='ocrx_word' id='word_1_514' title='bbox 788 2686 822 2713; x_wconf 88' lang='lat' dir='ltr'>et</span> <span class='ocrx_word' id='word_1_515' title='bbox 846 2693 886 2713; x_wconf 83' lang='lat' dir='ltr'>ex</span> <span class='ocrx_word' id='word_1_516' title='bbox 908 2682 1000 2722; x_wconf 81' lang='lat' dir='ltr'>justa</span> <span class='ocrx_word' id='word_1_517' title='bbox 1023 2691 1119 2712; x_wconf 81' lang='lat' dir='ltr'>causa</span> <span class='ocrx_word' id='word_1_518' title='bbox 1136 2681 1242 2711; x_wconf 86' lang='lat' dir='ltr'>facere</span> <span class='ocrx_word' id='word_1_519' title='bbox 1265 2691 1451 2721; x_wconf 86' lang='lat' dir='ltr'>possumus,</span> <span class='ocrx_word' id='word_1_520' title='bbox 1469 2686 1580 2712; x_wconf 83' lang='lat' dir='ltr'>nostre</span> <span class='ocrx_word' id='word_1_521' title='bbox 1603 2682 1810 2713; x_wconf 81' lang='lat' dir='ltr'>liberalitatis</span> 
     </span>
     <span class='ocr_line' id='line_1_56' title="bbox 437 2724 1810 2765; baseline -0.001 -7"><span class='ocrx_word' id='word_1_522' title='bbox 437 2729 607 2758; x_wconf 79' lang='lat' dir='ltr'>dexteram</span> <span class='ocrx_word' id='word_1_523' title='bbox 626 2727 855 2757; x_wconf 79' lang='lat' dir='ltr'>extendamus.</span> <span class='ocrx_word' id='word_1_524' title='bbox 906 2725 993 2755; x_wconf 89' lang='lat' dir='ltr'>Hinc</span> <span class='ocrx_word' id='word_1_525' title='bbox 1017 2727 1068 2755; x_wconf 87' lang='lat' dir='ltr'>est</span> <span class='ocrx_word' id='word_1_526' title='bbox 1092 2724 1190 2764; x_wconf 85' lang='lat' dir='ltr'>quod,</span> <span class='ocrx_word' id='word_1_527' title='bbox 1209 2725 1443 2764; x_wconf 86' lang='lat' dir='ltr'>premissorum</span> <span class='ocrx_word' id='word_1_528' title='bbox 1468 2728 1654 2756; x_wconf 85' lang='lat' dir='ltr'>vestrorum</span> <span class='ocrx_word' id='word_1_529' title='bbox 1671 2725 1810 2765; x_wconf 85' lang='lat' dir='ltr'>intuitu,</span> 
     </span>
     <span class='ocr_line' id='line_1_57' title="bbox 436 2768 1810 2809; baseline -0.001 -8"><span class='ocrx_word' id='word_1_530' title='bbox 436 2771 605 2802; x_wconf 83' lang='lat' dir='ltr'>vobiscum</span> <span class='ocrx_word' id='word_1_531' title='bbox 623 2770 656 2800; x_wconf 90' lang='lat' dir='ltr'>in</span> <span class='ocrx_word' id='word_1_532' title='bbox 674 2770 734 2800; x_wconf 89' lang='lat' dir='ltr'>hac</span> <span class='ocrx_word' id='word_1_533' title='bbox 758 2772 852 2809; x_wconf 86' lang='lat' dir='ltr'>parte</span> <span class='ocrx_word' id='word_1_534' title='bbox 868 2769 1015 2799; x_wconf 88' lang='lat' dir='ltr'>volentes</span> <span class='ocrx_word' id='word_1_535' title='bbox 1039 2778 1134 2807; x_wconf 89' lang='lat' dir='ltr'>agere</span> <span class='ocrx_word' id='word_1_536' title='bbox 1156 2768 1309 2807; x_wconf 84' lang='lat' dir='ltr'>graciose,</span> <span class='ocrx_word' id='word_1_537' title='bbox 1327 2771 1376 2804; x_wconf 81' lang='lat' dir='ltr'>ut,</span> <span class='ocrx_word' id='word_1_538' title='bbox 1394 2768 1633 2808; x_wconf 89' lang='lat' dir='ltr'>impedimento</span> <span class='ocrx_word' id='word_1_539' title='bbox 1657 2769 1746 2809; x_wconf 87' lang='lat' dir='ltr'>quod</span> <span class='ocrx_word' id='word_1_540' title='bbox 1770 2779 1810 2799; x_wconf 85' lang='lat' dir='ltr'>ex</span> 
     </span>
     <span class='ocr_line' id='line_1_58' title="bbox 437 2811 1809 2856; baseline -0.002 -11"><span class='ocrx_word' id='word_1_541' title='bbox 437 2813 724 2856; x_wconf 86' lang='lat' dir='ltr'>consanguinitate</span> <span class='ocrx_word' id='word_1_542' title='bbox 740 2812 936 2854; x_wconf 89' lang='lat' dir='ltr'>hujusmodi</span> <span class='ocrx_word' id='word_1_543' title='bbox 953 2811 1105 2852; x_wconf 87' lang='lat' dir='ltr'>provenit</span> <span class='ocrx_word' id='word_1_544' title='bbox 1128 2821 1192 2841; x_wconf 89' lang='lat' dir='ltr'>non</span> <span class='ocrx_word' id='word_1_545' title='bbox 1217 2811 1381 2850; x_wconf 82' lang='lat' dir='ltr'>obstante,</span> <span class='ocrx_word' id='word_1_546' title='bbox 1398 2811 1432 2842; x_wconf 89' lang='lat' dir='ltr'>in</span> <span class='ocrx_word' id='word_1_547' title='bbox 1449 2811 1495 2842; x_wconf 88' lang='lat' dir='ltr'>sic</span> <span class='ocrx_word' id='word_1_548' title='bbox 1510 2814 1680 2842; x_wconf 82' lang='lat' dir='ltr'>contracto</span> <span class='ocrx_word' id='word_1_549' title='bbox 1697 2812 1809 2842; x_wconf 86' lang='lat' dir='ltr'>matri-</span> 
     </span>
    </p>
   </div>
  </div>
 </body>
</html>
