1987 3062
375 1334 420 1359 sol.

376 1368 450 1393 llfib.

589 264 687 295 THE
729 264 968 296 REGISTER
1005 264 1063 295 OF
1097 264 1272 296 BISHOP
1308 264 1706 309 BRANTYNGHAM.

534 369 744 405 ete—Cum,
763 370 953 399 secuudum
979 369 1163 399 Sacrorum
1187 369 1368 399 canonum
1394 369 1573 407 Instituta,
1591 380 1711 400 omnes
1728 372 1763 400 et
1780 369 1908 408 singuli

534 413 569 442 in
588 413 757 442 Clericum
784 414 995 451 Religiosum
1015 414 1069 443 vel
1095 413 1318 451 Conversum,
1336 414 1371 443 in
1396 424 1477 443 casu
1502 424 1521 443 a
1544 414 1621 453 jure
1645 424 1713 443 non
1730 414 1909 453 permisso,

534 467 659 487 manus
689 457 887 496 injicientes
918 460 1048 487 temere
1081 458 1250 487 violentas
1283 458 1352 487 sint
1385 458 1571 488 Sentcncia
1597 458 1739 497 Majoris
1765 458 1907 487 Excom-

531 501 781 531 municacionis
798 502 1067 540 dampnabiliter
1083 502 1248 537 involuti;
1266 502 1417 540 quidam,
1429 505 1557 539 tamen,
1569 502 1746 532 Johannes
1763 502 1907 539 Aklane,

532 548 650 574 noster
666 545 800 574 notorie
817 545 986 583 subditus,
1005 556 1064 575 sue
1083 546 1204 575 salutis
1221 546 1412 583 immemor,
1431 546 1554 585 spiritu
1571 546 1755 584 nephando
1772 546 1907 582 ductus,

532 599 619 618 ausu
645 589 830 618 temerario
857 592 892 619 et
918 592 1035 618 mente
1062 590 1238 627 sacrilega,
1264 592 1367 628 prout
1392 600 1433 619 ex
1459 590 1711 629 fidedignorum
1738 590 1908 619 relacione

532 642 571 662 ac
588 633 683 662 fama
700 633 836 671 publica
853 633 1028 663 referente
1044 634 1251 672 accepimus,
1265 634 1300 662 in
1317 634 1489 673 quendam
1508 634 1695 663 Dominum
1713 633 1910 664 Galfridum

533 674 701 715 [Lange]
719 677 883 706 clericum
900 680 935 706 et
951 678 1193 716 presbiterum,
1211 688 1251 707 ac
1270 678 1451 707 Rectorem
1470 678 1621 707 Ecclesie
1639 677 1851 707 Parochialis
1868 677 1909 707 de

534 721 771 760 Stokeryvers‚
785 721 820 750 in
838 721 959 750 habitu
976 725 1010 751 et
1027 724 1171 751 tonsura
1182 722 1399 751 clericalibus
1416 724 1450 751 et
1462 722 1733 752 sacerdotalibus
1747 722 1911 751 decenter

532 765 666 794 notorie
690 765 920 802 incedentem,
945 776 1069 795 manus
1093 771 1224 795 temere
1249 766 1369 805 injecit
1386 766 1566 803 violentas,
1583 766 1696 804 ipsum
1722 765 1908 795 Dominum

534 808 730 838 Galfridum
747 809 902 847 graviter
917 812 951 838 et
968 810 1132 839 atrociter
1145 810 1368 846 vulnerando,
1382 819 1422 839 ac
1439 820 1479 839 ea
1496 810 1673 839 occasione
1688 809 1909 839 sentenciam

532 853 914 883 Excommunicacionis
933 853 1074 893 Majoris
1091 854 1198 883 latam
1216 864 1235 883 a
1254 854 1393 883 Canone
1419 854 1455 883 Si
1480 854 1563 891 quis,
1582 854 1740 883 suadente
1765 853 1906 890 diabolo,

531 897 801 935 dampnabiliter
824 897 1041 927 incurrendo.
1090 898 1144 935 Et,
1161 898 1241 937 quia
1266 908 1368 936 super
1384 898 1562 936 premissis
1578 898 1750 927 voluimus
1772 897 1909 936 plenius

531 941 723 978 informari,
741 941 784 970 ad
808 941 1053 981 inquirendum
1078 952 1181 980 super
1204 942 1271 971 hiis
1296 942 1501 980 diligencius
1527 942 1710 971 veritatem
1728 941 1907 971 Archidia—

531 985 607 1014 coni
634 986 744 1014 nostri
768 985 1030 1024 Barnastapolie
1058 986 1202 1015 Officiali
1227 986 1464 1015 commisimus
1488 989 1706 1024 potestatem.
1756 986 1809 1023 Et,
1827 985 1907 1024 quia

530 1039 592 1067 per
622 1029 820 1068 hujusmodi
854 1030 1133 1069 Inquisicionem,
1158 1040 1220 1068 per
1247 1030 1434 1059 Dominum
1459 1030 1648 1059 Officialem
1675 1030 1716 1059 de
1743 1030 1908 1059 Mandato

531 1076 650 1102 nostro
667 1076 815 1111 captam,
832 1073 900 1102 fuit
917 1076 952 1103 et
969 1077 1021 1103 est
1038 1074 1224 1103 manifeste
1241 1077 1457 1113 compertum
1474 1074 1587 1113 ipsum
1604 1074 1799 1103 Johannem
1817 1073 1905 1103 Ake-

531 1117 607 1146 lane
624 1117 800 1156 prefatum
820 1117 1005 1147 Dominum
1025 1117 1231 1155 Galfridum,
1249 1121 1324 1153 ete..
1343 1118 1508 1147 atrociter
1524 1119 1639 1157 sepius
1658 1118 1855 1147 vulnerasse
1873 1120 1907 1147 et

531 1161 566 1189 in
583 1161 731 1190 eundem
748 1171 873 1190 manus
889 1162 1059 1191 violentas
1076 1164 1206 1191 temere
1223 1162 1394 1201 injecisse,
1412 1165 1514 1200 prout
1538 1172 1599 1201 per
1624 1162 1757 1192 Literas
1782 1161 1906 1191 certifi-

531 1205 680 1234 catorias
703 1205 860 1244 ejusdem
885 1205 1058 1243 Officialis,
1083 1206 1182 1236 nobis
1206 1206 1241 1235 in
1266 1206 1330 1235 hac
1354 1210 1452 1244 parte
1477 1207 1709 1243 transmissas,
1727 1206 1907 1235 evidenter

530 1249 657 1287 poterit
682 1259 867 1288 apparere3
893 1250 1053 1288 quocirca
1078 1250 1175 1279 vobis
1201 1250 1425 1289 conjunctim,
1444 1254 1479 1280 et
1505 1250 1644 1279 cuilibet
1669 1253 1823 1280 vestrum
1845 1259 1906 1288 per

530 1303 565 1322 se
594 1293 742 1329 divisim,
771 1294 805 1322 in
832 1294 961 1323 virtute
991 1293 1198 1323 Obediencie
1226 1294 1325 1323 nobis
1356 1295 1501 1332 prestite
1529 1291 1569 1323 ⁴et
1601 1295 1726 1334 jurate,
1761 1294 1907 1323 firmiter

530 1337 748 1377 injungimus
774 1340 808 1366 et
834 1337 991 1367 districte
1018 1338 1240 1376 precipiendo
1268 1338 1476 1368 mandamus
1503 1338 1667 1377 quatinus
1691 1338 1816 1373 citetis,
1846 1347 1906 1367 seu

530 1381 630 1410 citari
655 1381 804 1419 faciatis,
828 1382 1070 1420 peremptorie,
1094 1382 1271 1420 prefatum
1299 1382 1494 1411 Johannem
1527 1382 1662 1412 Aklane
1694 1382 1784 1421 quod
1815 1392 1905 1411 com-

530 1432 650 1463 pareat
689 1435 805 1455 coram
845 1426 953 1463 nobis,
994 1428 1053 1455 aut
1094 1426 1222 1455 nostris
1261 1426 1295 1455 in
1336 1426 1399 1455 hac
1434 1429 1533 1465 parte
1566 1426 1830 1463 Commissariis‚
1870 1426 1905 1454 in

531 1469 685 1499 Manerio
718 1472 836 1499 nostro
868 1470 910 1499 de
943 1470 1199 1507 Chuddeleghe,
1226 1470 1281 1499 die
1310 1470 1451 1500 Sabbati
1477 1470 1633 1509 proximo
1661 1473 1738 1509 post
1765 1470 1906 1499 Festum

532 1513 658 1542 Sancte
684 1514 833 1551 Agatha,
861 1513 1016 1551 Virginis
1042 1518 1077 1543 et
1110 1514 1272 1550 Martiris,
1299 1524 1391 1543 nunc
1422 1514 1591 1551 futurum,
1624 1517 1745 1544 eontra
1776 1514 1905 1543 dictam

530 1557 799 1596 Inquisicionem
831 1558 993 1596 quicquid
1025 1558 1174 1595 sciverit,
1206 1558 1243 1587 in
1274 1558 1387 1588 forma
1417 1559 1504 1598 juris
1536 1559 1662 1596 debita,
1695 1568 1757 1597 pro
1788 1557 1905 1587 defen-

528 1601 623 1630 sione
656 1612 727 1638 sua,
761 1602 788 1631 si
822 1612 925 1640 quam
958 1602 1095 1639 habeat,
1122 1602 1157 1631 in
1190 1602 1255 1632 hae
1287 1608 1385 1641 parte
1418 1603 1640 1639 allegaturus,
1673 1603 1838 1639 dicturus,
1871 1604 1906 1631 et

528 1645 683 1683 legitime
709 1646 937 1684 probaturus3
980 1646 1132 1685 alioquin
1157 1656 1297 1676 causam
1322 1647 1577 1683 raffionabilem,
1603 1647 1631 1676 si
1656 1656 1759 1686 quam
1783 1656 1844 1685 pro
1869 1655 1904 1676 se

528 1689 665 1727 habeat,
691 1700 796 1729 quare
828 1690 957 1719 dictam
991 1690 1133 1729 Majoris
1160 1690 1540 1720 Excommunicacionis
1566 1691 1786 1720 Senteneiam
1811 1700 1905 1719 occa-

528 1733 623 1763 sione
648 1734 895 1772 premissorum
922 1734 1108 1764 incurrisse
1134 1735 1356 1773 pronunciari
1383 1738 1417 1764 et
1443 1735 1562 1764 taliter
1586 1734 1905 1764 excommunicatus

528 1777 740 1813 denunciari,
767 1787 807 1807 ae
838 1788 899 1816 pro
932 1778 1131 1817 hujusmodi
1163 1778 1356 1808 commissis
1388 1779 1459 1808 suis
1497 1778 1668 1808 Canonice
1696 1778 1810 1817 puniri
1836 1788 1906 1807 non

528 1821 662 1857 debeat,
680 1822 835 1859 legitime
852 1822 1091 1860 propositurus
1108 1832 1148 1851 ac
1164 1823 1296 1861 precise
1313 1825 1347 1851 et
1360 1823 1601 1861 peremptorie,
1618 1823 1904 1861 probaturusque,

529 1865 742 1904 ulteriusque
766 1871 968 1904 recepturus
993 1866 1083 1905 quod
1109 1865 1282 1895 Canonice
1306 1866 1340 1895 in
1367 1866 1431 1896 hac
1456 1870 1553 1905 parte
1574 1867 1783 1896 dictaverint
1802 1866 1904 1895 Sanc-

528 1909 663 1945 ciones;
688 1910 959 1948 premunientes,
984 1910 1134 1948 insuper,
1159 1914 1194 1939 et
1219 1910 1368 1940 citantes
1392 1911 1587 1949 predictum
1612 1911 1799 1940 Dominum
1827 1910 1904 1940 Gal-

528 1953 658 1982 friduin
684 1953 774 1992 quod
798 1959 997 1992 compareat
1023 1963 1138 1983 coram
1163 1954 1272 1989 nobis,
1297 1955 1350 1983 vel
1375 1955 1503 1984 nostris
1528 1954 1784 1984 Commissariis
1808 1957 1903 1984 aute-

528 1997 639 2034 dictis,
661 1997 715 2026 die
742 2000 777 2026 et
808 1997 882 2026 loco
915 1997 1072 2036 superius
1104 1998 1322 2036 expressatis,
1349 1998 1391 2027 ad
1418 1998 1629 2027 audiendum
1656 2002 1690 2027 et
1715 1998 1903 2028 videndum

528 2041 644 2070 omnia
670 2044 704 2070 et
731 2041 868 2079 singula
893 2051 958 2080 que
991 2051 1094 2080 super
1118 2042 1296 2080 premissis
1322 2042 1453 2071 fuerint
1478 2042 1747 2072 faciendajDe
1773 2042 1903 2079 diebus,

528 2095 618 2120 vero,
644 2085 856 2123 recepcionis
883 2085 1105 2115 Presencium
1130 2095 1169 2115 ae
1196 2085 1383 2115 Citacionis
1400 2090 1515 2115 vestre
1539 2087 1708 2125 modoque
1732 2088 1767 2115 et
1792 2086 1904 2115 forma

527 2129 694 2168 ejusdem,
712 2138 751 2158 ac
769 2129 796 2158 si
822 2129 953 2158 dictum
978 2129 1172 2158 Johannem
1192 2129 1326 2159 Aklane
1350 2131 1580 2168 personaliter
1604 2130 1806 2168 citaveritis,
1826 2139 1902 2159 nec-

528 2183 596 2202 non
610 2173 691 2212 quid
702 2172 856 2202 feceritis
867 2173 902 2202 in
914 2173 1101 2212 premissis,
1114 2183 1186 2209 nos,
1199 2184 1259 2203 seu
1271 2173 1535 2203 Commissarios
1546 2178 1682 2203 nostros
1694 2174 1902 2213 hujusmodi,

529 2217 631 2246 dictis
655 2217 709 2246 die
734 2220 767 2246 et
794 2217 876 2253 loco,
902 2217 1111 2254 certificetis,
1137 2218 1362 2247 etessDated
1387 2221 1422 2247 at
1448 2218 1652 2256 Climlleigh,
1680 2218 1719 2250 17
1736 2218 1901 2257 January.

528 2261 682 2300 ffanjns
713 2261 922 2290 anctoritate
957 2261 1112 2290 Mandati
1139 2262 1244 2291 vestri
1278 2262 1468 2299 reverendi,
1498 2262 1674 2300 prefatum
1706 2262 1901 2291 Joliannem

529 2302 687 2341 Aklane‚¹
705 2305 749 2334 ad
774 2305 962 2340 citandum,
979 2305 1079 2344 juxta
1096 2305 1176 2341 vim,
1201 2305 1361 2342 formam,
1379 2309 1414 2335 et
1438 2306 1601 2335 effectum
1625 2306 1781 2345 ejusdem
1808 2306 1900 2335 Man-

529 2349 611 2385 dati,
638 2349 823 2386 diligenter
848 2349 1069 2387 quesivimus,
1087 2352 1122 2378 et
1147 2349 1261 2388 ipsum
1287 2350 1381 2379 nullo
1408 2350 1509 2379 modo
1535 2351 1690 2379 invenire
1716 2350 1901 2388 potuimus.

530 2392 721 2429 Pret'atum,
739 2402 829 2429 vero,
856 2393 1041 2422 Dominum
1069 2393 1276 2429 (lalfridum,
1299 2394 1480 2423 Rectorem
1507 2394 1711 2432 predictum,
1729 2393 1900 2432 premuni-

528 2436 641 2465 vimus
658 2440 692 2465 ct
710 2436 904 2473 citavimus,
922 2440 959 2465 ut
977 2437 1174 2467 mandatur.
1223 2437 1266 2466 Et
1284 2438 1332 2467 sic
1352 2438 1554 2467 Mandatum
1573 2440 1727 2467 vestrum
1745 2447 1899 2467 reveren-

528 2480 610 2508 dum
629 2490 689 2518 pro
706 2490 805 2518 posse
823 2484 942 2509 nostro
968 2481 1146 2510 humiliter
1170 2491 1289 2510 sumus
1314 2482 1619 2511 executif—Dated
1637 2484 1673 2511 at
1692 2478 1899 2520 Londekey)

529 2523 546 2535 “
559 2524 622 2552 sub
640 2524 752 2561 sigillo
770 2523 879 2553 Officii
897 2524 975 2559 mei,
994 2525 1123 2554 Decani
1142 2525 1340 2562 antedicti,”
1358 2526 1379 2554 4
1398 2526 1584 2565 February.

376 2651 382 2669 ¹
407 2652 518 2691 (hodie
536 2651 795 2692 Landkey).*‘⁴
810 2654 953 2689 Acland,
978 2654 1012 2682 in
1035 2654 1106 2683 this
1219 2654 1402 2694 Conquest.
1436 2656 1518 2690 Itis,
1533 2666 1609 2685 now
1625 2654 1759 2694 [1822],
1773 2666 1793 2685 a
1809 2656 1897 2685 farm

417 2697 544 2735 parish,
562 2697 738 2736 anciently
758 2697 897 2726 written
923 2698 1104 2734 Accelana,
1218 2699 1405 2737 belonging
1436 2703 1471 2728 to
1505 2700 1559 2728 Sir
1597 2700 1746 2729 Thomas
1786 2699 1896 2738 Dyke-

417 2750 488 2769 was
504 2741 562 2769 the
581 2741 726 2779 original
745 2744 818 2770 scat
840 2741 876 2770 ot'
900 2741 958 2770 the
982 2741 1106 2780 fan'iily
1218 2743 1360 2779 Acland,
1395 2743 1510 2772 Bart.”
1560 2744 1693 2780 Lysons’
1723 2744 1840 2779 Dei-on,
1865 2752 1896 2782 p.

418 2784 454 2813 of
484 2785 627 2821 Acland,
660 2788 695 2813 to
728 2785 839 2813 whom
874 2785 901 2814 it
937 2785 1105 2823 belonged
1217 2786 1291 2815 309.

416 2828 536 2868 nearly
554 2838 591 2857 as
615 2829 710 2869 early
734 2838 771 2857 as
795 2829 854 2858 the
878 2829 962 2858 time
987 2828 1023 2857 of
1046 2829 1105 2860 the
