1987 3062
130 319 167 344 A.
172 319 208 343 D.

134 352 211 377 1374-
213 355 238 379 5.

137 386 198 411 V.ol
214 386 238 413 Ι.

129 2664 181 2692 fol.

130 2699 171 2724 59.

468 220 757 254 REGISTRUM
783 218 1238 253 COMMUNE—ANNO
1267 210 1326 253 50.
1567 209 1658 253 355

285 325 326 354 ut
341 323 524 354 notorietas
541 322 621 354 facti
637 322 833 353 manifestat
847 324 882 353 et
898 321 1045 352 declarat
1060 332 1070 358 3
1093 323 1250 361 pretextu
1268 320 1366 360 cujus
1389 320 1579 361 injeccionis
1594 321 1662 352 vio-

286 366 383 404 ]ente,
401 366 642 397 vulneracionis
659 366 812 401 enormis,
837 376 873 396 ac
896 365 1057 405 sacrilegii
1079 365 1124 395 sic
1147 364 1276 395 notorie
1300 364 1476 402 commissi,
1493 363 1661 404 prefatum

286 410 480 447 Robertum,
506 410 664 449 premissa
687 409 966 446 committentem,
990 418 1118 439 necnon
1141 418 1177 438 ea
1201 407 1271 438 fieri
1294 408 1500 446 mandantes,
1527 418 1564 438 ac
1587 418 1661 439 con-

284 453 404 491 silium,
429 453 601 491 auxilium,
625 452 677 483 vel
700 453 846 483 favorem
870 452 989 482 dantes
1012 452 1054 482 ad
1077 451 1201 489 eadem,
1227 450 1362 491 Majoris
1388 451 1662 482 Excommunica-

285 496 386 526 cionis
410 496 610 532 Sentencias‚
629 506 647 526 a
671 496 803 527 Canone
827 494 965 535 Siquis,
983 494 1136 525 suadente
1158 493 1301 534 dyabolo,
1319 494 1401 524 etin
1426 494 1497 525 aliis
1522 495 1661 526 Canoni-

284 539 346 570 bus
370 540 505 580 provide
522 539 614 577 latas,
634 539 742 579 ipsum
762 539 944 569 Robertum
961 548 998 568 ac
1021 538 1167 578 prefatos
1190 538 1365 577 complices
1388 548 1465 568 suos
1489 538 1663 569 efficaciter

284 586 439 621 artantes,
458 593 523 613 non
541 586 592 613 est
607 583 748 612 dubium
767 581 1023 621 dampnabiliter
1045 581 1115 621 ipso
1143 581 1232 612 facto
1255 581 1456 619 incurrisse3
1479 591 1516 612 ac
1539 581 1572 612 iu
1597 592 1664 621 qua

284 626 404 665 prefati
431 626 598 657 Robertus
621 628 656 656 et
678 625 729 656 sui
754 625 786 655 in
810 625 871 655 hac
895 628 988 665 parte
1011 624 1186 664 complices
1210 635 1268 664 per
1297 624 1482 655 triennium
1510 628 1544 654 et
1573 625 1663 656 ultra

282 670 470 709 jacuerunt,
488 673 523 699 et
543 669 651 710 jacere
675 679 739 699 non
758 672 924 706 verentur,
942 668 1052 698 animo
1075 668 1241 705 indurato,
1258 668 1292 698 in
1316 668 1504 698 animarum
1526 678 1662 699 suarum

282 723 379 752 grave
396 713 580 753 periculum
598 723 634 743 ac
650 712 790 742 aliorum
810 693 935 742 Chxist'i
950 711 1099 741 fidelium
1117 711 1306 750 exemplum
1325 710 1555 750 perniciosum.
1602 712 1662 750 Ne,

284 756 396 796 igitur,
414 756 533 796 prefati
550 756 657 786 Robe1
660 758 716 786 tus
732 759 767 785 et
783 755 957 794 complices
974 754 1026 785 sui
1050 754 1191 793 Gregem
1215 754 1439 793 Dominicum,
1457 755 1552 785 nobis
1575 765 1662 786 com-

285 800 433 838 missum,
451 810 509 839 pei
526 810 620 829 suam
637 799 786 829 illicitam
804 808 993 828 commum(
995 807 1071 827 nem
1089 797 1239 828 inficiant
1262 808 1321 828 sua
1344 797 1442 836 labe3
1466 798 1568 837 vobis,
1589 801 1662 837 etc„

285 843 492 880 mandamus,
521 842 555 873 in
587 843 713 873 virtute
744 841 943 872 Obediencie
973 844 1007 871 et
1038 840 1101 871 sub
1133 840 1268 881 Maioris
1301 841 1664 872 Excommunicacionis

285 896 369 926 pena
386 886 524 917 firmiter
547 885 770 926 injungentes,
790 885 950 925 quatinus
973 884 1007 914 in
1032 884 1197 923 Capitulis
1214 884 1333 914 vestris
1357 884 1507 924 proximo
1526 895 1582 925 per
1606 896 1664 916 vos

285 940 342 969 per
358 933 469 960 totum
488 929 801 960 Archidiaconatum
819 928 1048 968 supradictum
1066 927 1280 966 celebrandis,
1298 938 1424 958 necnon
1450 928 1484 958 in
1508 929 1663 959 omnibus

286 973 439 1003 Ecclesiis
457 972 704 1003 parochialibus
720 975 755 1002 et
772 971 962 1011 Collegiatis
985 974 1019 1001 et
1043 971 1161 1001 ceteris
1186 971 1247 1011 piis
1271 971 1365 1001 Locis
1389 981 1446 1011 per
1469 971 1665 1011 hujusmodi

285 1016 599 1047 Archidiaconatum
631 1015 833 1053 constitutis,
862 1015 986 1045 Diebus
1012 1014 1195 1044 Dominicis
1218 1017 1253 1045 et
1276 1014 1392 1045 ceteris
1423 1014 1557 1045 interim
1590 1016 1665 1046 Fes-

283 1059 372 1097 tivis,
396 1060 485 1091 intra
509 1060 685 1090 Missarum
709 1058 901 1098 solempnia,
934 1058 1067 1097 quando
1097 1058 1184 1089 Cleri
1207 1061 1242 1088 et
1265 1058 1379 1097 populi
1403 1058 1510 1098 major
1533 1059 1666 1090 affuerit

284 1103 477 1140 multitudo,
495 1113 572 1134 cum
588 1103 823 1142 solempnitate
840 1112 906 1142 qua
929 1101 1033 1139 decet,
1052 1101 1206 1132 videlicet
1230 1101 1398 1141 campanis
1422 1102 1572 1141 pulsatis,
1590 1112 1663 1133 can-

285 1146 367 1176 delis
384 1147 527 1176 accensis
544 1150 579 1176 et
595 1146 762 1184 extinctis,
781 1145 953 1185 Cruceque
977 1145 1010 1175 in
1035 1144 1190 1175 manibus
1214 1148 1331 1183 erecta,
1349 1144 1515 1184 prefatum
1542 1145 1664 1176 Rober-

285 1192 359 1220 tum
375 1190 447 1219 Hoo
461 1189 787 1220 excommunicatum
798 1189 900 1218 fuisse
913 1192 947 1218 et
961 1198 1038 1224 esse,
1054 1198 1130 1218 cum
1144 1187 1212 1218 suis
1229 1169 1444 1227 complicibus
1456 1189 1665 1228 supxadietis,

285 1233 452 1263 occasione
480 1233 646 1272 premissi,
664 1232 795 1272 publice
819 1235 853 1262 et
876 1231 1090 1270 solempniter
1114 1230 1322 1261 denuncietis
1346 1234 1380 1261 et
1403 1231 1586 1271 declaretis,
1611 1233 1665 1263 de-

286 1276 435 1306 minei-xri
452 1276 503 1306 vel
528 1275 688 1316 publicari
711 1275 821 1305 saciati
825 1285 862 1311 s;
885 1274 926 1305 ab
949 1274 1145 1314 hujusmodi
1169 1274 1319 1304 Mandati
1342 1274 1448 1304 nostri
1472 1275 1668 1306 execucione

285 1329 352 1349 non
376 1322 540 1349 cess-intes
563 1329 737 1367 quousque
761 1318 852 1348 aliud
876 1328 894 1348 a
918 1317 1012 1347 nobis
1035 1317 1223 1357 receperitis
1247 1317 1281 1347 in
1306 1318 1482 1348 mandatis.
1530 1319 1579 1348 De
1603 1319 1665 1358 die,

286 1372 371 1400 ver0,
396 1363 594 1402 recepcionis
619 1361 830 1392 Presencium
853 1371 890 1391 ac
916 1361 1065 1390 Mandati
1089 1360 1251 1400 presentis
1274 1360 1387 1391 debita
1411 1362 1617 1399 execucione,
1634 1366 1669 1393 et

285 1405 326 1435 de
343 1405 433 1435 omni
449 1416 487 1436 eo
503 1405 593 1445 quod
611 1405 764 1442 feceritis,
784 1404 834 1434 vel
851 1404 1038 1434 faciendum
1057 1404 1220 1434 duxeritis
1244 1403 1277 1433 in
1302 1403 1480 1443 premissis,
1497 1415 1566 1443 nos,
1583 1405 1667 1436 citra

289 1448 426 1479 Festum
443 1448 617 1479 Dominice
634 1448 784 1479 Medi-ane
801 1447 907 1478 XLme
922 1447 954 1485 [1
974 1446 1092 1486 April],
1110 1446 1299 1477 certificetis
1316 1447 1474 1478 distincte
1491 1451 1525 1478 et
1541 1452 1666 1488 aperte,

285 1502 343 1530 per
362 1492 487 1522 Literas
504 1496 630 1522 vestras
648 1494 810 1532 patenteS,
827 1490 1045 1521 etc—Dated
1069 1494 1104 1520 at
1122 1490 1226 1530 myst,
1247 1490 1286 1521 10
1303 1490 1479 1522 sam—See
1495 1502 1576 1532 page
1595 1493 1665 1531 148,

288 1535 349 1567 No.
369 1536 418 1566 86.

244 1610 354 1648 VVest
374 1612 518 1649 Downe
533 1625 543 1658 3
572 1612 630 1648 De
652 1611 821 1648 Ecclesia
840 1611 884 1647 cle
914 1610 1130 1647 Westcloune
1151 1610 1205 1647 ad
1214 1611 1380 1658 firmam
1399 1610 1641 1658 habenda,—

243 1664 489 1695 Memorandum
513 1666 612 1705 quod,
637 1665 677 1695 ad
702 1664 896 1695 instanciam
923 1668 956 1694 et
980 1664 1127 1694 debitam
1151 1664 1404 1703 requisicionem
1429 1665 1559 1696 Nobilis
1585 1666 1666 1705 Viri,

286 1709 421 1738 Domini
441 1709 604 1739 Johannis
629 1708 832 1746 Beaumond,
858 1707 986 1745 Militis,
1014 1706 1108 1737 rob-as
1132 1707 1269 1737 Domini
1292 1707 1482 1745 deferentis,
1504 1709 1668 1739 Dominus

285 1752 446 1782 concessit
474 1752 659 1782 Licenciam
683 1751 827 1781 Domino
850 1750 998 1781 Johanni
1022 1750 1127 1790 Hope,
1146 1750 1276 1780 Rectori
1302 1751 1445 1781 Ecclesie
1468 1752 1668 1783 Parochiulis

285 1795 326 1824 de
355 1795 496 1825 Hamme
524 1795 638 1826 Sancti
665 1794 796 1834 Georgii
824 1791 1062 1833 [Gemyeham]
1090 1794 1179 1833 quod
1209 1793 1314 1833 possit
1340 1794 1460 1824 habere
1489 1795 1668 1826 Ecclesiam

286 1838 511 1868 Parochialem
528 1839 569 1869 de
587 1839 799 1874 Westdoune‚
817 1838 849 1867 in
868 1837 1147 1867 Archidiaconatu
1174 1837 1474 1877 Barnastapoliensi
1497 1839 1667 1877 situatam,

284 1892 342 1921 per
357 1882 627 1922 quinquennium
644 1881 686 1911 ad
702 1881 842 1919 firmam,
860 1881 901 1911 de
918 1880 1030 1911 Priore
1056 1879 1237 1920 Hospitalis
1262 1880 1375 1911 Sancti
1394 1881 1556 1912 Johannis
1577 1881 1666 1913 Wei-

283 1925 548 1956 lensis.—Dated
565 1928 600 1956 at
617 1925 721 1966 Clyst,
740 1924 758 1957 7
776 1924 851 1955 Feb.

241 2006 513 2055 Confessions3
541 2008 605 2044 Ad
624 2007 859 2045 audiendum
881 2006 1205 2054 Cooffessiones,—

241 2061 339 2098 Item,
367 2062 494 2092 decimo
522 2065 637 2092 octavo
664 2062 726 2099 die,
755 2061 844 2101 apud
874 2060 966 2099 Clist,
996 2060 1162 2090 Dominus
1199 2060 1362 2091 concessit
1396 2061 1524 2092 Literas
1557 2062 1666 2093 Fratri

284 2105 429 2135 Johanni
448 2105 624 2142 Laurence,
643 2105 778 2136 Ordinis
795 2107 830 2135 et
846 2102 1040 2134 Conventus
1065 2104 1221 2134 Fratrum
1247 2104 1496 2135 Predicatorum
1523 2105 1564 2135 de
1588 2106 1665 2136 Tre-

283 2159 368 2178 rewe
406 2147 556 2188 [Trar0]‚
590 2148 624 2178 in
664 2148 841 2184 cornubia,
873 2148 915 2177 ad
946 2146 1152 2177 audiendum
1192 2147 1423 2178 confessiones
1453 2148 1665 2179 subditorum

285 2191 421 2222 Domini
437 2192 499 2222 sibi
516 2191 667 2222 confiteri
682 2191 878 2228 volencium,
896 2190 1042 2230 ipsisque
1059 2200 1117 2229 pro
1133 2191 1315 2220 commissis
1339 2190 1500 2221 salutares
1517 2192 1665 2231 peniten-

283 2235 348 2264 cias
364 2235 620 2275 injungendum,
638 2238 672 2264 et
688 2235 788 2264 eciam
806 2233 1044 2264 absolvendum
1063 2234 1207 2271 eosdem,
1227 2233 1261 2263 in
1278 2234 1420 2264 casubus
1436 2235 1537 2264 eciam
1561 2235 1624 2265 sibi
1647 2245 1667 2265 a

283 2277 357 2317 jure
374 2278 424 2308 vel
442 2278 683 2308 consuetudine
700 2277 874 2307 reservatis
893 2287 899 2314 ;
924 2276 1081 2316 perjuriis
1097 2276 1238 2306 scienter
1254 2276 1287 2306 in
1306 2277 1421 2307 Causis
1439 2277 1664 2308 matrimonia-

284 2321 371 2351 libus
395 2325 429 2351 et
452 2321 585 2359 Assisis,
610 2324 672 2352 etc.
723 2321 864 2357 Proviso,
889 2324 1012 2357 tamen,
1037 2319 1127 2359 quod
1151 2319 1307 2359 quociens
1331 2321 1455 2359 poterit
1477 2322 1660 2358 commode,

282 2364 404 2404 populo
421 2364 565 2395 Domino
581 2364 762 2394 immediate
778 2364 930 2404 subjecto
947 2362 1104 2402 predicet,
1123 2366 1162 2392 ut
1179 2365 1324 2394 tenetur.

242 2446 363 2483 Black
389 2447 625 2496 Torrington
643 2459 653 2493 3
683 2447 744 2483 Sir
763 2446 933 2483 Thomas
953 2445 1000 2482 de
1021 2444 1267 2494 Sekyndone,
1296 2445 1412 2490 R„—

241 2500 379 2530 Licence
403 2501 437 2531 of
463 2501 714 2531 non-residence
737 2500 789 2530 for
812 2504 878 2530 two
901 2509 1005 2539 years,
1030 2498 1340 2538 “contemplacione
1365 2499 1499 2530 Domini
1524 2500 1664 2532 Comitis

283 2543 438 2581 Marchie,
455 2544 487 2574 in
513 2544 669 2574 Partibus
692 2543 840 2574 Devonie
863 2553 922 2582 pro
939 2546 1088 2581 tempore
1105 2542 1342 2572 commorantis
1373 2565 1380 2572 .
1420 2566 1427 2573 .
1467 2567 1474 2574 .
1525 2567 1543 2582 .‚
1569 2544 1662 2583 dum,

282 2590 404 2625 tamen,
422 2590 488 2617 stet
508 2597 566 2626 per
581 2587 669 2617 idem
686 2590 819 2626 tempus
835 2586 868 2616 in
886 2585 955 2616 suis
978 2584 1144 2624 obsequiis
1156 2584 1173 2597 ’³
1192 2585 1309 2625 (Clyst,
1328 2586 1363 2616 21
1385 2585 1487 2624 Feb.).

242 2667 429 2705 Letters-l
440 2668 702 2717 >imissory,—-

241 2721 330 2752 John
356 2721 608 2760 Godemestone,
633 2721 731 2752 Vicar
754 2720 788 2751 of
815 2721 1000 2758 Braunton,
1019 2720 1036 2734 “
1051 2723 1090 2750 ut
1117 2720 1285 2758 asseritur,
1309 2721 1351 2751 ad
1375 2731 1489 2752 omnes
1517 2722 1661 2754 Minores

283 2774 320 2794 ac
336 2765 438 2795 eciam
455 2765 571 2795 Sacros
588 2764 738 2802 Ordines,
755 2763 1037 2804 contemplacione
1054 2763 1203 2803 Magistri
1222 2763 1377 2794 Willelmi
1399 2764 1490 2804 Bide,
1507 2765 1663 2798 Officialis

284 2807 478 2848 Principalis
495 2807 622 2838 Exonie
633 2807 650 2820 ”
668 2807 772 2846 (same
787 2806 891 2845 date).

267 2849 311 2898 ΖΞ
