1987 3062
275 249 365 292 104

271 361 305 387 A.
312 361 348 389 D.

273 397 349 421 1388.

271 429 336 455 Vol.

271 462 314 488 ΙΙ.

278 2355 325 2384 fol.
341 2358 397 2382 115.

470 261 571 293 THE
607 261 847 295 REGISTER
882 261 943 294 OF
979 261 1154 295 BISHOP
1189 260 1586 295 BRANTYNGHAM.

425 375 539 395 eorum
556 365 708 406 quolibet
722 365 870 396 indebite
884 366 1078 406 pregravari,
1093 366 1133 396 ad
1148 366 1353 396 audienciam
1364 369 1512 397 nostram
1528 366 1676 406 legitime
1692 365 1807 396 extitit

425 409 637 448 appellatum.
686 410 766 447 Nos,
785 409 898 449 igitur,
917 410 1065 440 volentes
1090 409 1176 449 parti
1202 410 1282 440 dicti
1300 410 1466 448 Willelmi,
1491 413 1657 450 quatenus
1680 409 1721 439 ad
1746 419 1805 439 nos

426 452 557 490 attinet,
589 453 727 492 plenum
756 452 890 492 justicie
921 453 1076 483 exhibere
1107 453 1402 492 complementum,
1435 464 1471 484 ac
1503 453 1600 483 variis
1633 458 1667 483 et
1693 452 1806 482 arduis

428 495 578 535 negociis,
603 506 662 525 nos
686 499 720 526 et
744 496 923 526 Ecclesiam
948 499 1097 526 nostram
1123 496 1397 527 Cantuariensem
1414 496 1639 536 tangentibus,
1656 496 1806 535 legitime

428 538 591 578 prepediti
607 539 785 579 quominus
801 539 834 569 in
852 550 950 569 causa
967 539 1209 579 Appellacionis
1220 539 1415 579 hujusmodi
1431 543 1465 570 et
1481 540 1513 569 in
1531 539 1663 579 negocio
1687 539 1721 569 in
1745 538 1806 569 hac

428 585 521 621 parte
538 582 711 622 principali
727 583 942 621 personaliter
953 583 1127 622 procedere
1142 583 1309 612 valeamus
1321 593 1328 620 ;
1341 583 1381 612 ad
1396 583 1610 620 audiendum,
1623 581 1804 612 discucien-

427 625 521 674 (lum,
537 628 572 655 et
587 625 699 655 debite
715 626 964 656 terminandum
981 636 1113 656 causam
1137 637 1193 656 seu
1211 637 1325 656 causas
1342 626 1584 666 Appellacionis
1601 625 1804 674 hujusmodi,

429 671 471 707 et,
496 668 523 698 si
546 668 740 698 inveneritis
762 669 872 708 ipsum
896 669 1119 709 appellantem
1136 669 1283 699 indebite
1306 669 1408 699 fuisse
1431 680 1516 708 ἕνη
1518 672 1605 699 itum
1629 669 1806 708 ipsumque

428 722 447 741 ¹1.
469 712 716 750 gravaminibus
739 712 935 761 hujusmodi
959 713 1105 752 legitime
1125 713 1314 752 :zippellissa
1333 723 1391 752 plo
1407 713 1524 752 Appell
1530 713 1641 743 acione
1658 711 1806 752 predicta

428 753 568 795 ejusque
585 766 682 785 causa
698 766 755 785 seu
773 756 888 794 causis,
905 756 1078 796 ipsamque
1102 756 1370 796 ΑρρεΠιείυυειι]
1395 756 1497 786 fuisse
1520 759 1551 786 et
1576 766 1645 786 esse
1669 755 1805 795 justam,

428 808 464 828 ac
488 809 529 828 ex
552 799 657 828 causis
685 799 779 835 veris,
803 799 914 839 justis,
942 803 975 829 et
1004 799 1159 839 legitimis
1186 799 1428 839 interposit1m,
1458 799 1747 839 ριοι]ιιι]εἰ·ιυι1υῐ];ι
1772 802 1807 828 et

428 841 673 879 declarandum,
691 852 818 872 necnon
835 843 875 872 ad
893 843 1107 881 audiendum,
1126 843 1394 880 examinandum,
1411 845 1446 872 et
1462 842 1607 882 plenarie
1622 842 1805 872 discucien-

428 885 509 915 dum
527 896 640 915 causas
658 886 919 916 Permutacionis
934 886 1089 925 predicte,
1107 886 1235 916 dictum
1248 886 1451 916 Willelmum
1468 889 1502 916 et
1516 885 1694 916 Ecclesiam
1711 895 1806 915 suam

429 928 470 958 de
487 928 745 959 Colstreworthe
762 929 944 968 predictam
962 932 1206 968 concernentes,
1218 929 1362 969 ipsisque
1378 930 1485 959 causis
1503 929 1587 959 veris
1604 932 1638 959 et
1648 928 1806 968 legitimis

429 971 583 1009 inventis,
596 972 850 1012 approbandum
863 973 1005 1010 easdem,
1021 973 1211 1012 dictamque
1223 972 1510 1003 l'ermutacionem
1524 972 1805 1009 auctorizandum,

429 1025 466 1045 ac
484 1015 753 1054 Resignacionem
777 1016 865 1046 dicte
883 1016 1026 1046 Ecclesie
1043 1017 1083 1046 de
1101 1016 1356 1046 Colstreworthe
1373 1027 1413 1046 ex
1430 1027 1527 1046 causa
1544 1015 1806 1046 Permutacionis

428 1058 623 1098 hujusmodi
651 1058 877 1098 recipiendum
903 1062 937 1089 et
959 1059 1218 1097 admittendum,
1244 1059 1453 1099 ulteriusque
1477 1059 1650 1099 negocium
1674 1069 1740 1098 quo
1765 1058 1806 1088 ad

430 1101 554 1132 dictam
573 1101 748 1132 Ecclesiam
768 1102 808 1132 de
826 1102 1083 1132 Colstreworthe
1100 1103 1355 1142 expediendum,
1376 1102 1610 1142 prefatumque
1624 1102 1806 1132 Dominum

430 1145 613 1175 Henricum
641 1145 683 1175 ad
710 1146 833 1176 dictam
857 1146 1036 1176 Ecclesiam
1061 1147 1101 1176 de
1127 1146 1393 1184 Colstreworthe,
1421 1146 1462 1176 ad
1486 1156 1588 1186 quam
1610 1156 1666 1185 per
1690 1155 1806 1176 verum

430 1188 581 1228 ejusdem
598 1188 743 1218 Ecclesie
760 1189 954 1226 Patronum,
974 1192 1012 1219 ut
1027 1189 1152 1227 asserit,
1177 1189 1327 1219 extiterit
1343 1192 1377 1219 et
1393 1189 1509 1219 existit
1533 1192 1754 1229 presentatus,
1779 1188 1806 1218 si

428 1231 476 1261 ita
492 1234 554 1270 est,
580 1242 636 1271 per
659 1232 798 1262 modum
816 1235 847 1262 et
866 1243 906 1262 ex
922 1243 1019 1262 causa
1042 1232 1305 1262 Permutacionis
1330 1232 1475 1271 predicte
1499 1232 1749 1262 admittendum
1773 1233 1808 1262 et

431 1275 603 1305 Rectorem
619 1274 876 1313 instituendum,
894 1276 1072 1315 ipsumque
1090 1276 1271 1306 Dominum
1299 1275 1479 1306 Henricum
1504 1276 1652 1306 Barnake
1669 1276 1702 1306 in
1719 1275 1808 1306 dicte

428 1318 572 1348 Ecclesie
603 1318 644 1348 de
676 1318 942 1356 Colstreworthe,
972 1318 1168 1359 juriumque
1199 1322 1233 1349 et
1264 1319 1542 1359 pertinenciarum
1575 1319 1807 1349 universorum

428 1361 579 1401 ejusdem
611 1361 814 1401 corporalem
845 1362 1083 1402 possessionem
1114 1362 1385 1393 demandandum
1413 1366 1447 1393 et
1470 1362 1659 1393 faciendum
1683 1362 1807 1400 induci,

429 1405 604 1445 omniaque
628 1404 691 1435 alia
715 1408 749 1435 et
772 1405 901 1445 singula
924 1406 1124 1443 faciendum,
1149 1407 1399 1444 excercendum,
1426 1409 1460 1436 et
1483 1406 1726 1445 expediendum
1743 1415 1807 1445 que

428 1448 463 1478 in
480 1448 660 1488 premissis,
687 1452 722 1478 et
745 1448 827 1479 circa
852 1460 898 1487 ea,
923 1449 1104 1479 necessaria
1128 1449 1254 1479 fuerint
1277 1460 1335 1479 seu
1358 1449 1609 1489 quomodolibet
1632 1452 1806 1489 oportuna,

428 1494 594 1531 quatenus
611 1492 767 1531 premissa
785 1492 914 1522 dictum
930 1492 1161 1523 Venerabilem
1186 1493 1337 1523 Fratrem
1361 1496 1524 1530 nostrum,
1542 1492 1806 1523 Lincolniensem

429 1535 641 1574 Episcopum,
659 1535 910 1573 concernebant,
930 1537 1029 1566 modo
1045 1539 1079 1566 et
1096 1536 1202 1566 forma
1218 1536 1340 1576 quibus
1356 1536 1444 1566 idem
1461 1536 1667 1566 Venerabilis
1692 1536 1807 1566 Frater

430 1581 543 1608 noster
559 1589 595 1608 ea
611 1578 716 1608 facere
733 1578 912 1618 debuisset,
930 1579 982 1609 vel
1000 1580 1156 1619 premissa
1173 1579 1378 1619 expedienda
1391 1579 1480 1610 dicto
1493 1579 1681 1610 Venerabili
1698 1579 1807 1609 Fratri

430 1624 553 1660 nostro,
585 1621 748 1662 Episcopo
780 1622 968 1661 Exoniensi,
995 1623 1064 1653 vice
1087 1626 1122 1653 et
1145 1623 1344 1653 auctoritate
1368 1623 1490 1653 nostris
1514 1622 1805 1660 committendum,

431 1665 522 1695 vobis
553 1665 639 1695 vices
672 1668 802 1695 nostras
833 1666 1086 1704 committimus,
1111 1676 1187 1696 cum
1211 1665 1393 1705 cujuslibet
1416 1666 1616 1696 cohercionis
1642 1666 1806 1697 Canonice

431 1710 596 1747 potestate
614 1718 621 1745 ;
638 1709 834 1739 mandantes
851 1709 1019 1748 quatinus,
1039 1709 1206 1748 premissis
1222 1709 1397 1748 expeditis,
1418 1719 1476 1740 nos
1494 1709 1534 1739 de
1550 1709 1641 1739 omni
1661 1719 1698 1739 eo
1715 1709 1806 1748 quod

429 1751 573 1781 feceritis
603 1751 637 1781 in
664 1751 829 1791 premissis
853 1751 965 1782 debite
989 1752 1184 1782 certificetis.
1244 1753 1331 1782 Data
1354 1752 1388 1782 in
1417 1752 1558 1782 Ecclesia
1583 1752 1806 1783 Conventuali

430 1794 586 1824 Fratrum
614 1794 869 1825 Carmelitarum
888 1795 1132 1835 Cantebriggie,
1159 1795 1239 1835 xviij
1263 1795 1315 1825 die
1337 1796 1459 1826 mensis
1477 1795 1690 1835 Septembris,
1709 1796 1807 1826 Anno

429 1838 564 1868 Domini
596 1837 656 1868 Mo.
691 1837 821 1869 CCCmO
852 1838 977 1868 lxxxm0
1013 1842 1140 1876 octavo,
1175 1842 1209 1869 et
1239 1844 1351 1868 nostre
1381 1838 1622 1869 Translacionis
1653 1839 1804 1878 septimo.

430 1881 629 1918 -QUARUM
645 1881 844 1911 auctoritate
860 1881 1059 1920 Literarum,
1075 1882 1153 1922 quia
1170 1892 1226 1921 per
1242 1881 1389 1921 legitima
1401 1883 1602 1912 documenta
1618 1882 1807 1913 invenimus

430 1924 540 1963 ipsum
567 1924 789 1963 appellantem
812 1925 960 1955 indebite
984 1925 1086 1955 fuisse
1109 1928 1294 1964 gravatum,
1319 1925 1496 1965 ipsumque
1519 1936 1538 1955 a
1560 1925 1807 1964 gravaminibus

429 1966 623 2007 hujusmodi
638 1967 785 2006 legitime
809 1968 998 2007 appellasse,
1016 1979 1074 2008 pro
1092 1968 1332 2008 AppeHacione,
1358 1968 1469 2008 igitur,
1494 1968 1651 2008 predicta,
1668 1968 1810 2009 ejusque

431 2021 530 2041 causa
546 2013 580 2040 et
596 2011 710 2048 causis,
724 2010 897 2051 ipsamque
908 2011 1175 2051 Appellacionem
1192 2011 1294 2042 fuisse
1311 2015 1344 2042 et
1360 2011 1575 2052 essejustam‚
1589 2022 1626 2042 ac
1642 2022 1681 2042 ex
1696 2012 1806 2052 justis,

430 2054 525 2092 veris,
554 2056 589 2084 et
615 2053 772 2093 legitimis
796 2055 901 2084 causis
926 2055 1157 2094 interpositam
1182 2055 1473 2095 pronunciavimus
1497 2058 1531 2086 et
1554 2055 1802 2086 declaravimus.

432 2098 485 2135 Et,
504 2097 582 2137 quia
598 2097 787 2128 execucioni
803 2098 953 2128 ulteriori
976 2098 1057 2128 dicti
1080 2098 1214 2138 negocii,
1239 2098 1309 2128 aliis
1333 2099 1444 2128 arduis
1468 2099 1609 2138 negociis
1632 2099 1806 2139 prepediti,

429 2140 602 2170 intendere
625 2151 691 2170 non
716 2140 874 2179 valemus,
891 2141 932 2171 ad
949 2142 1163 2180 audiendum,
1189 2142 1460 2179 examinandum,
1480 2145 1514 2172 et
1530 2142 1675 2182 plenarie
1698 2142 1804 2173 discu-

430 2184 586 2214 ciendum
602 2193 716 2214 causas
733 2184 995 2215 Permutacionis
1019 2185 1174 2224 predicte,
1200 2185 1329 2215 dictum
1353 2185 1558 2216 Willelmum
1576 2188 1609 2216 et
1626 2185 1805 2216 Ecclesiam

431 2237 526 2258 suam
553 2227 594 2257 de
622 2227 878 2258 Colstreworthe
905 2232 1149 2266 concernentes,
1174 2228 1320 2268 ipsisque
1346 2228 1453 2259 causis
1476 2229 1562 2259 veris
1589 2232 1624 2260 et
1650 2228 1806 2268 legitimis

428 2270 581 2308 inventis,
599 2270 851 2310 approbandum
867 2271 1008 2309 easdem,
1021 2271 1210 2311 dictamque
1224 2272 1510 2302 Permutacionem
1523 2272 1806 2310 auctorizandum,

430 2324 466 2344 ac
477 2313 748 2353 Resignaeionem
765 2314 852 2344 dicte
870 2314 1013 2345 Ecclesie
1030 2315 1070 2344 de
1088 2315 1353 2353 Colstreworthe,
1371 2325 1411 2345 ex
1428 2325 1525 2345 causa
1542 2315 1805 2346 Permutacionis

429 2357 488 2397 huj
496 2356 633 2394 usmodi‚
641 2357 867 2397 recipiendum
875 2360 907 2387 et
917 2358 1178 2395 admittendum,
1189 2358 1422 2398 prefatumque
1434 2358 1614 2388 Dominum
1622 2358 1806 2389 Henricum

431 2399 580 2431 Barnake
591 2400 631 2430 ad
639 2400 763 2430 dictam
777 2400 954 2430 Ecclesiam
962 2401 1002 2431 de
1010 2401 1275 2439 Colstreworthe,
1284 2401 1433 2440 adquam
1443 2401 1703 2440 perWillelmum
1713 2402 1805 2432 Gun-

430 2443 559 2483 thorpe,
568 2443 828 2473 Prebendarium
837 2444 945 2474 Partis
951 2442 1118 2474 Australis
1127 2444 1269 2474 Ecclesie
1278 2444 1489 2474 Prebendalis
1498 2444 1538 2474 de
1546 2445 1742 2483 Grantham,
1751 2455 1803 2476 ve-

429 2497 504 2517 rum
518 2486 621 2526 ipsius
633 2485 776 2516 Ecclesie
789 2487 830 2516 de
844 2485 1100 2517 Colstreworthe
1110 2487 1302 2526 Patronum,
1311 2498 1351 2517 ex
1361 2497 1459 2518 causa
1471 2488 1733 2518 Permutacionis
1744 2488 1804 2519 hu-

427 2529 575 2570 jusmodi
585 2532 796 2569 presentatus
807 2530 964 2560 extiterat
975 2533 1007 2561 et
1018 2530 1145 2567 existit3
1161 2531 1201 2560 de
1213 2530 1265 2570 cuj
1273 2541 1318 2569 us,
1333 2530 1477 2570 quidem,
1488 2530 1562 2570 jure
1573 2531 1805 2570 presentantis,

428 2573 622 2612 meritisque
638 2583 775 2612 persone
792 2573 972 2612 presentati
989 2573 1130 2613 predicti
1145 2577 1180 2604 et
1196 2573 1380 2612 habilitate,
1399 2584 1508 2604 coram
1532 2574 1626 2604 nobis
1642 2575 1803 2605 sufficien-

429 2618 481 2646 ter
496 2618 530 2645 et
546 2615 693 2655 legitime
710 2616 825 2646 extitit
848 2616 936 2647 facta
959 2616 1048 2655 fides,
1074 2627 1131 2656 per
1154 2617 1291 2646 modum
1308 2620 1342 2646 et
1358 2627 1398 2647 ex
1422 2627 1519 2647 causa
1543 2617 1804 2649 Permutacionis

430 2659 576 2698 predicte
607 2658 856 2689 admittendum
880 2662 915 2690 et
939 2660 1113 2690 Rectorem
1136 2659 1394 2698 instituendum,
1419 2660 1596 2700 ipsumque
1620 2661 1804 2692 Dominum

429 2701 612 2732 Henricum
636 2701 670 2732 in
693 2701 782 2733 dicte
806 2702 949 2732 Ecclesie
972 2703 1013 2733 de
1037 2702 1305 2740 Colstreworthe,
1330 2702 1525 2743 juriumque
1548 2706 1582 2734 et
1607 2704 1802 2743 pertinenci-

429 2755 524 2776 arum
548 2744 778 2775 universorum
802 2745 953 2793 ejusdem
977 2746 1177 2785 corporalem
1201 2746 1438 2785 possessionem
1461 2747 1732 2778 demandandum
1756 2748 1803 2778 in-

428 2787 505 2818 duci
522 2790 555 2818 et
571 2787 857 2826 f1ciendum,vice
873 2791 908 2819 et
923 2788 1123 2819 auctoritate
1140 2789 1221 2819 dicti
1238 2789 1373 2819 Domini
1384 2789 1639 2830 Archiepiscopi,
1654 2791 1803 2821 Paterni·

427 2831 492 2862 tati
523 2834 631 2861 vestre
661 2831 839 2861 reverende
870 2831 1002 2871 plenam
1025 2832 1059 2862 in
1087 2832 1231 2862 Domino
1254 2832 1497 2863 committimus
1521 2836 1723 2872 potestatem
1745 2845 1804 2874 per

428 2875 614 2905 Pr.esentes
662 2873 870 2914 Mandantes,
888 2876 1012 2913 tamen,
1032 2875 1200 2916 quatinus,
1218 2875 1307 2906 dicto
1323 2876 1478 2916 expedito
1495 2876 1637 2917 negocio,
1655 2877 1696 2908 de
1713 2876 1804 2908 omni
