1987 3062
182 375 256 401 A.D.

0 438 2 442 ,
182 410 285 435 1334-5.

0 448 2 474 ς
181 442 245 468 Vol.
263 443 286 468 l.

0 699 8 718 i·

0 722 9 805 ἱ

0 853 3 867 l

0 898 12 954 ,ᾖ

6 1304 15 1355 ἓ

180 1684 226 1710 fol.
243 1686 298 1710 136.

483 272 771 306 REGISTRUM
813 271 1268 306 COMMUNE——ANNO
1309 262 1398 305 150.
1621 262 1714 307 563

334 379 370 409 in
389 379 595 410 Sanctorum
613 380 758 409 Patrum
776 378 1097 409 Constitucionibus
1114 378 1149 407 in
1166 378 1231 408 hac
1248 379 1347 416 parte
1364 377 1430 408 rite
1448 377 1561 415 editis,
1579 388 1622 408 ne
1639 378 1715 417 quis

335 423 534 463 hujusmodi
551 423 775 463 Sequestrum
792 426 950 453 nostrum
961 424 1142 462 presumat
1155 421 1412 461 quomodolibet
1424 427 1554 451 temere
1568 422 1696 452 violare
1709 436 1716 459 3

335 467 377 497 de
409 467 618 505 nominibus,
650 473 778 503 autem,
810 467 1011 507 hujusmodi
1044 466 1134 496 bona
1166 465 1426 505 occupancium,
1458 465 1715 503 nichilominus,

337 511 469 541 solicite
493 511 720 551 inquirentes.
768 511 901 547 Citetis,
927 511 1078 549 insuper,
1101 510 1344 549 peremptorie,
1363 509 1574 539 Executores
1599 510 1716 539 Testa-

336 555 446 584 menti
464 555 547 585 dicti
570 555 741 595 «Iohannis
769 555 936 592 defuncti,
954 557 989 584 et
1017 555 1185 584 bonorum
1209 563 1350 584 suorum
1373 556 1597 592 occupatores
1618 563 1716 593 quos-

336 609 491 638 cumque,
524 600 614 639 quod
645 606 869 639 compareant
901 609 1017 629 coram
1048 598 1251 628 Presidente
1283 597 1489 628 Consistorii
1515 598 1626 628 nostri
1653 597 1717 627 Ex-

335 643 488 673 oniensis
505 654 544 673 ac
563 643 809 673 Commissario
825 645 945 673 nostro
963 642 1135 680 Generali,
1153 642 1189 671 in
1207 642 1363 672 Ecclesia
1378 644 1500 671 nostra
1517 641 1717 671 Cathedrali

337 687 477 725 Exonie,
499 690 595 717 sexto
621 688 675 717 die
703 687 858 717 Juridico
883 693 961 726 post
991 687 1207 717 Citacionem
1230 688 1385 716 vestram
1410 685 1452 715 de
1476 685 1562 725 ipsis
1585 685 1717 716 factam

335 731 525 761 inmediate
544 738 730 771 sequente3
754 731 924 768 videlicet,
943 730 1073 770 prefati
1098 731 1309 760 Executores
1334 730 1597 759 Testamentum
1616 739 1717 760 suum

336 775 547 815 hujusmodi,
566 776 593 806 si
620 775 711 815 quod
738 775 942 809 condiderit,
960 775 1116 813 legitime
1140 774 1342 814 probaturi3
1371 774 1523 813 alioquin
1547 773 1717 803 bonorum

336 822 562 859 occupatores
579 819 726 859 predicti
745 829 848 858 super
871 819 1072 858 hujusmodi
1095 819 1325 857 occupacione
1345 818 1514 847 bonorum
1533 817 1648 848 debite
1665 828 1716 847 re·

337 864 497 903 sponsuri
512 878 519 901 3
547 866 581 893 et
599 864 640 893 de
657 863 806 893 veritate
823 863 969 893 dicenda
985 863 1021 892 in
1046 863 1110 892 hac
1127 866 1237 901 parte,
1256 862 1283 892 si
1301 864 1470 901 oporteat,
1487 862 1718 901 personaliter

336 907 508 947 juraturi3
534 907 747 947 ulteriusque
769 907 897 937 facturi
918 909 953 936 et
976 907 1151 946 recepturi
1175 907 1266 946 quod
1289 906 1431 945 justicia
1454 906 1624 936 suadebit.
1672 906 1717 935 Et

336 951 418 991 quid
434 951 589 982 feceritis
606 952 641 980 in
667 951 855 990 premissis,
874 962 945 987 nos,
975 961 1036 981 seu
1064 951 1196 981 dictum
1222 950 1473 987 Presidentem,
1491 952 1526 980 et
1549 950 1716 980 Commis-

335 995 463 1025 sarium
490 998 658 1033 nostrum,
684 995 999 1028 ce1·tificetis,citra
1025 995 1167 1025 Festum
1194 994 1454 1025 Purificacionis
1476 994 1582 1024 Beate
1608 994 1717 1024 Marie

335 1039 490 1079 Virginis
512 1040 669 1079 proximo
693 1040 765 1079 jam
792 1039 962 1073 futurum,
987 1039 1220 1069 communiter
1244 1049 1305 1068 seu
1329 1038 1478 1075 divisim,
1495 1049 1557 1077 per
1581 1039 1717 1068 Literas

333 1086 469 1114 vestras
493 1085 665 1123 patentes,
690 1084 815 1113 haruin
841 1084 965 1114 seriem
992 1083 1222 1120 continentes,
1245 1082 1358 1122 sigillo
1380 1083 1558 1113 autentico
1582 1083 1715 1121 consig-

334 1123 607 1158 natass—Dated
623 1130 659 1158 at
678 1128 876 1167 Faringdon
897 1126 1053 1167 (Hants),
1072 1129 1091 1157 5
1107 1128 1274 1167 January,
1294 1127 1425 1157 1384-5.

288 1181 473 1230 ClystrSt.
491 1181 659 1218 Michael
674 1180 888 1231 (otherwise
902 1181 1215 1230 Clyst-Fomison
1224 1194 1234 1226 3
1250 1179 1362 1216 hodie
1375 1179 1573 1225 Sowton);
1587 1180 1717 1217 Moni-

341 1234 400 1271 cio
420 1235 474 1271 ad
490 1235 753 1279 ‘residendmm
770 1248 846 1282 pro
875 1234 924 1271 W.
952 1234 1237 1283 Ooeenforde,—

292 1290 451 1325 Thomas,
466 1295 542 1328 etc.,
560 1290 719 1320 Dominis
737 1290 914 1328 Stephano
931 1290 1150 1329 Longeneye,
1170 1290 1309 1320 Rectori
1330 1290 1483 1320 Ecclesie
1501 1290 1716 1320 Parochialis

336 1334 377 1363 de
396 1334 558 1373 Eglosros
577 1332 796 1373 [Phillezyh]
813 1334 965 1363 Johanni
989 1334 1156 1373 Boytone,
1176 1334 1315 1364 Rectori
1333 1334 1485 1364 Ecclesie
1504 1334 1716 1364 Paron-hialis

336 1378 378 1407 de
397 1378 610 1415 Farendone,
629 1381 663 1408 et
680 1378 852 1408 Willelmo
871 1378 1025 1415 Coltone,
1044 1378 1086 1407 de
1104 1378 1223 1411 Ledes.
1243 1378 1416 1408 Canonico
1434 1381 1467 1408 et
1481 1378 1716 1408 Prebendario

336 1422 371 1451 in
395 1422 548 1452 Ecclesia
573 1424 693 1452 nostra
719 1422 910 1461 Collegiata
935 1422 1053 1452 Sancti
1079 1422 1268 1452 Karentoci
1292 1423 1327 1451 in
1354 1422 1537 1459 Cornubia,
1556 1423 1714 1460 salutem,

336 1466 565 1496 etcffsacris
584 1466 783 1496 Canonibus
800 1466 959 1495 novimus
976 1476 1051 1496 esse
1069 1468 1210 1496 cautum
1228 1467 1318 1505 quod
1341 1466 1390 1496 hii
1408 1467 1465 1506 qui
1482 1466 1527 1496 ad
1544 1476 1662 1496 curam
1680 1469 1715 1497 et

335 1510 492 1549 regimen
509 1511 705 1540 animarum
723 1512 959 1547 assumuntur,
978 1513 1016 1540 ut
1043 1510 1167 1549 Gregis
1192 1510 1255 1540 sibi
1281 1511 1403 1540 traditi
1429 1520 1549 1540 curam
1573 1513 1715 1549 possent

336 1564 456 1592 gerere
474 1555 680 1593 diligencius
698 1555 904 1591 animarum,
923 1558 1089 1584 tenentur
1106 1555 1141 1583 in
1159 1555 1289 1584 eisdem
1306 1555 1537 1593 personaliter
1552 1555 1714 1585 residere.

337 1598 618 1638 Fidedignorum,
650 1602 779 1635 tamen,
811 1598 993 1636 relacione,
1018 1600 1052 1628 et
1084 1598 1170 1628 facti
1202 1599 1412 1629 notorietate
1444 1601 1646 1636 attestante,
1671 1599 1716 1629 ad

336 1646 495 1672 nostrum
516 1643 675 1681 pervenit
693 1643 852 1672 auditum
870 1643 960 1682 quod
977 1642 1117 1682 quidam
1134 1642 1327 1672 VVillelmus
1344 1643 1479 1680 WVarde,
1498 1643 1584 1673 alias
1602 1643 1716 1674 dictus

339 1687 545 1723 Uxenforde,
556 1687 683 1717 Rector
695 1687 847 1717 Ecclesie
862 1687 1074 1716 Parochialis
1085 1687 1126 1716 de
1140 1687 1237 1726 Clyst
1251 1687 1368 1716 Sancti
1383 1687 1572 1725 Michaelis,
1585 1687 1714 1727 absque

336 1740 440 1760 causa
464 1731 664 1760 racionabili
691 1741 751 1761 seu
775 1731 919 1761 licencia
941 1734 1060 1760 nostra
1084 1741 1311 1770 quacumque,
1329 1731 1372 1761 ab
1390 1731 1544 1761 Ecclesia
1562 1741 1623 1761 sua
1639 1741 1714 1771 pre-

335 1774 409 1804 fata
435 1785 470 1805 se
495 1775 694 1812 absentans,
729 1775 946 1814 Gregemque
970 1775 1149 1814 proprium
1175 1775 1348 1812 deserens,
1373 1785 1492 1805 curam
1517 1775 1713 1806 animarum

336 1818 400 1848 sibi
419 1819 650 1857 commissam,
668 1819 945 1858 hospitalitatem
962 1819 1082 1853 eciam,
1100 1829 1140 1849 ac
1157 1825 1273 1849 cetera
1297 1829 1362 1859 que
1379 1820 1423 1849 ad
1448 1820 1561 1859 ipsum
1580 1820 1621 1850 de
1637 1820 1714 1860 jure

335 1865 369 1892 et
387 1863 637 1893 consuetudine
655 1863 843 1902 pertinent,
861 1866 895 1893 et
913 1863 1146 1893 effectualiter
1163 1863 1346 1893 observare
1365 1870 1399 1893 et
1423 1866 1543 1894 tenere
1567 1864 1715 1904 negligit

333 1910 367 1936 et
393 1907 536 1945 omittit,
561 1908 595 1937 in
621 1908 736 1937 anime
762 1917 821 1937 sue
847 1907 978 1945 grande
1009 1907 1203 1946 periculum
1235 1914 1270 1937 et
1302 1908 1449 1937 aliorum
1481 1908 1713 1946 perniciosum

335 1951 542 1990 exemplum.
604 1952 782 1987 Nolentes,
815 1951 932 1991 igitur,
964 1952 1144 1990 premissa,
1174 1954 1278 1990 prout
1303 1962 1387 1981 sana
1411 1952 1626 1982 consciencia
1649 1963 1713 1983 nec

333 2005 527 2034 possumus,
546 1996 812 2026 conniventibus
830 1996 937 2025 oculis
955 1996 1018 2025 sub
1039 1995 1318 2026 dissimulacione
1334 1997 1550 2035 pertransire
1566 1997 1713 2027 ulterius

334 2039 542 2077 incorrecta,
568 2040 674 2075 vobis,
692 2039 907 2080 conjunctim
929 2042 963 2069 et
989 2039 1138 2077 divisim,
1164 2040 1416 2070 committimus
1444 2043 1478 2070 et
1496 2040 1713 2079 mandamus,

334 2083 482 2113 firmiter
500 2083 734 2123 injungentes,
752 2084 916 2123 quatinus
938 2084 1115 2123 prefatum
1140 2084 1361 2121 Willelmum,
1380 2085 1564 2114 Rectorem
1580 2085 1712 2124 predic-

335 2129 421 2164 tum,
438 2127 594 2166 legitime
611 2128 782 2158 moneatis
802 2132 850 2165 ut,
869 2128 961 2157 infra
986 2138 1141 2158 mensem
1158 2138 1176 2158 a
1194 2130 1350 2167 tempore
1369 2128 1573 2159 Monicionis
1597 2135 1712 2159 vestre

335 2171 447 2200 eidem
464 2171 557 2201 facte
575 2173 738 2201 continue
755 2172 1021 2209 numerandum,
1038 2172 1074 2201 in
1092 2172 1247 2202 Ecclesia
1259 2182 1319 2202 sua
1333 2172 1470 2211 prefata
1484 2173 1714 2211 personaliter

335 2215 486 2244 resideat
504 2215 567 2245 sub
583 2226 673 2254 pena
692 2216 789 2255 juris,
806 2215 965 2246 facturus
982 2216 1017 2245 in
1041 2216 1162 2246 eadem
1185 2220 1287 2255 prout
1314 2216 1486 2246 Canonice
1503 2217 1712 2247 dictaverint

337 2258 554 2289 Sancciones.
595 2259 638 2289 Et
656 2259 684 2289 si
703 2259 956 2289 Monicionibus
967 2260 1093 2290 vestris
1103 2260 1304 2299 hujusmodi
1316 2270 1437 2299 parere
1451 2261 1710 2300 contempserit,

335 2303 460 2340 citetis,
479 2313 538 2333 seu
556 2303 655 2333 citari
672 2303 821 2341 faciatis,
838 2304 997 2341 eundem,
1015 2304 1258 2343 peremptorie,
1275 2304 1365 2343 quod
1383 2313 1583 2344 compareat
1594 2315 1710 2336 coram

334 2346 444 2383 nobis,
461 2349 522 2376 aut
539 2347 668 2377 nostris
684 2347 720 2376 in
736 2348 802 2377 hac
818 2350 916 2386 parte
943 2348 1198 2378 Commissariis
1223 2348 1422 2387 specialiter
1439 2349 1657 2388 deputandis,
1675 2350 1711 2380 in

336 2391 491 2421 Ecclesia
507 2396 627 2421 nostra
645 2391 844 2421 Cathedrali
862 2391 1002 2427 Exonie,
1026 2392 1191 2422 vicesimo
1216 2393 1270 2422 die
1294 2393 1448 2422 Juridico
1472 2396 1550 2432 post
1574 2393 1710 2433 lapsum

335 2435 419 2464 dicti
435 2435 564 2465 mensis
581 2435 770 2465 inmediate
788 2437 963 2475 sequente,
981 2445 1120 2465 causam
1139 2446 1199 2466 seu
1222 2446 1354 2473 causas,
1379 2437 1624 2467 racionabilem
1650 2448 1711 2468 seu

335 2478 572 2516 racionabiles,
591 2479 617 2508 si
635 2489 737 2519 quam
755 2489 815 2509 seu
832 2490 917 2518 quas
932 2489 994 2518 pro
1020 2489 1055 2510 se
1072 2480 1209 2518 habeat,
1227 2490 1333 2520 quare
1350 2480 1394 2510 ad
1410 2481 1611 2520 hujusmodi
1627 2482 1709 2512 resi-

335 2522 494 2552 denciam
510 2523 727 2562 personalem
743 2533 806 2562 per
823 2523 1144 2562 Sequestracionem
1168 2524 1349 2554 fructuum
1367 2525 1519 2555 Ecclesie
1537 2535 1596 2555 sue
1614 2528 1709 2556 ante-

335 2566 426 2596 dicte
444 2567 612 2606 compelli,
631 2577 691 2597 seu
708 2567 735 2597 si
754 2568 1008 2597 contumaciter
1022 2570 1057 2598 et
1080 2568 1258 2598 rebelliter
1281 2569 1442 2606 residere,
1459 2572 1499 2598 ut
1523 2569 1708 2608 prefertur,

334 2611 592 2649 contempserit,
605 2621 665 2641 seu
677 2612 755 2650 plus
769 2612 869 2641 solito
880 2611 1065 2649 distulerit,
1079 2612 1208 2651 privari
1222 2613 1314 2642 dicta
1326 2613 1481 2642 Ecclesia
1493 2623 1562 2643 non
1574 2614 1708 2652 debeat,

335 2654 525 2684 secundum
555 2654 728 2684 Canonica
754 2655 933 2692 Instituta,
958 2656 994 2685 in
1017 2655 1130 2685 forma
1157 2656 1245 2695 juris
1272 2656 1427 2695 legitime
1451 2658 1708 2697 propositurus3

333 2698 546 2737 ulteriusque
577 2698 736 2728 facturus
768 2702 801 2728 et
827 2702 1030 2738 recepturus
1054 2699 1145 2738 quod
1167 2700 1301 2739 justum
1326 2700 1433 2730 fuerit
1459 2703 1492 2730 et
1517 2711 1706 2731 consonum

333 2742 473 2772 racioni.
513 2742 557 2772 Et
570 2743 650 2782 quid
664 2743 819 2772 feceritis
830 2743 865 2772 in
878 2743 1067 2782 premissis,
1081 2744 1307 2773 etc-Dated
1322 2744 1475 2782 London,
1487 2745 1530 2774 20
1539 2745 1707 2785 January.

286 2795 647 2833 Tamerton-Foliot
660 2809 670 2842 ,-
702 2795 853 2833 Cilca-io
872 2809 990 2844 super
1008 2796 1222 2833 violacione
1242 2796 1508 2845 Sequestri,-—

289 2851 448 2889 Thomas,
464 2854 540 2890 etc.,
558 2851 707 2882 Decanis
723 2851 765 2881 de
790 2851 999 2891 Plymptone
1023 2854 1057 2881 et
1083 2851 1301 2890 Tamertone,
1319 2862 1359 2882 ac
1384 2853 1532 2883 Domino
1558 2853 1705 2884 Ricardo

313 2894 419 2941 2Ν2
