1987 3062
267 207 362 251 280

268 321 344 347 A.D.

266 355 340 381 1372.

265 388 330 415 Vol.
347 389 369 415 1.

269 1794 316 1819 fol.

271 1829 312 1854 26.

463 219 562 252 THE
597 218 840 253 REGISTER
875 219 936 251 OF
969 219 1148 252 BISHOP
1179 219 1592 254 BRANTYNGHAM.

422 326 498 360 etc.,
526 324 681 365 ipsosque
711 324 859 355 Prelatos
890 327 924 355 et
956 324 1114 355 Personas
1139 324 1383 356 Ecclesiasticas
1406 325 1586 356 earundem
1611 327 1795 356 vestrarum

425 367 580 398 Civitatis
607 371 641 398 et
668 368 822 406 Diocesis‚
847 367 936 408 quod
963 368 1004 398 de
1031 369 1275 408 quadrantibus
1302 368 1497 409 hujusmodi
1520 368 1606 399 infra
1629 368 1796 399 dictorum

423 409 523 441 xxxta
545 411 676 442 dierum
699 411 857 451 spacium,
882 415 1048 451 quatenus
1072 412 1112 441 ad
1137 422 1191 442 eos
1214 412 1346 449 attinet,
1373 412 1473 450 vobis,
1498 422 1556 442 seu
1580 411 1745 442 collectori
1764 411 1796 441 in

429 454 490 484 hac
514 458 606 494 parte
631 465 687 494 per
711 465 768 485 vos
791 455 994 495 deputando,
1012 465 1155 494 congrue
1179 455 1394 493 satisfaciant,
1412 455 1527 495 primo,
1544 455 1701 492 secundo,
1727 457 1799 491 etc.,

421 498 583 528 moneatis
605 501 640 528 et
663 498 837 528 efficaciter
860 498 1036 536 inducatis,
1053 499 1115 528 sub
1140 498 1232 538 penis
1257 498 1507 529 Sentenciarum
1526 497 1798 528 Excommunica-

421 541 523 571 cionis
555 539 690 580 Majoris
721 552 822 581 quam
853 541 885 571 in
918 542 1065 581 singulas
1109 542 1278 578 Personas,
1310 545 1345 572 et
1374 541 1607 581 Suspensionis
1638 551 1737 581 quam
1763 540 1796 570 in

419 584 574 623 Capitula
590 587 624 614 et
642 585 843 621 Conventus,
856 595 892 615 ac
910 584 1084 615 Interdicti
1101 595 1200 625 quam
1219 586 1251 615 in
1266 585 1426 615 Ecclesias
1443 585 1589 624 ipsorum
1607 584 1665 624 qui
1683 583 1797 624 hujus-

422 628 511 657 modi
542 627 781 658 Monicionibus
813 628 987 659 Canonicis
1019 628 1196 668 premissis,
1228 629 1316 658 infra
1347 628 1513 658 dictorum
1546 626 1644 658 xxxta
1666 627 1796 658 dierum

420 671 578 710 spacium,
603 681 746 711 quorum
777 671 891 702 decem
915 671 984 701 dies
1017 682 1075 711 pro
1107 672 1220 711 primo,
1247 671 1327 702 alios
1351 682 1371 702 x
1396 671 1465 701 dies
1498 682 1556 709 pro
1579 671 1735 705 secundm
1759 675 1795 700 et

421 714 564 754 reliquos
582 725 603 744 x
619 714 688 745 (1100
707 725 764 754 pro
783 715 882 745 tercio
899 718 933 745 et
950 715 1171 755 peremptorio
1196 715 1339 745 termino
1363 726 1399 744 ac
1424 714 1608 745 Monicione
1633 713 1796 745 Canonica

421 768 490 787 esse
508 757 662 788 volumus
679 761 713 787 et
736 758 951 797 assignamus,
969 769 1034 788 non
1059 759 1230 797 paruerint
1253 768 1330 788 cum
1354 758 1482 796 effectu,
1508 758 1594 795 (1010,
1613 768 1712 794 mora,
1736 767 1795 787 seu

423 800 520 840 culpa
536 800 684 839 ipsorum
704 801 966 840 precedentibus,
985 812 1117 832 exnunc
1134 805 1234 841 prout
1250 805 1375 832 extunc
1392 801 1529 831 ferimus
1546 801 1578 831 in
1604 801 1665 831 11110
1691 800 1797 840 Scrip-

422 844 475 874 tis.
526 844 670 884 Vosque,
691 844 803 879 eciam.
822 848 936 875 tenore
961 845 1184 875 Presencium.
1204 845 1319 884 primo,
1345 845 1499 882 secundo,
1525 848 1602 882 etc.,
1625 854 1799 874 monemus

421 887 590 927 quatinus,
619 887 704 917 infra
728 887 826 918 xxxta
856 888 986 918 dierum
1013 888 1159 927 spa-cium
1193 888 1298 918 dictos
1326 886 1424 918 xxxba
1450 887 1520 918 dies
1543 887 1723 918 inmediate
1747 897 1795 917 se-

421 934 562 970 quentes
580 930 660 969 (sic),
679 931 785 961 dictos
801 932 1004 971 quadrantes
1028 932 1068 961 de
1093 931 1186 961 bonis
1209 935 1244 961 et
1269 931 1439 961 Beneficiis
1463 942 1500 961 ac
1516 930 1669 961 Personis
1688 931 1795 960 Eccle-

422 974 562 1003 siasticis
588 977 775 1005 vestrarum
802 974 955 1005 Civitatis
981 977 1015 1005 et
1038 974 1184 1005 Diocesis
1216 974 1373 1014 predictis
1397 974 1522 1004 levatos
1546 985 1603 1004 seu
1629 973 1794 1011 levandos,

420 1020 461 1047 ut
477 1017 654 1056 prefertur,
673 1028 738 1047 una
754 1028 831 1047 011111
850 1018 1001 1057 porcione
1019 1029 1075 1048 vos
1092 1018 1259 1048 occasione
1278 1018 1433 1057 premissa
1451 1018 1484 1047 in
1509 1017 1633 1048 eisdem
1652 1017 1797 1047 Civitate

421 1063 456 1090 et
468 1060 596 1090 Diocesi
610 1071 668 1090 0011
675 1060 834 1099 tingente,
852 1061 992 1091 Domino
1006 1061 1160 1097 Roberto,
1178 1061 1311 1091 Rectori
1322 1060 1464 1091 Ecclesie
1476 1060 1674 1091 Parochialis
1685 1060 1799 1091 Sancti

422 1103 571 1142 Gregorii
588 1103 849 1142 Londoniarum,
867 1114 966 1144 quem
988 1105 1200 1144 Receptorem
1219 1108 1370 1134 nostrum
1388 1104 1421 1134 in
1439 1104 1499 1134 11110
1517 1106 1608 1144 parte
1625 1103 1797 1143 deputavi-

422 1157 506 1184 mus,
518 1147 725 1186 integraliter
735 1147 973 1177 transmittat-is
985 1151 1018 1177 et
1032 1147 1171 1186 persolvi
1189 1147 1331 1178 fideliter
1343 1147 1478 1178 faciatis.
1510 1147 1667 1187 Alioquin
1682 1147 1715 1177 in
1731 1157 1796 1183 vos,

421 1189 474 1220 cui
491 1190 533 1220 ob
549 1190 769 1220 reverenciam
789 1190 991 1220 Pontificalis
1008 1191 1191 1230 Dignitatis
1215 1191 1342 1220 deferre
1366 1191 1532 1228 convenit,
1552 1190 1717 1221 dictorum
1742 1200 1798 1220 sex

421 1232 551 1263 dierum
585 1233 747 1263 Oanonica
780 1233 963 1264 Monicione
994 1234 1161 1273 premissa,
1193 1244 1337 1274 quorum
1367 1244 1424 1264 sex
1456 1234 1586 1264 dierum
1618 1233 1702 1264 duos
1739 1244 1795 1272 pro

421 1276 537 1316 primo,
554 1276 637 1306 duos
656 1288 713 1315 pro
729 1277 886 1315 seeundo,
905 1280 939 1307 et
955 1277 1099 1317 reliquos
1116 1278 1200 1307 (11100
1226 1288 1283 1317 pro
1307 1277 1409 1307 tercio
1433 1281 1466 1307 et
1490 1277 1711 1317 peremptorio
1735 1280 1799 1307 ter-

422 1320 512 1349 mino
529 1330 564 1350 ac
582 1320 766 1350 Monicione
780 1321 955 1358 Canonica,
973 1331 1042 1350 esse
1055 1321 1208 1351 volumus
1221 1324 1255 1351 et
1268 1321 1369 1351 eciam
1383 1320 1599 1360 assignamus,
1612 1320 1798 1359 ingressum

425 1363 566 1393 Ecclesie
589 1363 843 1400 interdicimus;
867 1367 910 1401 et,
935 1364 962 1394 si
991 1363 1186 1404 hujusmodi
1214 1364 1437 1394 Interdictum
1463 1375 1519 1403 per
1541 1364 1621 1394 alios
1644 1374 1701 1394 sex
1726 1363 1796 1393 dies

421 1407 658 1444 sustinueritis,
676 1417 733 1437 vos
750 1407 783 1437 in
802 1407 865 1437 hiis
890 1407 1037 1447 Scriptis,
1055 1407 1145 1437 dicta
1170 1407 1354 1437 Monicione
1380 1407 1546 1447 premissa,
1563 1406 1799 1447 suspendimus

422 1460 440 1480 a
465 1450 616 1482 Divinis:
643 1460 769 1488 verum,
787 1450 814 1480 si
838 1451 983 1490 prefatas
1007 1450 1184 1481 Interdicti
1208 1454 1242 1480 et
1266 1451 1499 1490 Suspensionis
1524 1450 1717 1481 Sentencias
1742 1460 1799 1490 per

422 1493 502 1523 alios
519 1504 575 1523 sex
588 1493 658 1523 dies
675 1497 799 1524 extunc
822 1497 999 1533 sequentes
1022 1494 1260 1531 sustinueritis,
1281 1494 1370 1534 quod
1386 1494 1482 1532 absit,
1500 1493 1609 1524 animo
1633 1493 1799 1531 indurato,

423 1536 456 1566 in
473 1547 531 1566 vos
548 1537 757 1576 presentibus
782 1537 921 1577 Scriptis
946 1537 1079 1577 Majoris
1105 1537 1467 1568 Excommunicacionis
1491 1537 1701 1568 Sent-enciam
1727 1547 1798 1576 pro-

423 1579 621 1619 mulgamus.
672 1580 707 1611 Si
725 1580 815 1620 quid,
841 1591 926 1618 vero,
947 1581 1033 1611 ultra
1058 1580 1163 1610 dictos
1188 1581 1278 1611 Mille
1303 1579 1431 1612 CCCtog
1446 1584 1481 1611 et
1504 1584 1589 1611 xxxa
1603 1580 1638 1620 iij
1658 1580 1797 1610 florenos

422 1623 510 1653 dicto
528 1623 659 1654 Nuncio
678 1623 867 1663 Apostolico
883 1624 1009 1654 solutos
1026 1627 1060 1654 et
1076 1634 1234 1663 expensas
1251 1624 1330 1653 alias
1346 1623 1543 1654 necessarias
1559 1624 1592 1653 in
1618 1624 1678 1653 hac
1695 1626 1798 1663 parte,

422 1666 463 1696 de
479 1666 577 1696 dictis
593 1667 836 1706 quadrantibus
853 1667 1009 1704 levandis,
1028 1670 1067 1697 ut
1085 1667 1303 1707 premittitur,
1322 1667 1491 1697 residuum
1515 1667 1616 1697 fuerit
1640 1677 1698 1697 seu
1723 1677 1796 1697 con-

424 1709 536 1748 tigerit
552 1720 731 1747 remanere,
749 1710 782 1740 id
800 1710 832 1740 in
850 1710 1111 1740 satisfaccionem
1129 1711 1350 1740 ducentorum
1366 1710 1566 1740 florenorum
1580 1710 1692 1740 Nobili
1709 1710 1798 1746 Viro,

425 1751 570 1782 Domino
600 1754 784 1783 Bertrando
813 1754 853 1783 de
881 1754 1034 1792 Verrac0,
1064 1753 1145 1783 dicti
1170 1754 1303 1784 Domini
1330 1754 1434 1783 nostri
1459 1753 1546 1793 Pape
1570 1753 1743 1784 domicello
1766 1757 1801 1783 et

424 1796 589 1835 familiari,
615 1807 651 1827 ac
677 1797 807 1826 Nuncio
831 1796 1022 1836 Apostolico
1045 1807 1153 1836 nuper
1175 1796 1278 1826 eciam
1302 1797 1342 1827 ad
1368 1797 1482 1826 Partes
1499 1796 1618 1836 Anglie
1633 1796 1800 1826 destinato

425 1839 621 1877 solutorum,
640 1850 698 1879 pro
722 1839 819 1879 cujus
844 1840 1131 1879 procuracionibus
1155 1850 1212 1870 seu
1236 1840 1398 1879 expensis,
1418 1840 1572 1870 videlicet
1595 1840 1725 1870 duobus
1743 1839 1798 1870 flo-

424 1882 512 1912 renis
528 1882 667 1919 singulis
691 1883 808 1912 diebus
832 1883 894 1912 sibi
918 1883 1092 1922 solvendis,
1112 1883 1239 1913 Literas
1262 1883 1340 1913 alias
1358 1883 1574 1923 Apostolicas,
1588 1886 1622 1913 et
1638 1883 1799 1923 quasdam

425 1925 503 1956 alias
520 1926 734 1964 executor-ias,
752 1936 866 1964 graves
884 1926 1057 1956 Processus
1081 1926 1288 1956 continentes
1312 1927 1532 1966 exequendos,
1550 1926 1744 1965 recepimus,
1764 1937 1800 1956 ac

424 1969 458 1999 in
489 1969 777 2008 support-acionem
808 1969 1030 1999 consimilium
1063 1969 1113 1999 vel
1144 1969 1282 1999 aliorum
1315 1970 1507 2008 urgencium
1540 1979 1678 2000 onerum
1712 1980 1798 1999 com-

425 2012 577 2042 munium
597 2012 804 2042 Prelatorum
821 2016 856 2042 et
880 2012 967 2043 Cleri
991 2015 1101 2042 nostre
1127 2012 1375 2043 Cantuariensis
1401 2013 1579 2051 Provincie,
1598 2013 1673 2052 plus
1689 2012 1797 2051 solito,

426 2055 631 2094 prochdfflor,
671 2055 733 2085 hiis
772 2055 889 2085 (liebus
927 2055 1179 2095 emergencium,
1219 2056 1492 2094 convertendum,
1532 2067 1631 2096 penes
1669 2056 1797 2086 dictum

426 2099 608 2129 Dominum
642 2099 836 2137 Robertum,
873 2100 1085 2138 Receptorem
1124 2107 1278 2129 nostrum
1309 2099 1508 2138 predictum,
1540 2099 1730 2129 censuimus
1764 2104 1799 2129 et

427 2142 580 2172 volumus
602 2152 779 2173 remanere.
828 2142 867 2172 In
891 2152 1044 2182 quorum,
1069 2145 1141 2179 etc.,
1167 2145 1335 2181 presentes
1360 2143 1496 2180 Literas,
1513 2143 1581 2173 sive
1607 2143 1799 2173 Processum

427 2188 590 2222 nostrum,
619 2196 676 2225 per
704 2185 879 2215 Notarium
907 2188 942 2215 et
969 2185 1116 2216 Scribam
1147 2189 1299 2215 nostrum
1324 2186 1574 2225 infrascriptum
1598 2186 1707 2224 scribi,
1734 2185 1797 2225 sig-

425 2239 535 2268 noque
561 2228 664 2268 ipsius
691 2231 725 2259 et
751 2228 994 2268 subscripcione
1017 2239 1053 2258 ac
1076 2228 1182 2258 nostri
1204 2228 1303 2268 sigilli
1327 2229 1526 2269 appensione
1550 2229 1689 2259 fecimus
1712 2239 1798 2259 com-

426 2271 558 2302 muniri.
606 2272 713 2310 Super
736 2271 927 2309 tradicione,
945 2282 1030 2310 vero,
1047 2282 1104 2301 seu
1130 2272 1377 2311 presentacione
1401 2270 1562 2312 presentis
1580 2272 1685 2302 nostri
1702 2272 1792 2302 Man-

426 2315 507 2353 dati,
524 2315 623 2345 latori
640 2315 860 2353 Presencium,
879 2315 999 2345 nuncio
1015 2319 1129 2345 nostro
1144 2314 1266 2354 jurato,
1285 2315 1383 2345 fidem
1408 2316 1563 2346 volumus
1586 2315 1800 2346 adhibere.—

429 2359 554 2388 Datum
578 2361 612 2388 et
635 2361 747 2388 aetum
772 2358 858 2388 infra
879 2357 1035 2389 Castrum
1061 2361 1214 2388 nostrum
1238 2358 1279 2388 de
1303 2358 1478 2396 Saltwode,
1503 2362 1616 2389 nostre
1641 2358 1797 2394 Diocesis‚

426 2400 525 2441 xiiijto
556 2401 610 2431 die
641 2401 762 2432 mensis
794 2401 948 2440 Augusti,
977 2401 1075 2431 Anno
1102 2401 1142 2430 ab
1171 2401 1402 2431 Incarnacione
1426 2402 1562 2432 Domini
1585 2402 1644 2433 ΜΟ.
1671 2402 1801 2432 CCCmO

425 2442 555 2484 lxxijdo,
581 2448 640 2475 etc.
690 2445 904 2474 Presentibus
929 2444 1087 2483 Magistro
1118 2444 1258 2474 Ricardo
1290 2445 1330 2474 de
1364 2445 1635 2485 Warmyngtone,
1660 2445 1799 2475 Rectore

427 2488 570 2518 Ecclesie
588 2487 787 2518 Parochialis
804 2488 844 2518 de
862 2487 1039 2524 Adesham,
1059 2487 1260 2518 Cancellario
1278 2491 1399 2525 nostro,
1418 2491 1452 2518 et
1476 2488 1619 2518 Domino
1638 2488 1800 2518 Edwardo

427 2531 571 2569 Foreste,
597 2532 735 2561 Rectore
759 2531 902 2565 Ecclesie
926 2530 1123 2560 Parochialis
1147 2531 1188 2560 de
1212 2531 1471 2570 Kyndwartone,
1496 2531 1744 2562 cantuariensis
1768 2533 1801 2561 et

428 2574 675 2614 Wygorniensis
700 2574 899 2612 Diocesium,
924 2584 960 2604 ac
983 2573 1055 2603 aliis
1078 2573 1229 2613 pluribus
1261 2574 1404 2604 testibus
1431 2575 1471 2604 ad
1496 2575 1654 2614 premissa
1678 2573 1801 2604 vocatis

425 2620 460 2648 et
475 2617 700 2654 rogatis—Et
715 2628 783 2657 ego,
802 2617 927 2647 Alanus
944 2617 984 2646 <le
1008 2617 1167 2656 Dyttone,
1186 2616 1332 2655 clericus,
1350 2617 1490 2648 Eliensis
1514 2617 1669 2654 Diocesis‚
1688 2616 1799 2647 Publi-

424 2672 481 2690 cus
501 2660 710 2691 Auctoritate
726 2660 915 2700 Apostolica
933 2660 1099 2697 Notarius,
1118 2660 1284 2699 premissis
1314 2660 1469 2690 omnibus
1492 2664 1526 2691 et
1549 2660 1697 2700 singulis,
1715 2659 1795 2690 dum

424 2704 480 2742 sic,
499 2708 537 2733 ut
553 2703 771 2743 premittitur,
790 2714 846 2743 per
871 2702 1053 2733 Dominum
1071 2703 1363 2742 Archiepiscopum
1389 2703 1661 2734 Cantuariensem
1685 2713 1797 2742 snpra-

423 2747 562 2784 dictum,
589 2746 651 2785 die,
681 2757 801 2783 mense,
831 2749 902 2784 etc.,
930 2746 1171 2785 suprascriptis,
1200 2746 1386 2785 agebantur
1417 2752 1450 2777 et
1473 2747 1606 2785 fiebant,
1631 2757 1697 2776 una
1720 2755 1796 2775 cum

422 2790 661 2830 prenominatis
679 2789 834 2828 testibus,
853 2799 987 2829 presens
1003 2789 1167 2828 interfui3
1191 2799 1295 2830 eaque
1318 2789 1428 2820 omnia
1450 2793 1485 2822 et
1507 2790 1637 2831 singula
1659 2789 1705 2820 sic
1727 2788 1798 2819 fieri

1968 1151 1981 1182 ‘'f‘'
1963 735 1987 1133 mmmw³
1975 714 1978 715 ¹
1977 695 1982 699 =
1975 656 1985 679 θ’
1978 615 1979 618 Α
