1987 3062
471 257 754 291 REGISTRUM
780 256 1235 291 COMMUNs—ANNO
1267 246 1330 290 4⁰.
1572 245 1665 291 327

135 351 617 411 1A374·Cheriton—Bishop
608 389 618 406 ,
646 359 751 396 John
773 359 1019 409 Brymmour,
1042 359 1158 405 R.—

134 418 195 444 Vol.
212 410 694 492 111Ξέ1ὲὲ300111011-1031ᾶο1100
717 413 768 442 for
791 423 808 443 a
832 423 918 453 year,
938 413 1009 443 “ad
1026 413 1221 443 instanciam
1238 412 1390 443 Nicholai
1408 412 1543 443 Carru”
1562 411 1665 450 (same

241 509 437 547 Oratories
455 521 464 555 3
494 509 656 547 General
677 511 828 547 Licence
848 518 884 548 to
903 511 1150 555 celebrate,—

241 563 338 601 Item,
363 564 451 603 apud
476 564 581 604 Clyst,
605 568 644 595 xa
666 565 719 595 die
745 565 875 604 Aprilis,
899 565 1068 596 ι1011001103
1092 565 1305 605 Trevardyan
1330 564 1449 595 habuit
1478 564 1663 595 Licenciam

284 607 469 637 celebrandi
487 608 518 637 in
538 608 680 647 Capellis
697 608 765 638 suis
783 608 906 648 ubique
922 608 1007 638 infra
1024 608 1200 639 Diocesim.

240 661 297 697 St.
325 661 488 710 Hilary;
518 661 664 711 Cbapel
686 663 725 698 of
750 662 1011 707 1101021011,-

241 714 338 752 Item,
365 715 497 753 ibidem,
515 718 550 746 et
565 717 681 746 eodem
704 716 765 753 die,
791 716 956 746 Dominus
981 716 1144 746 Henricus
1167 714 1291 756 [Bray],
1309 716 1458 746 Vicarius
1483 716 1668 756 Perpetuus

286 759 396 788 Sancti
431 758 566 790 Hillarii.
595 759 694 799 juxta
722 759 881 797 Montem,
915 759 1033 789 habuit
1064 759 1251 790 Licenciam
1282 760 1446 790 celebrare
1471 759 1504 790 in
1531 759 1665 799 Capella

284 801 397 832 Sancti
416 802 560 832 Ermetis
577 803 617 832 de
638 802 874 843 Marghesyow,
892 812 950 833 seu
968 813 1025 842 per
1042 803 1270 833 Presbiterum
1286 803 1444 833 idoneum
1460 803 1568 833 faeere
1584 803 1664 834 cele-

280 844 376 875 brari.

240 898 336 936 East
359 901 508 950 Anstey
530 897 739 951 [Estansty
765 897 861 951 MS]
880 913 890 946 3
919 899 980 936 Sir
998 900 1103 937 John
1124 899 1256 945 Riobe,
1280 900 1396 945 R„—

241 952 378 983 Lieence
402 954 436 983 of
459 954 718 992 non-residence,
743 954 809 984 and
832 958 868 984 to
891 954 976 984 farm
1001 958 1061 984 out
1084 954 1136 984 his
1159 954 1309 985 Benefice
1336 954 1387 985 for
1409 966 1428 985 a
1451 966 1528 995 year
1546 955 1665 996 (Clyst,

285 997 323 1027 15
341 997 456 1036 April).

243 1050 559 1089 Landewednack
582 1049 906 1103 [Landewyneke‚
933 1050 1067 1102 MS.]‚
1059 1063 1066 1071 ·
1095 1052 1157 1089 Sir
1180 1053 1295 1090 Peter
1315 1052 1491 1102 Crugow,
1516 1054 1631 1100 R„—

241 1104 378 1135 Licence
395 1105 428 1135 of
444 1116 523 1136 non·
528 1116 577 1136 res
564 1107 694 1136 sidence
711 1106 832 1145 during
849 1105 999 1146 pleasure
1017 1081 1193 1146 (Clyst,17
1212 1106 1332 1146 April).

135 1156 213 1216 Msss·
244 1158 469 1197 Whitstone
491 1159 750 1226 (Cqmwall)·
740 1190 751 1207 ,
780 1161 886 1197 John
911 1160 1190 1206 Yernemuthe,
1213 1161 1270 1206 R.,
1279 1185 1326 1189 —

245 1214 262 1229 ‘⁴
278 1213 406 1244 Literas
423 1214 659 1253 reparacionis'
664 1214 853 1253 ’(L)ndon,
879 1216 896 1245 3
923 1214 1021 1254 May).
1072 1215 1149 1245 And
1175 1226 1216 1245 on
1245 1190 1302 1245 1110
1328 1226 1417 1246 same
1444 1216 1508 1255 day
1534 1216 1666 1247 Letters

287 1257 394 1287 Dimis
381 1268 471 1297 ssory
490 1257 561 1287 “ad
579 1267 693 1287 omnes
712 1258 865 1295 Minores,
886 1261 920 1287 et
935 1258 1038 1288 eciam
1055 1259 1096 1288 ad
1113 1268 1226 1288 omnes
1244 1259 1274 1289 S-
1269 1269 1359 1290 ieros
1377 1259 1549 1290 Ordinesl’

134 1311 232 1337 f0¹·47-
250 1311 510 1361 Illegitimacy
528 1324 537 1357 ;
567 1311 814 1359 Dzspensacio
833 1325 918 1348 cum
939 1312 1203 1358 illeqitimo,—-

245 1365 390 1396 Thomas
412 1364 520 1402 Wace,
537 1365 796 1403 literate,—-“de
812 1365 921 1395 soluto
944 1366 1077 1403 genitus
1101 1369 1135 1396 et
1158 1366 1299 1396 soluta''
1326 1367 1490 1404 (London,
1517 1369 1535 1398 4
1561 1368 1661 1408 May).

289 1410 339 1440 On
358 1409 414 1438 the
431 1419 521 1439 same
538 1409 600 1449 day
614 1408 656 1439 he
672 1409 827 1439 obtained
846 1409 978 1439 Letters
997 1409 1179 1449 Dimissory
1198 1410 1267 1440 “ad
1286 1410 1431 1441 Primam
1448 1411 1665 1443 Tonsuram.''

243 1463 489 1511 Concerning
508 1463 576 1500 the
598 1463 753 1511 College
773 1463 813 1500 of
843 1462 1059 1512 Stapeldon
1084 1463 1186 1505 Hall,
1208 1463 1421 1509 01110111,-

245 1517 357 1548 Simon
377 1517 431 1556 [de
449 1516 629 1555 Sudbnry],
653 1516 867 1556 permissione
892 1517 1012 1547 Divina
1037 1517 1276 1548 Londoniensis
1304 1518 1493 1558 Episcopus„
1511 1520 1666 1550 omnibus

288 1565 322 1590 et
337 1560 476 1599 singulis
497 1560 698 1599 Regentibus
715 1564 749 1590 et
772 1570 837 1590 non
862 1560 1077 1599 Regentffius,
1096 1560 1255 1598 Dominis,
1275 1560 1453 1601 Magistris,
1470 1566 1505 1594 et
1530 1563 1665 1594 Scolari-

286 1603 349 1634 bus
366 1603 605 1634 Universitatis
622 1603 826 1637 Oxoniensis
845 1613 881 1633 ac
898 1603 1052 1633 omnibus
1069 1613 1151 1643 quos
1168 1604 1417 1644 infrascriptum
1442 1606 1552 1645 tangit
1568 1617 1665 1647 nego-

286 1647 384 1684 cium,
402 1657 459 1676 seu
477 1650 611 1685 tangere
628 1647 751 1686 poterit
762 1647 1032 1695 quomodolibet
1024 1657 1056 1676 in
1071 1647 1236 1686 futurum,
1250 1648 1402 1687 salutem,
1418 1653 1477 1679 etc
1483 1650 1668 1681 —Noverit

287 1690 429 1721 Univers
432 1690 494 1720 itas
519 1693 628 1720 vestra.
652 1690 739 1729 quod
764 1690 797 1720 in
825 1690 931 1720 nostri
957 1693 990 1719 et
1021 1691 1313 1721 Reverendorum
1305 1702 1338 1721 m
1357 1691 1491 1723 Christo
1516 1694 1664 1733 Patrum,

287 1734 505 1764 Dominorum
525 1733 586 1763 Dei
602 1733 709 1772 gracia
726 1732 887 1763 Willelmi
908 1731 963 1773 [de
983 1732 1194 1772 W'ykehamL
1212 1732 1474 1774 Wyntoniensis,
1489 1739 1523 1767 et
1539 1737 1666 1768 Thome

292 1776 512 1816 [Ainndelle]‚
536 1776 683 1814 liliensis,
705 1776 926 1806 Ecclesiarum
943 1776 1193 1816 Episcoporum,
1210 1788 1247 1808 ac
1271 1778 1401 1808 Nobilis
1426 1779 1505 1818 Viri,
1531 1781 1666 1811 Domini

286 1820 447 1851 Johannis
482 1820 626 1858 Knyvet,
657 1800 781 1857 sinitis,
814 1820 950 1850 Domini
980 1821 1085 1850 nostri
1118 1821 1215 1860 Regis
1247 1821 1366 1861 Anglie
1398 1822 1601 1862 Cancellarii,
1630 1827 1664 1854 et

286 1863 438 1894 Nicholai
462 1863 576 1901 Carru,
601 1863 752 1903 ejusdem
778 1863 913 1893 Domini
936 1864 1041 1893 nostri
1071 1864 1167 1903 Regis
1191 1864 1312 1904 privati
1339 1865 1437 1904 sigilli
1460 1867 1608 1897 custodis
1632 1870 1666 1898 et

285 1907 408 1945 latoris,
436 1917 474 1937 ac
501 1887 639 1937 testium
664 1911 698 1937 et
722 1907 937 1937 Notariorum
962 1907 1225 1947 subscriptmum
1255 1909 1421 1947 presencia
1450 1911 1665 1949 personaliter

286 1950 470 1988 constituti,
498 1951 719 1987 Reverendns,
748 1953 821 1988 etc„
847 1950 1000 1987 Thomas,
1026 1951 1088 1980 Dei
1110 1951 1218 1990 gracia
1246 1951 1443 1982 Exoniensis
1468 1953 1661 1994 Episcopus,

289 1994 423 2033 Collegii
446 1994 488 2023 de
504 1993 699 2033 Stapildone
724 1993 829 2031 Halle,
848 1993 983 2031 Oxonie,
1002 1993 1149 2024 Lincoln.
1175 1994 1276 2033 Dioc„
1290 1995 1461 2034 visitator,
1480 1997 1664 2037 Fundator,

285 2041 320 2068 et
347 2038 521 2075 Patronus,
551 2040 586 2067 et
612 2036 819 2067 Venerabilis
846 2036 914 2075 Vir,
941 2037 1099 2076 Magister
1124 2038 1161 2067 W
1165 2037 1310 2068 illelmus
1336 2037 1495 2077 WViltone,
1521 2040 1661 2072 Univer-

285 2081 394 2111 sitatis
412 2080 608 2112 Oxoniensis
625 2079 856 2118 cancellarius,
874 2090 911 2110 ac
927 2080 1085 2120 Magister
1102 2080 1267 2112 Martinus
1284 2082 1324 2112 de
1339 2082 1527 2123 Lideforde,
1542 2084 1664 2115 Rector

286 2123 423 2163 Collegii
450 2124 590 2163 predicti
614 2126 650 2154 et
676 2123 859 2154 scolarium
887 2122 1037 2163 ejusdem
1065 2124 1274 2163 Pxocmator,
1303 2125 1447 2165 quedam
1471 2128 1663 2166 gravamina

286 2171 441 2208 pretensa
464 2167 570 2197 eidem
597 2167 788 2197 Reverendo
817 2162 908 2197 Patri
936 2167 1116 2197 Exoniensi
1143 2168 1354 2208 Ecclesieque
1377 2179 1444 2208 sue,
1469 2180 1506 2200 ac
1530 2171 1662 2202 Rectori

285 2216 319 2241 et
348 2210 492 2250 Collegio
521 2210 703 2241 Scolarium
732 2210 960 2250 predictorum
985 2213 1019 2240 et
1042 2210 1195 2250 ejusdem
1221 2211 1356 2252 Collegii
1380 2213 1578 2251 Seolaribus,
1602 2225 1661 2254 per

284 2255 412 2285 dictum
439 2253 678 2284 Cancellarium
703 2253 935 2291 Oxoniensem,
952 2257 991 2283 ut
1018 2253 1201 2291 dicebatur,
1226 2254 1327 2292 illata,
1351 2255 1414 2285 sub
1441 2259 1531 2287 certa
1554 2257 1661 2288 forma

284 2298 316 2328 in
335 2297 466 2337 scriptis
481 2296 630 2327 articulis
648 2297 789 2335 redacta,
807 2297 848 2327 de
864 2307 931 2336 qua
953 2296 986 2327 in
1011 2297 1207 2337 subscriptis
1231 2297 1328 2337 plena
1351 2298 1494 2330 habetur
1517 2301 1658 2339 mencio,

284 2341 348 2381 legi
364 2343 399 2372 et
414 2341 534 2380 exponi
550 2340 690 2380 publice,
708 2341 813 2380 plane,
831 2343 865 2370 et
881 2340 1048 2378 distincte,
1066 2340 1107 2370 de
1129 2350 1291 2371 consensu
1315 2345 1428 2372 nostro
1450 2343 1605 2374 fecerunt
1627 2348 1662 2375 et

284 2384 505 2424 optinuerunt
521 2393 629 2413 coram
647 2383 749 2414 nobis.
801 2384 825 2413 Ε
829 2387 852 2421 t,
871 2383 984 2413 habita
1000 2383 1214 2414 altercacione
1231 2394 1287 2414 seu
1306 2384 1509 2416 discussione
1525 2387 1661 2427 aliquali

284 2438 320 2458 su
328 2438 383 2466 per
399 2426 522 2457 eisdem
539 2427 796 2465 gravaminibus,
810 2427 871 2466 ipsi
887 2426 1100 2456 Reverendus
1114 2427 1214 2457 Pater
1231 2427 1425 2458 Exoniensis
1442 2432 1476 2459 et
1492 2429 1658 2461 Cancella-

282 2471 352 2501 rins
369 2470 494 2501 Univei
496 2470 604 2500 sitatis
622 2470 776 2509 predicte,
794 2480 830 2500 ac
854 2469 1027 2505 Martinus
1047 2470 1243 2500 Procurator
1259 2470 1408 2501 Rectoiis
1427 2474 1461 2502 et
1477 2472 1659 2504 Scolarium

286 2513 520 2553 predictorum,
530 2513 741 2543 Ordinacioni
752 2516 845 2543 nosti
847 2523 864 2542 e
876 2523 913 2542 ac
925 2512 1061 2542 Domini
1068 2513 1317 2552 Wyntoniensis
1329 2515 1499 2554 antedicti,
1510 2514 1658 2547 Domini-

283 2568 347 2597 que
361 2556 554 2587 Cancellarii
567 2559 601 2585 et
613 2556 765 2586 Nicholai
780 2556 1016 2596 predictorum,
1030 2555 1062 2585 in
1076 2556 1145 2586 alto
1158 2559 1192 2586 et
1207 2557 1242 2587 in
1259 2557 1353 2587 basso
1369 2567 1403 2588 se
1419 2558 1658 2599 submiserunt,

284 2603 319 2631 et
335 2610 368 2629 se
385 2599 540 2629 submisit
563 2599 704 2639 quilibet
727 2599 907 2629 eorundem
923 2609 930 2635 ;
954 2599 1248 2640 promiseruntque
1270 2600 1341 2639 ipsi,
1359 2604 1431 2639 etc„
1449 2605 1483 2632 et
1506 2603 1659 2642 promisit

284 2643 426 2683 quilibet
441 2652 567 2680 eorum,
586 2642 619 2672 in
637 2642 722 2672 bona
745 2642 818 2680 fide,
837 2642 926 2682 quod
951 2642 1173 2679 observarent,
1197 2646 1231 2672 et
1254 2643 1419 2674 observari
1442 2651 1660 2684 procurarent

284 2690 319 2717 et
341 2686 488 2716 facerent
510 2686 543 2715 in
568 2685 733 2722 futurum,
752 2696 809 2725 per
832 2695 875 2723 se,
895 2685 1066 2715 Rectorem
1090 2688 1125 2716 et
1149 2685 1295 2716 Scolares
1318 2687 1511 2727 antedictos,
1529 2693 1562 2720 et
1578 2690 1659 2721 alios

284 2739 513 2770 quoscumque
542 2728 576 2758 in
606 2728 675 2758 suis
706 2728 1003 2758 Jurisdiccionibus
1035 2728 1225 2767 existentes,
1258 2729 1417 2769 quicquid
1450 2742 1507 2771 per
1534 2743 1593 2763 nos
1620 2744 1657 2764 ac

284 2771 561 2813 WVyntoniensem
592 2771 898 2810 Cancellariumque
925 2773 959 2801 et
989 2771 1187 2802 Nicholaum
1212 2773 1376 2812 predictos
1407 2775 1551 2806 ordinari
1582 2787 1656 2807 con-

283 2816 397 2855 tigerit
411 2815 445 2846 in
462 2819 496 2845 et
512 2815 553 2845 de
569 2814 735 2854 premissis
758 2814 891 2854 injuriis
914 2818 948 2844 et
971 2814 1109 2854 singulis
1133 2816 1324 2847 earundem.
1373 2817 1419 2848 Et
1440 2828 1500 2859 per
1522 2819 1657 2860 aliquod

282 2858 507 2896 intervallum,
538 2868 606 2896 nos,
638 2857 805 2898 iidemque
836 2857 1093 2898 Wyntoniensis,
1135 2858 1365 2898 Cancellarius,
1403 2863 1438 2891 et
1476 2861 1657 2894 Nicholaus
