1987 3062
323 197 417 239 494

322 310 357 334 A.
363 308 396 334 D.

323 344 395 368 1383.

326 377 383 401 “1’.οΙ
409 376 429 402 Ῐ.

538 209 637 241 THE
664 209 907 241 REGISTER
932 208 990 240 OF
1015 208 1195 240 BISHOP
1220 209 1623 241 BRANTYNGHAM.

481 311 625 348 Fideles,
642 312 709 351 qui,
729 312 848 341 Crucis
865 314 1044 361 assumpto
1062 314 1264 347 carr-,ectcic
1282 311 1325 340 ad
1342 311 1559 350 prefatorum
1579 312 1854 342 scismaticorum

479 356 724 385 exterminium
749 366 784 385 31
808 356 927 392 acciu(
919 358 1040 391 erent,
1058 358 1093 384 et
1117 365 1174 384 eos
1199 365 1260 394 pro
1284 365 1383 405 posse
1408 359 1698 406 persequerentur
1722 356 1755 385 in
1779 367 1853 395 per-

478 400 570 429 sonis
587 403 622 429 et
640 400 835 438 sumptibus
852 409 1018 438 p1op111s
1036 409 1181 437 necnon,
1194 399 1240 428 hii
1258 400 1316 438 qui
1333 400 1367 428 in
1384 410 1446 438 per
1449 400 1541 429 sonis
1558 401 1715 438 propriis,
1732 401 1855 430 alienis

478 447 595 473 tamen
620 444 789 483 expensis,
807 454 868 482 pro
892 443 1023 472 viribus
1048 424 1297 482 expumiabunt
1321 453 1383 482 per
1406 454 1514 472 unum
1546 454 1677 473 annum
1704 445 1854 474 Ecclesie

478 488 653 526 sequendo
670 488 849 524 vexillum3
870 488 929 523 illi,
944 488 1094 526 insuper,
1109 488 1165 526 qui
1183 487 1227 516 ad
1245 487 1318 523 hoc,
1335 487 1435 527 juxta
1451 488 1639 517 facultates
1656 498 1745 526 suas,
1763 489 1853 517 suffi-

478 532 609 561 ciencia
626 532 798 570 stipendia
816 531 1075 567 ministrabunt,
1093 532 1238 560 eandem
1258 532 1409 561 habeant
1430 532 1693 570 Indulgent-iam
1711 542 1775 571 que
1794 543 1855 571 per

480 576 602 605 Sedem
629 576 864 614 Apostolicam
897 575 1194 614 proficiscentibus
1218 576 1253 604 in
1279 576 1382 605 Terre
1409 576 1534 605 Sancte
1559 576 1750 605 subsidium
1775 588 1853 606 con-

479 621 590 649 suevit
617 620 768 649 concedi.
817 620 914 657 Cum,
940 620 1067 658 itaque,
1096 619 1254 658 prefatus
1288 620 1410 648 Frater
1441 623 1569 657 noster,
1594 623 1632 649 ut
1657 620 1855 650 obediencie

479 664 579 699 filius,
597 674 682 693 onus
700 664 764 693 sibi
781 664 979 703 injunctum
1002 674 1043 693 ex
1060 663 1176 693 debito
1201 664 1406 698 devocionis,
1423 664 1586 703 precipue
1611 668 1732 694 contra
1751 665 1854 694 Fran-

478 708 628 745 cigenas,
646 708 798 746 ipsorum
817 708 1090 738 scismaticorum
1107 707 1315 746 principales
1340 707 1504 743 fautores,
1522 710 1557 737 et
1582 709 1720 737 Domini
1745 709 1855 738 nostri

480 753 583 789 Regis
600 758 635 781 et
654 753 763 790 Regni
778 753 902 791 Anglie
920 752 1086 790 capitales
1103 751 1270 788 inimicos,
1282 762 1344 790 pro
1362 762 1444 790 pace
1463 752 1614 782 Ecclesie
1632 752 1854 792 adquirenda,

479 806 613 825 necnon
638 806 699 835 pro
724 796 836 826 salute
860 801 895 825 et
920 796 1121 826 defensione
1148 796 1267 833 Regni.
1297 805 1337 825 ex
1366 796 1495 825 affectu
1519 797 1647 825 vinculi
1674 797 1855 834 naturalis,

480 841 669 879 susceperit
687 841 936 879 exequendum,
954 840 1144 879 prudenter
1160 840 1347 869 advertens
1363 841 1454 879 quod
1477 850 1588 879 neque
1612 850 1678 879 pax
1705 841 1856 870 Ecclesie

480 885 554 914 sine
573 885 701 921 Regno,
720 895 830 924 neque
848 885 968 923 Regno
993 885 1085 913 salus
1110 884 1237 922 poterit
1262 884 1327 913 nisi
1352 894 1414 922 per
1440 884 1628 914 Ecclesiam
1654 885 1857 923 provenire3

479 938 592 968 quam,
610 929 729 965 eciam,
746 929 963 958 meritorium
988 929 1032 958 sit
1049 937 1204 967 pugnare
1228 938 1290 966 pro
1316 928 1408 965 Fide,
1426 938 1596 967 quamque
1621 929 1782 958 decorum
1808 929 1856 958 di-

480 973 608 1002 micare
626 983 688 1011 pro
706 973 871 1009 Domino;
896 973 1074 1008 accedens,
1092 972 1346 1009 nichilominus,
1365 973 1455 1011 quod
1471 975 1570 1002 actus
1587 973 1696 1002 eciam
1714 973 1856 1002 meritos

478 1017 653 1046 incassum
686 1017 890 1055 aggreditur
926 1017 1078 1046 humana
1108 1016 1298 1055 prudencia
1328 1016 1393 1045 nisi
1434 1017 1556 1046 Divine
1595 1017 1858 1055 propiciacionis

482 1062 592 1090 virtus
609 1061 773 1097 assistat3
798 1061 896 1090 nobis
914 1061 1121 1099 supplicavit
1139 1060 1318 1089 humiliter
1342 1064 1376 1090 et
1401 1061 1524 1090 devote
1550 1064 1588 1090 ut
1612 1061 1703 1099 apud
1722 1061 1856 1090 Altissi-

481 1115 587 1142 mum,
616 1105 651 1134 in
680 1105 787 1145 Cujus
813 1115 918 1134 manu
945 1105 1057 1134 omnis
1082 1108 1237 1143 potestas
1265 1108 1327 1141 est,
1355 1108 1389 1133 et
1421 1105 1545 1143 quibus
1570 1105 1645 1134 vult
1676 1105 1856 1135 victoriam

482 1149 693 1188 impartitur,
712 1150 829 1179 fideles
846 1150 990 1188 populos
1008 1159 1070 1187 pro
1086 1149 1194 1187 ipsius
1211 1151 1246 1177 et
1263 1158 1404 1177 suorum
1422 1148 1514 1178 felici
1532 1149 1753 1188 expedicione
1769 1149 1857 1188 jugi-

482 1198 536 1223 ter
552 1203 694 1223 exorare
720 1194 833 1223 facere
858 1203 1069 1223 curaremus.
1118 1193 1198 1230 Nos,
1216 1193 1333 1230 igitur,
1351 1193 1459 1231 ipsius
1483 1193 1701 1223 Venerabilis
1727 1194 1858 1222 Fratris

482 1238 591 1267 nostri
608 1238 642 1266 in
661 1237 725 1267 hac
742 1241 840 1276 parte
858 1237 1030 1266 laudabile
1047 1237 1261 1276 propositum
1280 1239 1315 1266 et
1332 1237 1464 1266 sincere
1482 1237 1677 1267 devocionis
1694 1238 1858 1267 affectum

481 1282 517 1311 in
536 1282 683 1311 Domino
699 1282 994 1317 commendantes,
1012 1281 1191 1320 cupientes
1216 1281 1353 1310 intense
1370 1281 1477 1319 ipsius
1501 1284 1536 1310 et
1553 1282 1725 1311 exercitus
1743 1282 1804 1315 3111,
1823 1282 1858 1310 111

482 1331 553 1355 tam
579 1326 687 1355 arduo
711 1328 746 1355 et
772 1326 966 1355 necessario
990 1325 1205 1355 Universalis
1229 1325 1380 1355 Ecclesie
1407 1328 1441 1354 et
1469 1325 1578 1363 Regni
1605 1326 1758 1364 negocio,
1782 1336 1858 1364 pro-

482 1380 640 1408 gressum
658 1370 795 1399 felicem
813 1373 848 1399 et
866 1370 1088 1399 victoriosum
1106 1379 1309 1407 aggressum
1330 1369 1634 1408 honorabilemque
1652 1380 1857 1408 regressum.

326 1412 383 1442 [sul.
405 1412 460 1441 71).]
486 1417 600 1443 vestre
618 1414 817 1443 Venerabili
837 1414 1065 1443 Fraternitati
1084 1413 1300 1453 injungimus
1317 1416 1352 1442 et
1376 1414 1583 1443 mandamus
1600 1414 1763 1453 quatinus
1788 1424 1857 1443 om-

329 2442 373 2466 sol.

329 2475 402 2500 11151).

482 1458 583 1487 nibus
599 1461 633 1487 et
659 1458 804 1495 singulis
831 1458 1011 1487 Fratribus
1036 1458 1164 1487 nostris
1188 1460 1222 1486 et
1249 1457 1467 1496 Cocpiscopis
1491 1458 1628 1495 nostris,
1646 1462 1681 1487 et
1708 1458 1858 1488 Ecclesie

483 1502 744 1532 Cantuariensis
763 1502 1008 1539 Suffragancis,
1027 1512 1105 1531 cum
1122 1511 1162 1531 ea
1187 1501 1366 1531 celeritate
1390 1511 1456 1540 qua
1480 1502 1649 1540 poteritis,
1667 1502 1859 1541 injungatis

482 1550 520 1576 ut
538 1547 690 1585 ipsorum
709 1547 845 1585 singuli,
864 1547 898 1575 in
918 1546 1081 1576 Ecclesiis
1098 1546 1168 1575 suis
1185 1549 1220 1575 et
1237 1545 1314 1574 aliis
1339 1555 1478 1574 suarum
1504 1545 1694 1575 Civitatunl
1720 1549 1754 1575 et
1780 1547 1857 1575 Dio-

482 1591 611 1620 cesium
629 1591 794 1629 expositis
818 1590 953 1629 publice
978 1590 1086 1628 ipsius
1110 1590 1243 1626 negocii
1268 1590 1413 1626 meritis,
1431 1599 1509 1619 suos
1534 1590 1699 1627 subditos,
1718 1590 1859 1620 clericos

482 1638 516 1664 et
534 1635 648 1669 laicos,
667 1635 853 1664 efficaciter
874 1639 1038 1663 moneant
1064 1637 1098 1663 et
1123 1634 1300 1671 inducant,
1317 1634 1492 1663 monerive
1517 1633 1648 1663 faciant
1673 1637 1708 1663 et
1731 1635 1858 1671 induci,

483 1682 521 1708 ut
538 1679 602 1717 ipsi
620 1679 751 1708 dictum
764 1679 1007 1708 Venerabilem
1026 1678 1183 1707 Fratrem
1201 1680 1358 1707 nostrum
1370 1681 1405 1707 et
1418 1678 1493 1717 ejus
1506 1678 1707 1715 exercitum,
1725 1688 1857 1707 omnes-

483 1733 547 1762 que
575 1723 638 1752 sibi
664 1723 700 1752 in
726 1723 904 1761 premissis
930 1722 1138 1751 adherentes
1164 1722 1217 1751 vel
1243 1722 1409 1751 auxilium
1438 1722 1653 1759 adhibentes,
1671 1732 1710 1752 ac
1738 1732 1858 1761 pacem

485 1767 636 1796 Ecclesic
653 1771 688 1796 et
708 1767 827 1804 Regni,
845 1767 880 1795 in
904 1767 1087 1795 Missarum
1105 1766 1314 1804 solempniis,
1334 1766 1559 1803 sermonibus,
1577 1769 1611 1795 et
1636 1766 1859 1805 processioni-

483 1811 555 1846 bus,
581 1811 726 1849 publice,
745 1821 785 1840 ea
810 1811 851 1840 de
876 1820 989 1846 causa,
1015 1810 1245 1849 frequencius,
1263 1812 1298 1839 et
1322 1810 1483 1848 precipue
1501 1810 1645 1848 singulis
1669 1811 1802 1849 quartis
1825 1813 1858 1839 et

484 1855 590 1884 sextis
614 1855 711 1884 feriis
736 1855 870 1889 saltem,
888 1855 923 1883 in
949 1854 1095 1892 singulis
1121 1854 1293 1891 Ecclesiis,
1310 1854 1377 1883 nisi
1402 1854 1611 1883 racionabile
1635 1855 1859 1893 impedimen-

483 1903 558 1928 tum
576 1899 824 1937 supervenerit,
842 1898 1021 1935 faciendis,
1040 1898 1191 1927 habeant
1208 1898 1404 1936 specialiter
1426 1899 1695 1935 commendatos,
1714 1898 1860 1928 humiles

484 1946 519 1972 et
536 1943 693 1972 assiduas
710 1952 829 1981 preces
846 1943 937 1980 apud
956 1942 1141 1971 Dominum
1159 1952 1220 1980 pro
1243 1942 1394 1980 ipsorum
1420 1942 1512 1971 felici
1538 1942 1760 1981 expedicione
1784 1942 1860 1971 fun-

484 1988 625 2023 dentes3
658 1997 785 2025 vosque
810 1990 944 2016 vestros
962 1986 1119 2015 subditos
1142 1986 1185 2015 ad
1210 1986 1379 2024 premissa
1412 1986 1571 2015 facienda
1602 1986 1666 2015 viis
1691 1990 1726 2016 et
1750 1986 1860 2015 modis

483 2031 607 2070 quibus
624 2031 782 2069 poteritis
800 2030 982 2065 inducatis,
1001 2032 1035 2059 et
1060 2040 1121 2068 per
1145 2030 1230 2059 alios
1254 2029 1392 2059 faciatis
1416 2030 1543 2060 induci.
1593 2030 1646 2067 Et,
1664 2034 1703 2059 ut
1727 2033 1861 2059 mentes

486 2075 654 2104 Fidelium
672 2075 716 2104 ad
733 2077 831 2104 tante
848 2074 990 2113 pictatis
1008 2083 1111 2112 opera
1128 2073 1331 2112 propensius
1355 2074 1560 2109 excitentur,
1578 2075 1738 2104 onmibus
1764 2074 1859 2103 Fide-

483 2119 572 2148 libus
598 2129 659 2157 per
684 2122 839 2148 nostram
867 2118 1153 2148 Cantuariensem
1183 2118 1401 2147 Provinciam
1427 2118 1637 2156 constitutis,
1663 2129 1742 2148 vere
1766 2118 1858 2157 peni-

483 2163 639 2192 tentibus
656 2166 690 2192 et
708 2162 886 2198 confessis,
904 2163 1027 2191 devote
1052 2162 1221 2201 premissa
1244 2161 1454 2191 facientibus
1479 2162 1532 2191 vel
1557 2162 1694 2201 aliquod
1718 2162 1858 2201 premis-

485 2217 610 2243 sorum,
629 2207 761 2236 tociens
779 2207 950 2245 quociens,
969 2206 1201 2245 quadraginta
1218 2206 1290 2235 dies
1308 2206 1349 2235 de
1374 2206 1542 2245 injunctis
1567 2206 1630 2235 sibi
1654 2206 1858 2245 penitenciis

484 2251 755 2280 misericorditer
770 2251 805 2279 in
818 2250 965 2280 Domino
982 2250 1177 2279 relaxamus
1191 2264 1198 2286 3
1223 2252 1255 2279 et
1274 2259 1294 2279 a
1311 2250 1408 2279 vobis
1424 2260 1463 2279 ac
1481 2250 1605 2279 ceteris
1620 2250 1860 2280 Confratribus

484 2295 612 2324 nostris
630 2295 826 2324 consimiles
851 2294 1096 2331 Indulgencias
1120 2294 1271 2332 petimus
1296 2294 1622 2331 elargiri—Datum
1647 2295 1682 2323 in
1708 2293 1859 2323 Manerio

483 2342 603 2368 nostro
620 2339 661 2368 (le
679 2338 871 2375 Otteforde,
890 2342 927 2367 x0
944 2338 998 2367 die
1022 2338 1152 2367 mensis
1168 2338 1308 2376 Aprilis,
1326 2338 1410 2367 A.l).
1430 2338 1490 2367 ΜΟ.
1509 2338 1639 2368 CCCnlo
1663 2338 1807 2378 lxxxiijO,
1825 2340 1857 2366 et

485 2386 602 2412 nostre
620 2383 876 2412 'I‘ranslacionis
894 2382 1055 2412 secundo.

438 2441 574 2478 Meeth
592 2454 602 2487 3
632 2441 791 2477 Lieenee
812 2447 847 2477 to
867 2441 1114 2485 celebrate,—

437 2498 538 2533 Item,
566 2497 705 2533 ibidem,
731 2496 799 2536 xvij
830 2496 884 2525 die
912 2496 1068 2535 ejusdem
1094 2496 1233 2533 mensis,
1263 2496 1431 2525 Dominus
1463 2497 1633 2526 concessit
1666 2496 1857 2526 Licenciam

483 2541 653 2569 Willclmo
671 2540 809 2575 Croker,
827 2540 868 2569 de
888 2539 984 2575 Hele,
1002 2543 1037 2569 et
1061 2540 1136 2579 ejus
1161 2540 1268 2577 uxori,
1290 2541 1381 2579 quod
1405 2541 1538 2579 possint
1562 2540 1677 2570 facere
1694 2538 1857 2570 celebrari

484 2584 620 2621 Divina,
645 2587 720 2619 etc.,
745 2584 780 2613 in
807 2584 947 2622 Capella
972 2584 1089 2613 Sancti
1116 2584 1269 2620 Martini,
1287 2584 1328 2613 de
1354 2584 1451 2620 Hele,
1475 2584 1567 2614 infra
1592 2584 1791 2614 Parochiam
1817 2583 1857 2611 de

486 2628 612 2665 Methe‚
630 2628 665 2657 in
682 2628 861 2666 presencia
879 2637 939 2657 sua
954 2642 961 2663 3
986 2638 1047 2666 per
1062 2628 1073 2667 j
1092 2636 1222 2656 annum
1240 2629 1482 2657 tantummodo
1499 2629 1712 2657 duraturam.

438 2682 493 2717 st.
518 2681 671 2717 Breoke
688 2694 697 2726 3
729 2681 887 2717 Dicente
909 2687 943 2716 to
963 2681 1209 2725 celebrate,—

445 2737 545 2770 Item,
572 2736 710 2773 ibidem,
736 2736 817 2775 xviij
845 2736 899 2765 die
927 2736 1069 2774 Aprilis,
1096 2736 1265 2765 Dominus
1293 2736 1464 2765 concessit
1491 2736 1685 2766 Licenciam
1710 2733 1858 2766 Johanni

488 2780 573 2819 Ude‚
591 2780 632 2809 de
652 2780 818 2810 Parochia
836 2780 877 2809 de
896 2780 1070 2817 Powtone,
1083 2779 1184 2820 quod,
1196 2789 1274 2809 cum
1286 2790 1426 2810 necesse
1439 2780 1555 2819 fuerit,
1567 2780 1721 2820 exceptis
1732 2779 1859 2809 Diebus
