1987 3062
311 204 405 248 384

310 319 386 379 ἓξ.

313 387 372 413 Vol.
386 387 408 412 I.

324 1477 400 1495 VEM·

325 1511 390 1528 BER.

327 1826 376 1853 sol.

327 1860 378 1886 70.1

332 2524 391 2549 DE-

331 2565 405 2584 CEM-

331 2599 398 2617 BER.

331 2693 342 2713 ¹
360 2695 428 2725 Fol.

517 215 619 247 THE
654 215 894 248 REGISTER
929 215 991 247 OF
1025 214 1201 248 BISHOP
1236 215 1633 252 BRANTYNGHAM.

418 320 593 420 Bigffury
615 318 855 372 [Bykebury,
879 317 1003 371 MS.;]
1033 320 1085 356 M
1076 324 1181 357 aster
1201 320 1371 359 William
1394 323 1678 370 Poundestoke,
1701 323 1775 360 LL.
1781 323 1837 369 B„

422 429 559 459 Licence
575 428 610 458 of
625 428 876 459 nonresidence
892 428 945 458 for
959 438 978 458 a
994 438 1081 468 year,
1101 430 1136 459 to
1153 428 1254 469 study
1273 429 1377 468 (same
1393 430 1495 470 date).

421 489 474 525 St,
502 489 616 526 Erme
638 486 789 539 [Sancti
810 488 990 534 Ermetis,
1014 486 1113 539 MS]
1133 502 1141 534 ;
1171 489 1232 525 Sir
1250 489 1354 526 John
1376 489 1586 539 Tregaeke,
1608 491 1643 528 R
1671 513 1724 518 —

1646 521 1666 536 ’1

421 543 558 573 Licence
575 543 609 572 of
625 542 876 572 non-residence
891 542 943 572 for
958 552 977 572 a
992 552 1070 582 year
1087 542 1190 581 (same
1206 542 1309 582 date).

423 597 552 633 North
576 597 705 646 Bovey
727 593 992 647 [Northbovy‚
1016 594 1115 647 MS]
1134 610 1144 642 3
1174 597 1234 633 Sir
1253 597 1357 634 John
1378 599 1425 635 de
1446 598 1678 644 Lichefelde,
1702 599 1818 644 R„—

424 651 562 683 Licence
579 651 613 680 os
629 649 889 688 non-residence,
908 650 926 664 “
940 650 1101 690 quamdiu
1125 651 1260 681 steterit
1283 651 1317 681 in
1341 652 1508 691 obsequiis
1532 652 1667 683 Domini
1683 652 1843 683 Willelmi

468 693 525 734 [de
542 693 817 733 Spridlingtone]‚
837 693 1028 723 Assavensis
1046 693 1199 733 Episcopi
1217 704 1224 732 ;
1248 694 1341 733 dum,
1361 698 1485 734 tamen,
1500 696 1645 726 Ecclesie
1661 706 1720 726 sue
1736 695 1845 726 deser·

467 737 580 768 viatur
595 737 628 767 in
648 737 785 775 Divinis,
803 737 888 768 etc.”
906 737 1069 775 (London,
1089 737 1127 768 17
1146 737 1245 775 Oct.)-

425 792 700 838 Confessions,
692 805 699 812 ·
728 791 793 828 Ad
810 792 1046 828 audiendum
1069 792 1335 839 Confessiones,
1340 816 1392 820 -—-

426 846 524 883 Item,
542 846 676 883 ibidem,
695 849 784 876 xme
800 845 862 884 die,
890 846 1051 876 Dominus
1074 846 1236 877 concessit
1261 846 1446 878 Licenciam
1464 847 1576 878 Fratri
1601 847 1745 878 Henrico
1769 847 1847 879 Sut-

470 889 691 928 tone,P110r1
715 889 848 920 Oidinis
878 889 1036 919 Fiatrum
1065 889 1324 920 Carmelitarum
1351 890 1480 921 Domus
1503 891 1544 921 de
1571 891 1726 930 Suttone,
1749 891 1849 931 juxta

470 932 720 971 Plummouthe,
737 932 779 963 ad
794 932 999 963 audiendum
1017 932 1257 972 confessiones,
1274 936 1336 964 etc.
1360 944 1367 973 3
1391 927 1564 974 quamdiu
1577 934 1720 965 Domino
1736 934 1847 975 placu-

470 976 535 1007 erit
552 976 695 1007 duratur
696 986 760 1006 a.m

429 1036 625 1073 Oratories
642 1049 651 1082 3
683 1035 832 1072 Licence
854 1042 889 1072 to
909 1035 1151 1081 celebrate,—

429 1090 527 1127 Item,
552 1090 686 1128 ibidem,
711 1088 823 1129 xxvjto
846 1089 908 1127 die,
934 1089 1098 1119 Dominus
1121 1089 1282 1120 concessit
1308 1090 1493 1121 Licenciam
1516 1090 1683 1121 Willelmo
1707 1090 1749 1121 de
1772 1091 1849 1122 Cer-

472 1137 651 1174 vyngtone,
669 1136 704 1163 et
722 1132 847 1163 Imanie
871 1133 967 1163 uxori
988 1133 1148 1172 ejusdem,
1166 1133 1255 1173 quod
1272 1133 1401 1173 possint
1416 1134 1525 1164 facere
1540 1134 1708 1173 celebrari,
1725 1138 1799 1173 etc,
1816 1135 1850 1165 in

476 1177 654 1217 presencia,
679 1179 752 1214 etc,
777 1176 810 1206 in
837 1176 970 1215 Capella
993 1176 1061 1206 sive
1086 1176 1239 1207 Oratorio
1262 1177 1350 1208 infra
1374 1177 1559 1208 Manerium
1584 1177 1625 1208 de
1649 1178 1762 1218 Aury3
1794 1188 1852 1218 per

473 1230 579 1250 unum
596 1230 722 1250 anunm
739 1220 945 1250 duraturam.

432 1263 529 1300 Item,
547 1263 642 1293 xxixo
666 1263 729 1301 die,
754 1263 918 1293 Dominus
942 1262 1103 1293 concessit
1128 1263 1312 1294 Licenciam
1336 1263 1497 1303 Magistro
1522 1264 1722 1305 Baldewyno
1746 1264 1850 1295 Schil-

474 1307 504 1347 15
512 1307 659 1346 ngforde,
677 1306 719 1336 ad
735 1306 972 1336 celebrandum
991 1306 1119 1343 Divina,
1137 1308 1172 1337 et
1188 1317 1246 1346 per
1263 1307 1463 1346 presbiteros
1479 1307 1625 1348 ydoneos
1641 1308 1675 1338 in
1698 1317 1758 1338 sua
1780 1317 1851 1347 pre-

475 1350 582 1380 sencia
600 1350 789 1380 faciendum
806 1349 974 1387 celebrari,
992 1349 1024 1379 in
1043 1349 1176 1389 Capella
1193 1349 1260 1380 sive
1277 1350 1430 1381 Oratorio
1446 1351 1533 1381 infra
1550 1351 1744 1391 Hospicium
1760 1351 1852 1382 habi·

476 1393 615 1424 tacionis
631 1403 690 1423 sue
710 1393 834 1423 Exonie
851 1403 857 1430 ;
882 1393 1042 1432 quamdiu
1061 1393 1204 1423 Domino
1221 1393 1393 1432 placuerit,
1411 1397 1473 1425 etc.

379 1451 386 1455 ·
437 1438 533 1475 Item,
566 1437 700 1475 ibidem,
725 1437 833 1476 primo
857 1436 910 1466 die
934 1436 1055 1466 mensis
1080 1436 1288 1474 Novembris,
1314 1437 1478 1467 Dominus
1501 1437 1663 1468 concessit
1688 1437 1854 1468 Willehno

480 1482 680 1517 Prestecote,
709 1480 861 1510 Johanne
886 1480 980 1510 uxori
1006 1479 1167 1519 ejusdem,
1191 1490 1228 1510 ac
1251 1480 1396 1511 Johanni
1423 1482 1612 1511 Prestecote
1634 1485 1669 1512 et
1692 1480 1855 1520 Margerie

479 1524 553 1564 ejus
570 1524 674 1561 uxori,
693 1523 877 1553 Liceneiam
896 1523 985 1562 quod
1002 1523 1139 1562 possint,
1157 1526 1234 1561 etc.‚
1251 1523 1284 1553 in
1303 1524 1470 1563 presencia
1486 1524 1633 1563 ipsorum
1657 1534 1714 1554 seu
1739 1533 1855 1554 eorum

474 1567 625 1607 alicujus,
643 1567 677 1596 in
695 1566 829 1606 Capella
845 1566 886 1596 de
904 1567 1095 1597 Prestecote
1111 1565 1158 1606 [in
1180 1567 1378 1606 OucrnstockJ,
1396 1570 1431 1598 et
1451 1568 1541 1598 Bake
1557 1566 1607 1605 [in
1633 1567 1708 1599 West
1726 1567 1853 1606 Alviny-

476 1609 542 1650 ton]
562 1621 568 1648 3
592 1610 751 1650 quamdiu
771 1610 915 1640 Domino
932 1610 1094 1649 placuerit
1110 1609 1317 1641 duraturam.

435 1655 534 1691 Item,
551 1654 674 1684 eisdem
685 1653 739 1683 die
750 1656 784 1683 et
796 1653 876 1691 loco,
896 1653 1059 1683 Dominus
1075 1653 1237 1684 concessit
1252 1653 1272 1684 J
1277 1653 1399 1683 ohanni
1416 1653 1637 1692 Mattisforde,
1652 1656 1686 1684 et
1702 1653 1723 1685 J
1726 1653 1856 1684 ohanne

477 1697 551 1737 ejus
568 1697 674 1733 uxori,
692 1696 878 1726 Licenciam
895 1697 983 1736 quod
1002 1697 1138 1735 possint,
1156 1700 1229 1734 etc„
1246 1696 1279 1726 in
1297 1697 1466 1736 presencia
1488 1698 1635 1737 ipsorum
1659 1707 1715 1727 seu
1741 1706 1856 1727 eorum

477 1740 626 1778 alterius,
644 1740 676 1770 in
696 1740 830 1779 Capella
846 1740 914 1769 sive
932 1740 1084 1770 Oratorio
1101 1740 1188 1770 infra
1205 1740 1391 1770 Manerium
1418 1740 1567 1780 ipsorum
1593 1741 1635 1770 de
1651 1740 1852 1780 Daledycbe,

477 1784 512 1814 in
531 1783 689 1814 I'arochia
705 1783 745 1813 de
764 1783 942 1822 Louepitte
958 1781 1112 1822 [Luppit]
1128 1783 1293 1814 situatum
1311 1794 1317 1819 ;
1341 1784 1515 1822 quamdiu,
1534 1787 1596 1814 etc.

438 1828 537 1865 Item,
555 1827 677 1857 eisdem
695 1826 749 1856 die
765 1829 800 1856 et
816 1824 909 1863 10001,
927 1826 1091 1856 Dominus
1114 1827 1276 1857 concessit
1294 1826 1458 1857 Willelmo
1473 1827 1602 1864 Talbot,
1620 1829 1656 1857 et
1672 1827 1858 1866 Margarete

482 1871 556 1910 ejus
580 1870 684 1904 uxori,
702 1869 908 1899 consimilem
933 1869 1117 1899 Liceneiam
1142 1869 1231 1909 quod
1255 1869 1383 1909 possint
1406 1870 1438 1900 in
1464 1870 1602 1909 singulis
1627 1870 1768 1910 Capellis
1790 1869 1859 1900 sive

480 1913 643 1944 Oratoriis
661 1913 885 1942 Maneriorum
902 1922 1051 1949 suorum,
1068 1912 1155 1942 infra
1175 1912 1355 1943 Civitatem
1371 1916 1407 1944 et
1423 1913 1587 1943 Diocesim
1607 1913 1734 1944 Exonie
1757 1913 1859 1943 situa-

479 1960 592 1988 torum
610 1956 822 1995 ubicumque,
840 1959 913 1993 etc„
931 1955 1093 1995 quamdiu
1113 1955 1264 1994 Domino,
1282 1958 1344 1987 etc.

436 2016 659 2053 Bradninch
683 2013 961 2066 [Brademzchffi
987 2012 1112 2065 MS.];
1143 2015 1206 2051 Sir
1225 2015 1330 2052 John
1351 2015 1587 2065 Spaldynge,
1611 2016 1727 2062 R.‚-—-

437 2071 575 2101 Licence
600 2070 634 2099 of
664 2069 917 2099 non-residence
940 2069 992 2099 for
1017 2079 1037 2099 a
1062 2079 1149 2109 year,
1177 2072 1213 2100 to
1239 2069 1343 2110 study
1371 2073 1406 2099 at
1435 2069 1562 2100 Oxford
1594 2080 1631 2101 or
1662 2068 1862 2109 Cambridge

480 2114 513 2153 (“
526 2113 651 2144 eisdem
668 2113 721 2143 die
738 2116 772 2143 et
788 2112 858 2143 loco
872 2111 928 2150 '’)¹.

435 2174 473 2211 N
477 2173 612 2211 orthill
634 2170 688 2224 [N
691 2172 873 2218 orthnlle,
898 2169 997 2223 MS]
1017 2186 1026 2219 3
1055 2172 1204 2209 Master
1224 2172 1393 2209 Richard
1415 2172 1542 2219 Barre,
1566 2173 1681 2219 R,—

436 2228 575 2258 Licence
591 2227 625 2256 of
642 2226 895 2256 non-residence
912 2226 964 2256 for
980 2236 998 2256 a
1021 2236 1109 2266 year,
1129 2226 1196 2257 and
1220 2229 1256 2257 to
1280 2229 1343 2266 put
1367 2226 1426 2257 the
1449 2236 1611 2257 revenues
1634 2230 1694 2258 out
1718 2230 1754 2258 to
1776 2226 1863 2257 farm

481 2270 645 2310 (London,
665 2271 704 2300 29
723 2269 838 2308 Now).

438 2330 691 2380 Holsworthy
712 2327 1043 2380 [Haldesworthy‚
1068 2326 1168 2379 MS]
1187 2342 1196 2375 ;
1225 2329 1287 2365 Sir
1305 2329 1479 2366 William
1501 2329 1730 2374 Odecombe,
1749 2330 1864 2376 R.‚—

438 2385 577 2415 Licence
594 2384 628 2414 of
650 2383 903 2413 non—residence
926 2383 977 2413 for
999 2393 1019 2413 a
1041 2392 1129 2422 year,
1149 2382 1269 2421 “dum,
1287 2385 1410 2421 tamen,
1428 2383 1601 2414 familiaris
1626 2383 1754 2414 Nobilis
1782 2384 1864 2422 Viri,

482 2427 617 2457 Domini
636 2426 792 2457 Willelmi
817 2426 1002 2466 Botryaux,
1023 2425 1148 2463 Militis,
1174 2426 1308 2464 existat,
1333 2431 1368 2457 et
1391 2426 1425 2457 in
1450 2427 1607 2457 comitiva
1630 2427 1783 2468 ejusdem
1806 2437 1866 2468 per

481 2471 570 2501 idem
587 2473 722 2510 tempus
739 2469 874 2500 steterit
889 2470 905 2481 '¹
925 2469 1029 2507 (same
1045 2469 1147 2507 date).

440 2524 605 2561 Talaton
631 2521 847 2574 [Taletone,
870 2520 970 2573 MS]
989 2536 998 2569 3
1028 2522 1201 2559 William
1221 2522 1368 2568 VVarre,
1391 2523 1622 2568 snbdeacon,
1645 2523 1761 2567 R,—

441 2579 578 2609 Licence
595 2577 629 2607 of
646 2576 897 2607 non-residence
913 2577 964 2607 for
979 2586 999 2606 a
1013 2586 1100 2616 year,
1116 2580 1151 2606 to
1168 2576 1272 2616 study
1288 2579 1324 2607 at
1341 2577 1478 2614 Oxford,
1490 2579 1552 2608 etc.
1566 2577 1727 2615 (London‚
1741 2577 1758 2610 7
1770 2578 1848 2608 Dec.
1870 2576 1882 2616 )

452 2696 501 2731 69,
526 2694 719 2733 containing
743 2697 831 2724 most
854 2694 889 2724 of
912 2693 971 2724 the
995 2693 1059 2723 En·
1184 2693 1377 2733 remaining.
1425 2693 1495 2724 The
1513 2694 1579 2734 day
1602 2695 1636 2725 of
1658 2694 1717 2725 the
1739 2694 1868 2733 month,

374 2738 455 2769 tries
478 2738 531 2768 for
549 2737 737 2768 November
755 2738 839 2775 (one,
856 2747 893 2767 or
910 2746 1009 2773 more,
1027 2736 1062 2766 of
1096 2747 1100 2749 ’
1184 2736 1361 2775 therefore,
1377 2737 1515 2777 implied
1530 2738 1563 2768 in
1581 2737 1640 2769 the
1655 2738 1763 2769 words
1779 2738 1797 2752 “
1809 2737 1868 2768 eis-

375 2780 482 2811 which
499 2784 591 2811 must
607 2780 690 2811 have
707 2780 790 2810 been
807 2780 885 2820 long
902 2780 1060 2817 Entries),
1182 2779 1258 2810 dem
1275 2780 1329 2811 die
1341 2782 1376 2812 et
1392 2780 1494 2820 loco‚'’
1511 2784 1633 2812 cannot
1649 2781 1690 2812 be
1705 2780 1867 2821 supplied.

375 2823 433 2854 has
463 2824 547 2854 been
577 2826 636 2854 cut
662 2826 731 2862 out,
760 2823 820 2854 the
846 2827 963 2864 stump
992 2822 1061 2854 still
