1987 3062
286 243 380 286 296

284 354 359 380 A.D.

283 387 357 414 1373.

281 422 345 448 Vol.
363 422 387 449 I.

283 1051 346 1081 [fol.

285 1085 339 1115 33.]

284 1504 342 1535 [fol.

286 1539 362 1568 33b.]

487 255 587 287 THE
624 253 863 289 REGISTER
900 256 959 288 OF
995 254 1173 289 BISHOP
1208 254 1609 290 BRANTYNGHAM.

436 357 532 397 Here,
550 358 655 389 nativi
672 358 807 389 Domini
825 358 964 389 Comitis
981 359 1138 397 Devonie,
1156 359 1380 390 manumissus
1397 370 1455 400 per
1470 359 1614 390 eundem
1629 356 1812 388 Dominum

435 401 610 474 (flomitem‚
628 404 728 441 prout
744 402 777 432 in
794 402 905 432 Litera
921 401 1026 442 ipsius
1042 402 1171 433 Ricardi
1188 403 1318 443 plenius
1335 403 1536 441 continetur,
1555 412 1612 442 per
1629 400 1812 431 Dominum

453 445 505 476 uit
520 448 724 476 tonsuratus.

393 501 449 537 St.
481 498 677 536 Crantock
694 511 704 544 3
738 498 868 534 Litera
899 497 1116 536 Collecloris
1135 499 1178 536 de
1197 499 1465 547 supersedendo
1493 511 1566 547 quo
1585 497 1638 534 ad
1657 496 1814 533 Prehen-

445 554 537 590 dam
558 553 693 589 sancte
715 551 892 589 Columbe
912 552 1151 598 Minoris,—

396 606 597 643 Reverendo,
614 609 687 643 etc.,
705 605 841 643 'l'home,
858 608 931 644 etc.,
947 606 1112 637 Arnaldus
1129 607 1288 645 Garum-ii,
1307 606 1514 637 Licenciatus
1530 606 1563 636 in
1583 604 1734 644 Legibus,
1754 603 1812 633 Ca-

437 650 575 680 nonicus
601 648 817 686 Cathalensis,
844 649 1031 689 Apostolice
1054 650 1148 681 Sedis
1165 654 1199 681 et
1223 650 1369 688 Camere,
1392 651 1426 680 in
1451 649 1578 689 Anglia,
1604 647 1756 678 Nuncius
1779 649 1814 676 et

439 694 613 729 Collector,
643 702 677 722 se
704 692 824 732 ipsum,
853 703 928 722 cum
960 694 1147 724 reverencia
1170 694 1283 724 debita
1306 696 1340 724 et
1364 692 1594 724 honore—Ab
1618 690 1814 721 execucione

436 740 545 766 vestra
568 736 656 766 faeta
672 736 722 765 vel
747 735 896 766 facienda
919 740 1034 766 contra
1058 737 1264 767 Prebendam
1289 737 1409 767 Sancte
1433 735 1595 768 Columbe
1621 733 1756 765 Minoris
1779 733 1814 763 in

437 779 579 811 Ecclesia
594 778 773 818 Collegiata
785 779 896 810 Sancti
911 779 1097 817 Karentoci,
1109 780 1159 810 vel
1173 790 1390 820 possessorem
1402 780 1565 820 ejusdem,
1578 789 1637 819 pro
1648 777 1814 807 solucione

438 824 619 863 primorum
651 822 824 852 fructuum
848 822 999 862 ejusdem
1024 823 1203 862 Prebende,
1228 823 1356 854 racione
1379 821 1624 863 subrogacionis
1647 821 1733 851 facte
1758 830 1815 860 per

440 867 560 898 Sedem
576 865 801 904 Apostolicam
818 865 858 896 de
871 866 984 896 eadem
999 866 1144 897 Johanni
1155 867 1358 907 Trusseleye,
1371 867 1403 896 in
1417 866 1507 896 omni
1519 866 1593 906 jure
1610 863 1814 904 competenti

439 909 545 940 David
577 909 749 948 Maynard‚
779 909 855 939 huic
879 909 920 939 ad
950 909 1091 940 Octabas
1115 910 1327 940 Pentecostes
1358 910 1526 950 proximas
1556 906 1810 948 supersedeatis,

438 954 656 993 Sequestrum
673 952 706 982 in
724 952 903 982 fructubus
917 952 1005 983 dicte
1018 953 1188 983 Prebende
1204 953 1404 983 auctoritate
1420 952 1571 983 Mandati
1586 951 1692 982 nostri
1709 950 1811 980 inter·

437 997 584 1037 positum
601 995 735 1025 interim
752 995 1159 1035 suspendentes—Dated
1179 997 1325 1035 London,
1344 998 1362 1026 2
1380 996 1466 1036 May.

391 1051 473 1088 The
492 1050 762 1100 procurations
782 1051 822 1086 of
842 1049 908 1087 the
929 1050 1156 1097 Cardinals3
1180 1050 1507 1098 Certificatorium
1526 1048 1680 1087 secundi
1702 1047 1812 1085 Man-

446 1104 532 1141 daci
554 1103 772 1142 Collectoris
791 1103 835 1140 de
847 1105 1012 1150 pecunia
1032 1104 1281 1153 amendat,—

394 1158 585 1189 Reverende
608 1157 817 1187 discrecionis
841 1157 920 1196 viro,
945 1158 1089 1188 Domino
1108 1158 1253 1188 Arnaldo
1278 1158 1439 1196 Garnerii,
1456 1157 1655 1194 LicenciatO,
1673 1159 1734 1186 etc.
1763 1155 1813 1194 (ut

436 1202 550 1241 supra)
567 1201 720 1238 Thomas,
738 1204 810 1238 etc.,
828 1201 980 1240 salutem,
999 1205 1058 1231 etc.
1108 1201 1235 1232 Literas
1248 1205 1373 1232 vestras
1390 1211 1497 1241 nuper
1509 1200 1693 1240 recepimus
1706 1199 1739 1229 in
1753 1199 1814 1229 hec

437 1243 887 1283 ve1·ba‚—Reverendissim0‚
911 1247 986 1282 etc.,
1003 1244 1139 1283 Thome,
1157 1248 1219 1275 etc.
1267 1244 1433 1275 Arnaldus
1457 1244 1617 1282 Garnerii,
1635 1247 1710 1281 etc.,
1729 1243 1811 1282 seip-

435 1298 519 1326 sum,
537 1297 613 1318 cnm
635 1287 820 1317 reverencia
845 1287 966 1325 debita,
991 1291 1026 1318 et
1049 1287 1315 1319 honore—Cum
1331 1298 1445 1318 omnes
1468 1291 1502 1318 et
1525 1286 1647 1327 singuli
1670 1295 1814 1326 quorum

437 1331 572 1362 nomina
601 1330 739 1360 inferius
770 1331 1014 1370 exprimuntur,
1046 1341 1162 1371 nuper,
1193 1331 1394 1362 auctoritate
1426 1330 1575 1361 Mandati
1605 1330 1710 1360 nostri
1734 1329 1813 1359 alias

437 1379 545 1405 vestre
570 1374 769 1404 Paternitati
793 1374 922 1412 directi,
949 1374 1068 1405 moniti
1092 1375 1314 1415 peremptorie
1339 1379 1372 1405 et
1403 1374 1507 1412 citati,
1536 1384 1635 1413 super
1658 1372 1756 1403 certis
1779 1375 1814 1402 et

435 1418 536 1459 justis
552 1417 658 1447 causis
675 1417 829 1448 Officium
842 1421 993 1448 nostrum
1011 1418 1237 1457 tangent-ibus,
1252 1419 1292 1448 ad
1309 1418 1568 1457 comparendum
1582 1426 1691 1447 coram
1709 1415 1813 1454 nobis,

436 1462 534 1492 certis
551 1461 620 1491 loco
637 1464 671 1491 et
687 1461 739 1491 die
754 1460 824 1500 jam
842 1471 859 1491 a
875 1461 933 1491 diu
958 1464 1009 1492 est
1031 1461 1162 1500 effluxo,
1180 1465 1315 1501 propter
1338 1472 1414 1491 suas
1437 1460 1663 1491 contumacias
1686 1459 1721 1490 in
1745 1469 1810 1489 nou

436 1504 655 1544 comparendo
671 1514 712 1534 ex
729 1504 843 1535 Officio
866 1507 979 1534 nostro
1003 1508 1197 1542 contractas,
1216 1505 1427 1535 Sentenciam
1453 1502 1815 1534 Excommunicacionis

439 1548 571 1588 Majoris
583 1547 617 1577 in
632 1547 798 1577 Mandatis
811 1551 845 1578 et
860 1548 1080 1578 Processubus
1093 1549 1213 1578 nostris
1227 1559 1284 1587 per
1298 1558 1355 1578 nos
1366 1548 1430 1578 rite
1443 1547 1544 1577 latam
1558 1546 1816 1587 dampnabiliter

437 1591 646 1629 incurrerint,
664 1590 811 1628 ipsorum
828 1590 1009 1631 cujuslibet
1025 1592 1233 1622 contumacia
1249 1592 1401 1631 exigente
1419 1602 1426 1629 3
1450 1590 1551 1628 vobis,
1569 1593 1641 1627 etc.,
1661 1589 1812 1620 Auctori-

437 1638 507 1665 tate
531 1634 720 1674 Apostolica
743 1644 809 1674 qua
832 1634 1006 1672 fungimur
1028 1634 1062 1665 in
1086 1634 1147 1665 hac
1171 1638 1274 1675 parte,
1292 1635 1535 1665 committimus
1552 1636 1584 1664 et
1611 1633 1810 1664 mandamus

438 1678 596 1718 quatinus
621 1677 716 1717 ipsos,
741 1687 856 1707 omnes
879 1681 913 1708 et
944 1678 1089 1717 singulos
1113 1678 1349 1718 infrascriptos,
1374 1678 1429 1716 sie,
1455 1681 1494 1708 ut
1518 1676 1734 1717 premittitur,
1760 1686 1813 1706 ex-

437 1721 698 1752 communicatos
722 1731 741 1750 a
764 1720 858 1750 nobis
874 1721 977 1751 fuisse
1001 1725 1034 1751 et
1050 1732 1128 1759 esse,
1146 1722 1233 1752 sicut
1256 1725 1345 1758 sunt,
1363 1720 1581 1758 denuncietis,
1599 1724 1633 1750 et
1648 1719 1681 1750 in
1706 1722 1816 1750 vestra

440 1764 630 1795 Cathedrali
648 1763 782 1802 Exonie,
795 1764 872 1801 suis,
886 1767 920 1794 et
935 1764 1006 1794 aliis
1025 1764 1177 1795 Ecclesiis
1194 1764 1382 1802 convicinis,
1398 1764 1528 1794 tamdiu
1544 1763 1672 1793 faciatis
1689 1763 1816 1794 Diebus

439 1807 622 1838 Dominicis
645 1810 679 1836 et
696 1807 847 1844 FestiviS,
865 1807 951 1837 infra
975 1807 1153 1838 Missarum
1176 1808 1358 1848 solempnia
1383 1807 1490 1847 palam
1515 1810 1549 1837 et
1573 1806 1704 1846 publice
1728 1817 1813 1837 nun-

440 1851 526 1889 ciari,
544 1851 647 1881 donec
664 1850 893 1880 Absolucionis
911 1850 1107 1881 beneficium
1124 1851 1274 1890 optinere
1299 1850 1490 1888 meruerint,
1508 1853 1541 1880 et
1565 1850 1655 1880 aliud
1679 1860 1697 1879 a
1721 1849 1816 1880 nobis

439 1904 538 1934 super
561 1893 622 1924 hoc
646 1893 828 1923 habueritis
852 1893 885 1923 in
910 1893 1085 1924 mandatis.
1134 1895 1186 1932 Et,
1205 1894 1451 1931 nichilominus,
1471 1903 1585 1923 omnes
1609 1895 1644 1923 et
1667 1893 1815 1932 singulos

440 1937 680 1967 Beneficiorum
704 1946 847 1976 quorum
872 1937 1007 1966 nomina
1029 1937 1169 1967 inferius
1192 1937 1408 1968 continentur
1431 1937 1572 1974 fructus,
1596 1936 1756 1975 redditus,
1782 1940 1816 1967 et

442 1983 633 2020 proventus,
651 1983 820 2019 presentes
837 1983 871 2010 et
887 1984 1117 2019 proventuros,
1136 1990 1219 2020 quos
1236 1991 1294 2011 nos
1318 1981 1351 2011 in
1375 1980 1439 2010 hiis
1463 1979 1602 2019 Scriptis
1625 1984 1811 2019 sequestra—

441 2034 525 2062 mus,
543 2033 609 2061 vos,
627 2023 740 2060 eciam,
758 2023 982 2063 sequestretis,
999 2034 1035 2053 ac
1051 2023 1184 2054 realiter
1199 2023 1398 2064 sequestrari
1415 2026 1449 2053 et
1472 2023 1513 2053 ad
1537 2033 1656 2053 manus
1680 2023 1815 2053 Domini

441 2066 546 2097 nostri
563 2067 650 2106 Pape
667 2066 753 2106 poni,
771 2076 807 2097 ac
823 2067 886 2096 sub
910 2069 981 2096 arta
1005 2066 1175 2107 Sequestri
1199 2067 1350 2097 custodia
1373 2066 1479 2096 teneri
1503 2065 1656 2103 saciati&
1680 2076 1812 2106 seques-

441 2113 578 2149 trantes,
595 2110 623 2140 si
639 2109 789 2140 nondum
806 2109 934 2140 fuerint
949 2110 1160 2149 sequestrati,
1179 2121 1354 2150 quousque
1370 2110 1410 2140 de
1427 2109 1566 2140 summis
1589 2113 1624 2139 et
1647 2109 1814 2149 quantita-

441 2154 532 2184 tibus
549 2154 589 2183 de
607 2153 730 2183 eisdem
748 2152 918 2183 Beneficiis
935 2153 1122 2192 Apostolice
1140 2154 1276 2184 Camere
1293 2153 1416 2184 debitis
1433 2152 1535 2183 fuerit
1553 2152 1660 2182 eidem
1679 2153 1815 2183 Camere

441 2197 568 2237 integre
591 2196 800 2226 satisfactum
817 2206 824 2233 ;
850 2197 985 2234 moneri,
1003 2196 1116 2233 eciam,
1134 2197 1250 2236 primo,
1267 2197 1423 2234 secundo,
1442 2199 1477 2226 et
1499 2194 1579 2236 iij¹²¹0
1601 2206 1639 2225 ac
1663 2206 1811 2236 peremp-

441 2241 523 2270 ‘torie
547 2239 706 2270 facientes
729 2249 844 2269 omnes
867 2242 900 2269 et
923 2239 1070 2279 singulos
1097 2239 1243 2279 ipsorum
1272 2239 1511 2270 Beneficiorum
1542 2249 1740 2278 possessores
1763 2239 1815 2270 vel

441 2284 641 2320 detentores,
665 2292 723 2312 seu
747 2282 981 2312 Procuratores
1005 2283 1196 2321 eorundem,
1222 2293 1348 2314 necnon
1374 2282 1564 2322 Religiosos,
1589 2292 1732 2322 quorum
1757 2292 1812 2313 no-

443 2327 533 2357 mina
548 2326 651 2357 eciam
668 2329 702 2356 et
717 2335 847 2356 summe
864 2336 922 2365 per
938 2326 1024 2365 ipsos
1048 2325 1159 2356 debite
1183 2326 1321 2357 inferius
1345 2326 1590 2363 describuntur,
1608 2325 1641 2355 in
1666 2326 1814 2365 personis

442 2371 589 2410 ipsorum
607 2368 747 2410 propriis
764 2368 791 2398 si
808 2369 1022 2409 reperiantur,
1040 2368 1120 2399 alias
1135 2369 1168 2399 in
1186 2369 1333 2409 ipsorum
1352 2369 1522 2400 Beneficiis
1538 2378 1596 2399 seu
1612 2368 1787 2399 domiciliis
1804 2379 1812 2407 ;

441 2423 525 2454 quos
548 2423 616 2451 nos,
633 2412 746 2450 eciam,
764 2411 880 2452 primo,
897 2413 1050 2449 secundo,
1068 2416 1139 2450 etc.,
1157 2412 1357 2452 requirimus
1380 2416 1414 2442 et
1431 2422 1604 2442 monemus
1620 2412 1710 2451 quod
1727 2421 1814 2442 com-

442 2459 589 2497 pareant,
607 2459 641 2486 et
657 2458 845 2495 compareat
861 2465 976 2486 eorum
994 2454 1144 2496 quilibet,
1162 2465 1271 2486 eoram
1289 2456 1391 2494 nobis,
1408 2455 1443 2485 in
1468 2455 1574 2485 Domo
1598 2454 1814 2485 habitacionis

443 2503 563 2537 nostre,
583 2498 771 2536 Londoniis,
789 2502 909 2538 quarto
932 2499 985 2528 die
1008 2498 1158 2529 Juridico
1183 2502 1257 2538 post
1281 2499 1491 2537 Quindenam
1515 2497 1638 2528 Pasche
1661 2497 1811 2538 proximo

442 2543 602 2580 futuram,
627 2542 708 2572 dicti
732 2541 885 2572 videlicet
909 2551 1116 2581 possessoreS,
1134 2541 1333 2581 detentores,
1350 2545 1385 2573 et
1408 2544 1645 2581 procuratores,
1663 2542 1703 2572 de
1724 2551 1813 2571 sum-

443 2586 506 2616 mis
533 2596 589 2615 seu
618 2584 866 2625 quantitatibus
894 2585 1059 2624 predictis,
1088 2584 1221 2615 nomine
1253 2585 1342 2616 dicte
1375 2585 1536 2621 Camere3
1567 2584 1697 2623 prefati,
1726 2594 1811 2622 vero,

443 2628 597 2668 Religiosi
612 2632 647 2659 et
663 2627 763 2658 ceteri
786 2628 827 2657 de
852 2627 1140 2667 procuracionibus
1163 2638 1221 2667 per
1242 2628 1330 2668 ipsos
1353 2628 1448 2658 nobis
1471 2626 1601 2665 debitis,
1619 2630 1719 2667 prout
1743 2637 1812 2667 pre-

442 2671 541 2702 missa
563 2671 651 2711 ipsos
677 2674 881 2702 concernunt
904 2671 1125 2701 communiter
1148 2671 1199 2701 vel
1223 2671 1365 2710 divisim,
1383 2670 1477 2702 nobis
1501 2670 1645 2710 plenarie
1667 2670 1813 2701 satisfac-

443 2715 523 2752 turi,
543 2715 593 2744 vel
610 2724 723 2745 causas
746 2714 968 2751 racionabiles,
989 2714 1016 2744 si
1039 2723 1122 2753 quas
1139 2713 1292 2753 habeant,
1310 2713 1512 2755 proposituri
1534 2713 1566 2743 in
1591 2713 1696 2744 forma
1718 2713 1812 2754 juris,

442 2768 544 2797 quare
560 2758 601 2788 ad
624 2757 885 2788 satisfaccionem
902 2757 1098 2797 hujusmodi
1121 2757 1233 2787 debite
1256 2758 1441 2788 faciendam
1465 2756 1601 2786 minime
1624 2760 1811 2794 teneantur,

441 2800 504 2831 sub
527 2811 610 2840 pena
635 2800 997 2831 Excommunicacionis
1022 2799 1167 2840 Majoris‚
1184 2811 1284 2840 quam
1309 2801 1343 2832 in
1366 2801 1515 2841 ipsorum
1538 2799 1720 2839 singulares
1743 2809 1812 2839 per-

442 2854 547 2882 sonas,
575 2844 672 2884 culpa
696 2854 752 2875 seu
782 2852 873 2874 mora
899 2843 1081 2874 eorundem
1103 2844 1359 2884 precedentibus
1382 2844 1416 2875 in
1440 2844 1502 2875 hac
1529 2846 1633 2882 parte,
1657 2842 1813 2883 dictaque
