1987 3062
269 225 360 268 182

268 337 345 364 A.D.

270 371 344 397 1371.

268 405 332 431 Vol.

266 438 310 465 Π.

477 237 577 270 ΤΗΕ
612 236 852 271 REGISTER
887 238 946 270 OF
982 237 1158 270 BISHOP
1194 238 1594 272 BRANTYNGHAM.

424 340 579 372 Civitatis
610 344 644 372 et
675 341 821 372 Diocesis
852 341 988 380 Exonie,
1014 345 1048 372 et
1079 352 1192 372 earum
1224 341 1426 380 nominibus,
1454 346 1554 382 prout
1581 343 1615 372 in
1639 340 1802 381 Registris

422 385 544 415 nostris
568 385 722 415 seriosius
746 385 1011 423 conscribuntur,
1032 385 1065 415 in
1090 385 1199 416 rotulo
1216 385 1279 415 hiis
1302 396 1441 424 annexo,
1459 386 1522 415 snb
1545 386 1653 425 sigillo
1678 387 1802 422 nostro,

422 427 521 468 juxta
537 428 725 459 Literarum
739 431 923 459 vestrarum
939 429 1163 468 predictarum
1181 429 1380 468 exigenciam
1394 432 1428 459 et
1443 430 1610 467 effectum,
1632 428 1801 459 Excellen-

423 471 506 501 ciam
539 475 681 502 vestram
714 472 888 502 cerciorem
921 472 1059 502 facimus
1091 483 1148 511 per
1180 472 1364 502 Presentes
1415 472 1627 512 Majestatem
1658 474 1803 502 vestram

423 515 559 555 Regiam
583 518 755 545 conservet
778 515 971 546 Altissiinus
995 526 1053 555 per
1081 519 1232 556 tempora
1255 515 1456 556 prosperime
1490 516 1674 546 duratura!
1720 515 1807 545 Data

423 558 628 589 Farendonie
645 558 724 597 (sic).

378 611 686 648 12.--Pr0hibition
702 615 738 642 to
754 612 861 643 admit
883 615 918 643 to
942 612 1000 642 the
1025 612 1158 643 Church
1183 612 1217 642 of
1240 613 1515 650 SHEVIORE,—de
1533 611 1630 652 cujus
1654 612 1803 642 Advoca-

420 657 512 687 cioue
529 656 700 686 contencio
724 659 814 686 mota
831 659 890 694 est,
909 656 943 685 in
963 656 1062 686 Curia
1079 659 1202 693 nostra,
1223 656 1311 686 inter
1328 667 1387 686 nos
1411 659 1445 686 et
1470 656 1683 693 Edwardum,
1708 654 1801 685 Prin-

419 700 526 739 cipem
543 699 722 738 Aquitanie
737 703 773 729 et
790 699 915 736 VVallie,
932 700 1036 729 donec
1052 700 1238 730 discussum
1263 699 1367 730 fuerit
1383 700 1416 729 in
1434 699 1549 729 eadem
1568 698 1668 730 Curia
1686 702 1800 728 utrum

418 744 461 774 ad
478 753 537 773 nos
554 742 604 772 vel
621 743 662 772 ad
679 743 847 782 prefatum
865 743 1051 782 Principem
1069 743 1235 782 pertineat
1251 743 1402 783 ejusdem
1422 743 1566 773 Ecclesie
1583 741 1800 773 Advocacio.'’

419 786 582 816 —Tested
601 788 637 817 at
656 786 896 823 Westminster,
918 787 955 817 19
973 786 1073 817 June.

376 840 552 876 13.-Αἰιά
583 840 766 871 Ρ7·οῘιι’ὂι”σι”ο
797 851 893 880 super
922 840 1265 879 eodem,—Contencio
1297 844 1387 871 mota
1422 864 1428 872 .
1466 864 1472 871 .
1510 864 1515 870 .
1554 840 1643 870 inter
1674 850 1734 870 nos
1769 842 1803 869 et

419 884 584 915 Abbatem
601 883 642 914 de
659 883 846 923 Tavystoke
862 888 896 914 et
913 884 1153 923 Baldewynum
1166 885 1207 914 de
1226 884 1434 924 Langedone,
1452 884 1670 924 capellanum,
1687 883 1800 921 donec,

420 927 648 958 etc.—Tested
664 929 700 957 at
716 927 960 966 WVestminster,
979 928 1018 958 20
1037 928 1127 967 Sept.

375 981 683 1017 14.—Prohibiti0n
700 984 735 1011 to
753 981 859 1012 admit
876 986 911 1012 to
928 981 985 1011 the
1003 981 1136 1012 Church
1154 981 1187 1011 of
1211 982 1261 1012 ST.
1278 982 1371 1012 JOHN
1395 990 1432 1012 ΙΝ
1456 980 1794 1018 CORNWALL‚—Con-

418 1025 527 1056 tencio
550 1048 556 1055 .
583 1049 589 1055 .
616 1048 621 1055 .
647 1024 736 1055 inter
765 1035 824 1054 nos
855 1028 890 1055 et
920 1025 1133 1061 Edwardum,
1166 1025 1362 1064 Principem,
1396 1028 1469 1063 etc.,
1502 1028 1536 1055 et
1568 1024 1733 1054 Abbatem
1757 1024 1798 1053 de

418 1067 616 1108 Tavystoke,
634 1068 748 1105 donec,
768 1068 998 1099 etc.-—Tested
1016 1071 1050 1098 at
1066 1068 1312 1106 Westmiuster,
1331 1068 1370 1100 27
1389 1069 1473 1107 Aug.

376 1122 525 1159 15.—De
541 1122 738 1153 admittendo
759 1121 792 1153 T.
813 1124 952 1160 (erra‘oe
969 1122 1012 1152 ad
1031 1122 1339 1152 Archidiaconacum
1365 1122 1608 1153 cornubiensem
1634 1122 1692 1160 (see
1715 1132 1797 1161 page

420 1167 459 1197 18
483 1166 534 1196 for
558 1165 616 1196 the
640 1165 754 1195 earlier
778 1165 873 1203 Writ‚
891 1166 990 1196 dated
1017 1167 1055 1195 14
1074 1166 1145 1196 Oct.
1165 1176 1172 1203 3
1196 1165 1264 1195 also
1288 1176 1368 1205 page
1387 1166 1582 1203 49).—Cum
1609 1175 1668 1195 nos
1692 1175 1799 1204 nuper

417 1209 451 1239 in
477 1209 576 1240 Curia
598 1212 721 1246 nostra,
739 1219 848 1239 coram
873 1209 1071 1239 Justiciariis
1096 1209 1229 1247 nostris,
1256 1210 1343 1248 apud
1368 1208 1713 1246 westmonasterium,
1738 1219 1797 1248 per

420 1252 729 1283 Consideracionem
753 1251 904 1292 ejusdem
930 1252 1028 1283 Curie
1054 1255 1176 1290 nostre,
1201 1262 1487 1292 recuperassemus
1513 1262 1626 1282 versus
1650 1262 1716 1289 vos,
1742 1252 1799 1281 Ni-

418 1295 571 1326 cholaum
589 1296 629 1325 de
646 1295 865 1335 Nywentone,
882 1295 1047 1333 clericum,
1065 1299 1099 1325 et
1117 1296 1315 1335 Magistrum
1342 1296 1569 1326 Alexandrum
1593 1296 1635 1325 de
1659 1295 1796 1335 Nevyle,

417 1339 705 1369 Presentacionem
723 1342 871 1369 nostram
884 1339 923 1369 ad
943 1339 1259 1369 Archidiaconatum
1278 1339 1549 1377 Cornubieusem,
1564 1342 1746 1376 vacantem,
1765 1342 1799 1368 et

416 1383 457 1412 ad
474 1386 621 1412 nostram
640 1382 863 1412 Donacionem
881 1386 1097 1422 spectantem,
1116 1393 1173 1422 per
1188 1383 1276 1422 quod
1296 1382 1387 1412 vobis
1411 1382 1679 1413 mandaverimus
1697 1382 1795 1421 quod,

417 1436 482 1456 non
512 1425 666 1456 obstante
694 1425 928 1456 reclamacione
955 1429 1064 1456 vestra
1093 1429 1128 1456 et
1158 1426 1382 1465 predictorum
1411 1425 1563 1456 Nicholai
1589 1428 1624 1455 et
1648 1425 1799 1464 Magistri

418 1469 610 1506 Alexandri,
639 1469 680 1498 ad
708 1469 995 1499 Presentacionem
1027 1472 1174 1499 nostram
1199 1470 1240 1499 ad
1269 1469 1581 1499 Archidiaconatum
1611 1468 1799 1509 predictum

416 1513 569 1542 idoneam
608 1522 782 1552 personam
813 1513 1024 1549 admittatis3
1062 1523 1099 1542 ac
1130 1513 1343 1551 postmodum
1377 1513 1537 1542 Thomam
1567 1512 1607 1542 de
1640 1513 1796 1551 Orgrave,

417 1556 582 1593 clericum,
600 1555 641 1585 ad
661 1555 975 1586 Archidiaconatum
993 1556 1189 1595 predictum,
1208 1556 1333 1586 virtute
1357 1555 1616 1595 recuperacionis
1640 1555 1795 1595 predicte,

417 1599 681 1638 presentavimus
699 1609 706 1636 3
732 1599 824 1629 vobis
842 1599 1057 1639 supplicando
1075 1600 1163 1639 quod
1180 1599 1289 1638 ipsum
1308 1599 1469 1629 Thomam
1487 1600 1527 1628 ad
1546 1599 1797 1629 Archidiacona-

416 1645 490 1672 tuln
516 1642 703 1682 predictum
727 1642 951 1672 admitteretis
967 1666 974 1680 ,
1000 1653 1067 1680 vos,
1087 1648 1210 1679 tamen,
1230 1642 1331 1672 nichil
1355 1643 1432 1672 inde
1456 1642 1590 1681 fecistis,
1609 1653 1668 1672 nec
1692 1641 1798 1671 facere

419 1685 567 1723 curastis,
586 1688 624 1715 ut
641 1685 827 1725 accepimus
843 1696 851 1722 ;
876 1686 917 1715 de
933 1696 999 1725 quo
1016 1686 1302 1725 quamplurimum
1322 1686 1481 1716 miramur
1497 1689 1531 1715 et
1549 1685 1794 1725 perturbamur.

418 1729 464 1758 Et
493 1728 566 1758 ideo
598 1729 690 1758 vobis
721 1729 929 1765 mandamus,
961 1728 1048 1758 sicut
1078 1729 1173 1758 aliter
1205 1729 1296 1758 vobis
1328 1729 1569 1766 mandavimus,
1599 1728 1700 1767 quod,
1732 1738 1798 1758 non

418 1771 573 1801 obstante
597 1771 832 1802 reclamacione
857 1775 965 1801 vestra
989 1775 1023 1801 et
1047 1772 1272 1811 predictorum
1296 1771 1447 1802 Nicholai
1472 1776 1506 1801 et
1531 1772 1679 1811 Magistri
1699 1771 1793 1801 Alex-

417 1815 527 1852 andri,
542 1814 730 1853 predictum
747 1815 919 1853 Thomam,
933 1814 1087 1844 clericum
1106 1819 1268 1853 nostrum,
1286 1815 1327 1844 ad
1345 1814 1630 1845 Presentacionem
1648 1818 1796 1844 nostram

418 1858 616 1894 admittatis,
636 1857 686 1887 vel
703 1868 836 1888 causam
853 1858 895 1888 ob
912 1868 1011 1897 quam
1036 1858 1070 1888 id
1087 1868 1151 1887 non
1169 1858 1314 1888 feceritis
1337 1858 1418 1888 scire
1442 1858 1571 1888 faciatis
1595 1858 1795 1888 Justiciariis

423 1901 546 1931 nostris
577 1901 665 1941 apud
694 1901 1036 1939 westmonasterium,
1062 1901 1095 1931 in
1124 1901 1267 1932 crastino
1293 1901 1406 1932 Sancti
1434 1901 1579 1939 Martini,
1611 1901 1672 1931 hoc
1696 1902 1798 1931 Breve

420 1954 529 1974 coram
546 1944 703 1984 predictis
726 1944 926 1975 Justiciariis
949 1944 1072 1974 nostris
1095 1945 1183 1983 apud
1208 1945 1543 1975 Westmonasterium
1565 1945 1607 1974 ad
1630 1944 1798 1984 prefatum

420 1987 604 2061 izrlsshium
627 1987 1017 2018 remittentes.—-Tested
1041 1988 1084 2028 by
1111 1988 1161 2019 W.
1181 1988 1221 2017 de
1245 1987 1475 2028 Fynchedene,
1493 1991 1528 2017 at
1554 1987 1796 2025 Westminster,

511 2041 527 2061 c
546 2054 553 2062 .

379 2089 535 2126 16.-Ne
552 2090 718 2121 solvantur
737 2092 841 2130 primi
857 2089 993 2130 fluctus
1018 2090 1147 2121 Camere
1170 2091 1343 2131 Apostolice
1365 2090 1402 2122 de
1430 2089 1647 2121 Thesauraria
1670 2095 1698 2121 et
1723 2090 1798 2120 Pre-

423 2133 524 2164 benda
550 2135 585 2164 in
613 2133 750 2164 Ecclesia
775 2133 956 2172 Exoniensi,
986 2133 1109 2164 collatis
1142 2133 1185 2165 W.
1217 2135 1332 2173 Muqye
1360 2144 1418 2173 per
1449 2134 1626 2164 Dominum
1655 2138 1799 2164 nostrum

421 2176 686 2216 Re9e712.-—Licet
709 2177 808 2217 primi
832 2177 962 2207 fructus
988 2178 1028 2207 de
1053 2178 1224 2207 Beneficiis
1248 2177 1486 2208 Ecclesiasticis
1510 2178 1551 2208 ad
1577 2177 1798 2207 Donaciouem

420 2223 568 2251 nostram
584 2220 821 2260 spectantibus,
838 2221 879 2250 de
895 2221 1017 2260 quibus
1033 2220 1139 2251 clerici
1155 2221 1270 2259 nostri,
1285 2221 1410 2251 virtute
1434 2220 1727 2251 Presentacionum
1744 2230 1800 2250 seu

424 2263 652 2295 Collacionum
680 2266 869 2294 nostrarum
898 2265 943 2293 eis
973 2264 1051 2294 iude
1078 2264 1245 2294 factarum
1272 2264 1469 2294 Canonicam
1494 2264 1636 2294 assecuti
1659 2264 1800 2293 fuerunt

423 2307 672 2346 possessionem,
703 2307 744 2337 ad
777 2318 856 2337 usus
883 2307 1017 2337 Domini
1049 2307 1179 2337 Summi
1210 2307 1379 2337 Pontificis
1410 2307 1571 2337 hactenus
1604 2307 1710 2337 exacti
1734 2317 1800 2336 non

271 2349 323 2376 fol·
338 2349 381 2375 9b·
419 2350 559 2380 fuerunt
576 2361 634 2380 nec
649 2350 771 2384 soluti;
798 2361 866 2387 vos,
886 2350 1130 2387 nichilominus,
1148 2350 1294 2380 diversas
1317 2351 1456 2389 pecunie
1479 2360 1627 2380 summas
1651 2350 1692 2380 de
1715 2350 1798 2380 The-

424 2394 570 2424 sauraria
598 2394 632 2423 in
662 2393 805 2423 Ecclesia
831 2394 1019 2431 Exoniensi,
1051 2397 1085 2423 et
1114 2393 1283 2423 Prebenda
1308 2403 1410 2432 quam
1442 2393 1600 2432 Magister
1629 2393 1800 2424 Johannes

426 2437 574 2476 Leynam
601 2436 712 2467 tenuit
739 2436 773 2466 in
806 2437 950 2467 Ecclesia
978 2436 1133 2475 predicta,
1163 2447 1268 2476 nuper
1300 2436 1494 2466 vacantibus
1525 2440 1559 2466 et
1586 2437 1628 2466 ad
1652 2439 1798 2466 nostram

425 2480 650 2510 Donacionem
673 2480 912 2520 spectantibus,
937 2479 1065 2510 racione
1089 2479 1308 2519 Episcopatus
1333 2479 1528 2509 Exoniensis
1552 2482 1634 2509 tunc
1650 2479 1798 2509 vacantis

427 2526 459 2553 et
488 2523 521 2553 iu
547 2533 650 2554 manu
675 2526 789 2554 nostra
814 2523 998 2561 existentis,
1027 2533 1109 2562 quas
1136 2523 1278 2553 dilectus
1305 2522 1440 2553 clericus
1467 2525 1588 2560 noster,
1614 2522 1800 2553 WVillelmus

427 2566 557 2605 Mugge,
583 2566 641 2606 qui
663 2566 914 2596 Thesaurariam
938 2569 973 2596 et
1000 2566 1201 2596 Prehendam
1226 2565 1399 2605 predictas,
1424 2576 1463 2596 ex
1481 2565 1666 2597 Collacione
1689 2568 1801 2595 nostra

428 2609 529 2649 Regia
545 2609 607 2639 sibi
624 2613 705 2640 tunc
721 2609 798 2639 inde
814 2609 910 2647 facta,
927 2608 1088 2639 canonice
1104 2612 1155 2639 est
1171 2612 1349 2647 assecutus,
1362 2609 1401 2638 ad
1420 2619 1502 2648 opus
1520 2609 1654 2638 Domini
1671 2608 1802 2639 Summi

430 2652 600 2682 Pontificis
623 2652 754 2701 exigitis
779 2653 888 2682 minus
911 2652 1011 2692 juste,
1027 2652 1061 2682 in
1086 2655 1237 2682 nostrum
1263 2651 1485 2691 prejudicium
1503 2655 1538 2681 et
1554 2652 1748 2691 dampnum,
1766 2662 1802 2681 ac

429 2694 697 2734 depressionem
690 2696 793 2735 lpsius
810 2695 969 2726 willelmi
985 2698 1019 2725 et
1042 2695 1120 2725 dict·
1121 2706 1148 2724 ir
1153 2705 1207 2725 um
1232 2695 1380 2725 Thesaui
1382 2695 1447 2725 arie
1464 2698 1497 2725 et
1514 2695 1684 2724 Plebende
1701 2704 1733 2724 m
1737 2694 1803 2724 ani-

431 2737 561 2768 festam.
609 2739 687 2776 Nos,
705 2739 900 2778 hujusmodi
924 2738 1116 2778 piejudicio,
1140 2739 1294 2777 dampno,
1319 2741 1353 2767 et
1376 2738 1578 2778 depressioni
1601 2737 1742 2776 obviaiqe
1767 2747 1803 2767 ac

431 2780 627 2820 hujusmodi
644 2782 831 2811 exacciones
847 2791 949 2811 novas
965 2785 999 2812 et
1014 2781 1198 2819 insolitas,
1189 2791 1223 2811 ln
1241 2781 1323 2811 dicti
1338 2781 1443 2820 Regni
1459 2781 1565 2811 nostri
1581 2762 1803 2821 prejudicium

431 2823 610 2863 inchoatas,
627 2824 825 2864 restringere
841 2825 997 2862 volentes,
1012 2827 1112 2864 prout
1127 2825 1230 2862 decet,
1243 2824 1334 2854 vobis
1351 2825 1548 2854 mandamus
1561 2824 1651 2863 quod
1665 2824 1803 2863 Seques-
