1987 3062
466 301 752 336 REGISTRUM
780 301 1235 336 COMMUNE—ANNO
1265 292 1356 336 13⁰.
1570 290 1662 335 489

127 405 201 430 AD.
240 408 399 446 Thomas,
417 415 481 439 etc.
501 407 802 448 [Archidiaconis]
823 409 963 447 Exonie,
980 413 1056 446 etc.‚
1074 412 1109 439 et
1127 419 1246 439 eorum
1265 408 1486 446 Officialibus,
1501 408 1660 445 salutem,

125 440 227 464 1382-3.

129 472 187 497 Vol.
211 475 231 498 1.

281 453 554 483 etcffiClamosa
571 454 824 491 fidedignorum
841 454 1077 484 insinuacione
1095 453 1138 483 ad
1155 456 1313 482 nostrum
1328 453 1485 492 pervenit
1503 453 1661 482 auditum

281 497 372 536 quod
388 498 544 527 nonnulli
561 498 829 528 elemosinarum
847 501 1035 537 questores,
1052 497 1145 527 infra
1162 500 1300 527 nostras
1318 497 1505 527 Civitatem
1530 500 1564 526 et
1583 497 1660 527 Dio-

282 541 387 570 cesim
416 542 556 579 Exonie,
583 542 617 571 in
643 542 867 571 multitudine
891 542 1077 579 excessiva,
1102 541 1286 577 abusiones
1310 541 1423 571 varias
1448 541 1661 571 seminantes

282 585 394 615 colore
412 586 609 616 L'iterarum
634 587 795 616 fictarum
820 596 880 615 seu
903 586 1121 623 falsatarum,
1139 596 1208 615 non
1234 585 1306 615 sine
1324 586 1432 615 multe
1450 585 1661 615 temeritatis

281 629 426 659 audacia
443 632 478 659 et
495 630 701 669 decept-ione
718 630 900 669 multiplici
918 630 1124 667 animarum,
1142 629 1389 668 Indulgencias
1412 629 1539 668 populo
1563 632 1661 659 motu

283 683 344 703 suo
368 674 507 712 proprio
531 674 572 704 de
597 674 692 704 facto
718 674 923 712 concedunt,
952 684 1055 713 super
1082 674 1172 703 votis
1198 674 1412 713 dispensant,
1441 684 1461 703 a
1486 673 1659 713 perjuriis,

282 717 486 756 homicidiis,
509 721 544 748 et
571 718 723 757 peccatis
748 719 824 748 aliis
852 718 1046 755 absolvunt,
1074 718 1164 747 male
1190 718 1308 747 ablata
1338 717 1473 747 incerta
1501 718 1584 747 data
1612 717 1661 747 eis

282 761 396 801 aliqua
412 763 557 801 pecunie
574 763 770 802 quantitate
788 762 988 800 remittunt,
1003 766 1037 792 et
1051 762 1185 791 animas
1201 764 1387 800 parentum
1398 762 1452 791 vel
1469 762 1661 791 amicorum

282 805 419 835 illorum
437 807 494 845 qui
511 807 718 837 elemosinas
735 807 783 836 eis
800 806 985 836 conferunt
997 806 1038 836 de
1051 806 1267 844 Purgatorio,
1285 808 1323 835 ut
1341 809 1502 836 asserunt
1520 806 1659 836 menda-

282 849 378 885 citer,
396 850 595 888 extrahunt,
613 854 648 880 et
665 851 713 880 sic
730 854 764 880 et
782 851 867 880 alias
884 860 946 889 per
962 850 1128 880 nonnulla
1145 850 1270 879 frivola
1283 854 1318 879 et
1330 850 1512 880 mendacia
1523 854 1661 880 nostros

282 894 439 924 subditos
455 894 642 933 decipiunt,
668 898 701 924 et
727 895 769 924 ab
794 895 843 924 eis
867 904 1014 933 magnas
1038 894 1263 933 pecuniarum
1282 904 1436 923 summas
1453 897 1661 933 extorquent

282 938 399 967 subtili
427 938 567 977 ingenio
595 939 637 968 ab
664 939 805 970 eisdem,
830 939 867 967 in
891 939 1087 968 animarum
1112 948 1254 967 suarum
1279 948 1384 977 grave
1409 938 1601 977 periculum
1626 942 1661 968 et

283 983 485 1012 scandalum
511 983 749 1022 plurimorum.
808 983 924 1019 Vobis,
950 983 1068 1021 igitur,
1098 982 1360 1019 committimus,
1393 986 1468 1019 etc.‚
1497 983 1661 1021 quatinus

282 1026 441 1056 omnibus
463 1027 601 1057 Curatis
617 1030 652 1057 et
669 1027 745 1056 aliis
770 1026 918 1056 subditis
941 1027 1070 1056 nostris
1093 1026 1280 1056 inhibeatis
1304 1030 1338 1055 et
1356 1026 1505 1056 inhiberi
1522 1026 1662 1056 faciatis

281 1080 322 1100 ex
339 1073 437 1109 parte
455 1075 584 1108 nostra,
602 1071 694 1100 infra
712 1071 1025 1101 Archidiaconatus
1042 1074 1177 1101 vestros
1200 1071 1410 1105 constitutis,
1428 1074 1600 1110 quatenus
1617 1071 1661 1100 ad

282 1118 436 1144 vestrum
455 1115 608 1154 singulos
626 1115 752 1145 attinet
769 1115 804 1144 in
822 1115 886 1144 hac
903 1118 1013 1153 parte,
1030 1115 1176 1153 publice,
1195 1117 1267 1144 tam
1286 1115 1320 1143 in
1336 1115 1506 1153 Capitulis
1523 1125 1584 1154 per
1601 1125 1661 1144 vos

282 1159 498 1189 celebrandis
514 1170 617 1199 quam
635 1159 716 1189 alibi
734 1159 792 1188 ubi
809 1159 995 1198 expediens
1012 1169 1086 1189 esse
1104 1158 1270 1196 videritis,
1283 1169 1325 1188 ne
1342 1159 1447 1198 aliqui
1462 1159 1661 1198 hujusmodi

281 1203 512 1242 questoribus,
537 1206 654 1233 nostre
681 1203 884 1233 Exoniensis
910 1203 1060 1233 Ecclesie
1085 1203 1269 1232 dumtaxat
1293 1203 1456 1242 exceptis,
1481 1203 1546 1232 nisi
1571 1204 1660 1242 Apo-

283 1247 421 1277 stolicas
438 1247 648 1277 sufficientes
665 1248 719 1277 vel
736 1251 874 1277 nostras
892 1247 1036 1281 Literas,
1055 1257 1161 1276 manu
1178 1250 1213 1277 et
1230 1247 1421 1276 munimine
1439 1247 1568 1276 nostris
1585 1257 1660 1286 pro-

283 1291 367 1329 priis
384 1291 447 1321 sub
463 1292 553 1330 plica
569 1292 758 1322 earundem
777 1292 943 1330 signatas,
960 1301 1029 1321 una
1047 1301 1125 1321 cum
1143 1291 1370 1330 impressione
1387 1291 1481 1321 anuli
1499 1292 1609 1321 nostri
1626 1291 1661 1320 in

284 1335 385 1365 dorso
402 1335 505 1374 sigilli
524 1336 649 1366 Literis
666 1335 866 1375 hujusmodi
883 1335 1042 1374 appositi,
1055 1338 1217 1374 patenter
1230 1335 1460 1373 exhibuerint,
1475 1336 1660 1374 quomodo-

283 1378 367 1408 libet
384 1379 585 1409 admittant.
634 1380 678 1409 Et
695 1380 730 1408 in
747 1390 829 1409 casu
845 1390 912 1418 quo
928 1379 1148 1418 Apostolicas
1164 1380 1218 1409 vel
1235 1385 1373 1409 nostras
1391 1379 1525 1409 Literas
1542 1379 1660 1419 hujus-

284 1423 377 1452 modi
388 1424 490 1453 modo
501 1434 567 1462 quo
580 1424 796 1462 premittitur
808 1423 1027 1453 exhibuerint
1042 1423 1262 1460 sufficienter,
1271 1423 1320 1453 eis
1331 1423 1480 1453 inhiberi
1492 1424 1660 1461 volumus,

284 1467 372 1496 sicut
390 1470 424 1497 et
442 1470 561 1497 tenore
580 1468 801 1497 Presencium
826 1467 1032 1504 inhibemus,
1058 1477 1100 1497 ne
1125 1467 1206 1506 quid
1230 1467 1356 1506 populo
1381 1467 1480 1497 nobis
1504 1468 1662 1507 subjecto

283 1511 471 1549 predicare,
497 1514 557 1541 aut
585 1511 678 1541 aliud
703 1521 874 1550 exponere
898 1514 1102 1550 presumant
1126 1521 1229 1550 quam
1255 1511 1454 1541 continetur
1476 1511 1512 1540 in
1537 1512 1662 1542 Literis

285 1555 503 1594 supradictis.
551 1555 605 1593 Et,
624 1556 651 1585 si
669 1555 883 1585 contrarium
900 1555 1058 1592 fecerint,
1085 1555 1219 1585 Literas
1244 1558 1381 1585 nostras
1406 1555 1455 1585 eis
1479 1566 1669 1588 concessas,

283 1599 318 1628 in
336 1599 400 1629 hac
416 1602 527 1638 parte,
544 1600 597 1629 vel
615 1600 649 1629 in
666 1602 845 1638 posterum
870 1599 1118 1635 concedendas,
1142 1599 1216 1638 ipso
1240 1599 1335 1629 facto
1359 1610 1476 1629 carere
1501 1600 1661 1630 volumus

283 1643 376 1672 omni
394 1644 515 1673 robore
532 1643 720 1680 firmitatis,
738 1647 803 1674 etc.
852 1643 896 1673 Et
913 1643 994 1682 quid
1011 1643 1176 1681 feceritis,
1188 1646 1264 1681 etc.‚
1282 1643 1482 1673 certificetis
1499 1654 1571 1682 nos,
1583 1648 1659 1682 etc.‚

282 1687 370 1717 citra
387 1687 604 1725 Quindenam
623 1688 764 1724 Pasche,
782 1690 847 1717 etc.
869 1686 1032 1727 (without
1050 1686 1160 1726 date).

236 1746 589 1784 Milton-Damarel
608 1760 616 1792 3
647 1746 858 1783 ledat-ascio
879 1746 1146 1794 ›S'equest›·i‚—

237 1801 396 1839 Thomas,
414 1805 490 1839 etc.‚
517 1802 660 1832 Officiali
686 1804 802 1832 nostre
822 1801 1010 1832 Peculiaris
1033 1802 1294 1831 Jurisdiccionis
1319 1802 1353 1831 111
1380 1803 1544 1839 Devonia,
1570 1803 1658 1833 salu-

281 1848 362 1883 tem,
380 1846 581 1884 etcfiQuia
598 1856 660 1875 nos
679 1846 902 1885 Sequestrum
921 1846 1006 1876 alias
1022 1846 1058 1875 in
1083 1846 1182 1875 bonis
1206 1856 1271 1885 que
1296 1847 1465 1876 Dominus
1486 1847 1659 1877 lValterus

281 1890 522 1927 lVollecombe,
549 1891 675 1920 Rector
699 1891 782 1919 dum
806 1890 892 1920 vixit
918 1890 1069 1920 Ecclesie
1096 1890 1307 1919 Parochialis
1332 1891 1373 1920 de
1399 1891 1543 1921 Miltone
1569 1892 1658 1921 Dau-

280 1934 399 1969 marle,
424 1934 633 1965 auctoritate
658 1937 778 1964 nostra
802 1934 1058 1973 interpositum,
1084 1939 1156 1963 tam
1181 1934 1320 1973 propria
1343 1945 1447 1974 quam
1480 1935 1659 1965 Prioratus

282 1978 515 2008 Tottoniensis
533 1979 693 2017 optinuit,
711 1979 815 2008 certis
832 1989 873 2008 ex
890 1979 1002 2008 causis
1020 1978 1180 2008 duximus
1205 1979 1442 2015 relaxandum,
1461 1979 1549 2009 sicut
1574 1980 1660 2009 illud

280 2027 399 2052 tenore
418 2023 641 2053 Presencium
665 2023 871 2059 relaxamus,
889 2022 985 2052 vobis
1003 2022 1254 2052 committimus
1271 2027 1306 2052 et
1324 2023 1532 2053 mandamus
1548 2024 1659 2062 quati-

280 2077 345 2096 nus
361 2066 518 2106 ejusdem
532 2067 707 2106 Sequestri
720 2067 973 2097 relaxacionein
988 2076 1049 2106 pro
1062 2067 1224 2105 congruis
1238 2067 1311 2096 loc'o
1325 2070 1359 2096 et
1373 2070 1528 2106 tempore
1544 2068 1659 2097 debite

280 2110 473 2149 publicetis,
491 2114 556 2141 etc.
577 2110 740 2150 (without
758 2110 868 2150 date).

130 2164 150 2188 F
154 2172 201 2188 ΕΒ·
236 2163 700 2214 LettersDimissorffl—

127 2205 220 2223 RUAR-

128 2239 184 2256 105.

126 2265 171 2290 fol.

127 2298 203 2324 104b.

234 2219 384 2249 Thomas
400 2220 586 2259 WVyndout,
604 2220 707 2257 clerk,
727 2219 743 2232 “
756 2219 800 2249 ad
817 2229 936 2249 omnes
954 2222 1026 2249 tani
1046 2219 1196 2250 Minores
1212 2229 1316 2259 quam
1336 2219 1459 2250 Sacros
1482 2220 1629 2250 Ordines
1641 2220 1658 2232 ’'

285 2263 386 2303 (East
404 2264 563 2303 Horsley,
584 2265 622 2293 13
642 2262 752 2302 Feb).

237 2322 336 2359 Case
355 2322 396 2359 of
414 2323 565 2359 assault
583 2335 591 2368 ;
614 2322 764 2359 Contra
786 2321 988 2358 inici-entes
1010 2335 1152 2358 manus
1172 2321 1361 2358 violentas
1377 2322 1421 2358 in
1437 2322 1660 2360 Johannem

291 2376 493 2422 Calestelce,
510 2376 780 2424 presbiterum,
790 2399 834 2403 —

238 2432 397 2469 Thomas,
427 2434 503 2467 etc.,
533 2431 677 2462 Officiali
703 2434 820 2461 nostre
847 2430 1035 2461 Peculiaris
1066 2431 1327 2461 Jurisdiccionis
1353 2431 1389 2460 111
1416 2431 1590 2462 Cornubia
1619 2443 1659 2463 30

283 2476 454 2515 Perpetuo
471 2476 609 2506 Vicario
627 2475 779 2506 Ecclesie
803 2474 1014 2505 Parochialis
1040 2475 1159 2504 Sancti
1185 2475 1352 2513 Gluviaci,
1370 2476 1530 2513 salutem,
1548 2479 1659 2507 etc.—

282 2520 525 2550 Insinuacione
557 2512 738 2557 fidedignas
762 2519 914 2549 clamosa
945 2519 1103 2548 dolenter
1128 2519 1348 2558 concepimus
1378 2520 1471 2559 quod
1502 2521 1658 2550 nonnulli

282 2564 391 2593 nostri
417 2564 556 2602 subditi,
575 2574 721 2603 quorum
746 2563 886 2592 nomina
911 2566 946 2592 et
970 2572 1135 2601 personas
1159 2563 1298 2602 penitus
1322 2564 1534 2602 ignoramus,
1553 2575 1656 2604 quen-

282 2608 363 2637 dam
378 2608 574 2638 Johannem
593 2607 785 2643 Calesteke,
802 2607 1045 2646 presbiterum,
1063 2609 1098 2636 et
1115 2607 1151 2636 in
1167 2607 1383 2646 possessione
1402 2608 1658 2638 Presbiteratus

282 2652 416 2681 notorie
448 2652 667 2687 existentem,
699 2651 925 2690 habitumque
958 2655 993 2680 et
1024 2654 1205 2680 tonsuram
1237 2651 1482 2690 presbiterales
1521 2652 1657 2691 publice

282 2698 472 2734 gerentem,
490 2696 581 2735 apud
606 2695 733 2725 Villam
758 2695 799 2725 de
827 2695 975 2733 Penryn⁷
1003 2694 1039 2723 111
1063 2704 1145 2724 03511
1169 2695 1217 2724 015
1242 2705 1262 2724 3
1285 2695 1361 2734 jure
1386 2705 1455 2725 non
1479 2696 1657 2734 permisso,

283 2742 459 2778 ceperunt,
477 2743 511 2769 et
529 2750 618 2776 eum,
637 2750 706 2769 non
731 2739 858 2778 absque
884 2748 1051 2768 manuum
1075 2738 1307 2768 violentarum
1333 2739 1534 2779 injece-ione,
1553 2740 1656 2770 duxe-

281 2786 373 2821 runt,
390 2793 452 2822 per
468 2783 595 2813 Villam
612 2783 816 2822 predictam,
835 2782 878 2812 ad
894 2782 1069 2821 quandam
1087 2782 1233 2812 Crucem
1250 2783 1285 2812 111
1303 2783 1358 2812 via
1374 2783 1512 2822 publica
1528 2784 1657 2814 ibidem

281 2830 444 2865 erectam,
462 2838 501 2857 30
518 2827 631 2866 ipsum
656 2827 700 2856 ad
723 2827 870 2857 eandem
894 2826 1132 2856 inhumaniter
1154 2830 1189 2856 et
1214 2826 1426 2857 horribiliter
1448 2827 1656 2866 ligaverunt,

281 2871 317 2900 in
343 2871 539 2901 animarum
564 2881 705 2901 suarum
730 2880 836 2910 grave
863 2870 1056 2910 periculum
1081 2870 1232 2910 dictique
1257 2871 1441 2910 presbiteri
1466 2871 1657 2911 dampnum
