1987 3062
321 219 413 262 194
517 228 616 261 ΤΗΕ
652 227 897 261 REGISTER
931 227 991 260 OF
1026 226 1201 260 BISHOP
1236 225 1641 260 BRANTYNGHAM.

316 320 392 358 AssD·
426 334 544 366 Frater
559 332 757 373 Radulphus
774 332 956 370 Shalfham,
981 332 1143 372 indigena,
1169 332 1262 363 Prior
1284 332 1326 363 de
1350 331 1555 372 Carsewylle,
1580 331 1712 372 optinet
1736 329 1846 361 Eccle-

316 365 423 424 {73313'4
470 377 552 407 siam
569 377 609 407 de
626 376 828 407 Holecombe
852 375 970 413 Rokes,
998 376 1054 416 qui
1079 376 1244 406 incumbit
1269 376 1372 406 Priori
1396 379 1431 406 et
1454 375 1644 407 Conventui
1667 375 1709 405 de
1732 374 1847 404 Monte

320 432 360 458 11,
375 419 381 424 '
471 423 577 458 acuto,
603 423 637 450 et
660 430 727 450 non
750 419 874 450 residet
889 419 923 449 in
941 419 1055 449 eadem
1072 430 1080 456 ;
1105 418 1202 459 cujus
1219 419 1349 450 fructus
1371 422 1404 450 et
1420 422 1603 459 proventus
1620 417 1724 449 annui
1740 427 1774 448 se
1792 427 1845 447 ex-

468 464 616 494 tendunt
632 463 673 494 ad
689 463 780 500 xxlz'„
802 468 836 493 et
851 462 1000 502 optinuit
1016 462 1145 492 circiter
1161 473 1218 501 per
1235 462 1278 503 vij
1297 473 1410 494 annos.

427 507 522 540 Prior
538 506 708 537 Prioratus
725 506 765 536 de
783 506 959 537 Ottertone
975 509 1115 546 occupat
1132 506 1310 536 Ecclesiam
1327 506 1368 536 de
1392 505 1631 545 Sydemouthe,
1649 503 1768 535 valoris
1791 513 1848 543 per

470 560 597 581 annum
614 551 693 580 xxli.
754 549 848 587 [This
866 548 980 588 Priory
997 559 1062 579 was
1076 552 1195 579 vacant
1211 549 1270 588 (see
1286 559 1366 589 page
1383 546 1463 589 32)].

428 595 523 626 Idem
539 596 679 633 occupat
697 592 876 623 Ecclesiam
893 592 934 622 de
951 592 1138 629 Ottertone,
1157 592 1275 623 valoris
1291 603 1350 633 per
1365 602 1491 622 annum
1509 591 1588 623 xxli.

428 638 522 669 Idem
539 639 678 676 occupat
694 636 873 666 Ecclesiam
890 636 931 666 de
948 636 1164 676 Herpeforde,
1184 636 1303 666 valoris
1321 646 1377 676 per
1394 645 1519 666 annum
1539 635 1590 666 Os.

429 682 523 713 Idem
540 680 671 720 optinet
688 679 867 710 Ecclesiam
885 679 926 709 de
942 679 1169 718 Yartecombe,
1189 679 1307 710 valoris
1324 689 1382 719 per
1397 688 1524 709 annum
1541 679 1621 710 xxli.

428 724 522 756 Prior
550 723 591 753 de
624 723 747 753 Lodres
777 722 909 762 optinet
936 723 1115 753 Ecclesiam
1143 723 1185 753 de
1212 722 1412 761 Axemuthe,
1439 722 1606 753 valentem
1637 731 1695 761 per
1722 728 1849 751 annum

472 766 603 798 xxiii'lzss.

428 777 636 841 -Domjinus
651 809 757 839 Adam
770 809 1011 848 Hertyngdone
1027 812 1166 850 occupat
1182 809 1320 840 eandem
1334 808 1523 848 Ecclesiam,
1538 808 1736 839 auctoritate
1749 806 1850 846 Regia

472 857 511 885 ut
538 853 673 891 dicitur,
703 856 737 883 et
767 852 941 891 occupavit
971 863 990 882 a
1021 853 1119 883 Festo
1149 852 1345 883 Nativitatis
1370 852 1484 884 Sancti
1511 853 1532 884 J
1535 851 1673 883 ohannis
1699 850 1850 890 Baptiste

471 897 620 937 proximo
637 896 806 936 preterito.
853 895 930 934 [His
947 895 1148 926 Institution
1165 896 1193 927 is
1210 899 1270 927 not
1285 896 1469 935 recorded]

427 941 546 973 Frater
562 940 733 971 Gilbertus
750 939 892 979 Belywo,
912 939 1004 969 Prior
1019 939 1060 970 de
1077 939 1248 980 Modbery,
1266 939 1398 979 optinet
1414 938 1595 970 Ecclesiam
1612 938 1652 968 de
1678 937 1848 976 Modbery,

470 984 636 1014 valentem
653 993 712 1022 per
729 992 854 1012 annum
871 981 949 1012 xxlz'.

427 1027 517 1057 —Et
533 1027 621 1057 idem
640 1026 731 1056 Prior
748 1025 855 1056 eidem
873 1025 1037 1056 Prioratui
1054 1036 1111 1065 per
1127 1026 1311 1056 triennium
1327 1025 1553 1056 incumbebat.

427 1070 522 1102 Prior
538 1070 579 1100 de
597 1069 710 1099 Monte
727 1072 834 1105 acuto,
846 1068 942 1108 cujus
958 1079 1079 1099 nomen
1096 1069 1287 1108 ignoramus
1300 1079 1337 1099 eo
1348 1069 1438 1109 quod
1455 1079 1521 1099 non
1536 1067 1660 1098 residet
1673 1067 1707 1098 in
1721 1065 1852 1097 Diocesi

470 1116 593 1150 nostra,
626 1112 765 1152 percipit
795 1112 836 1142 ab
867 1112 1012 1142 Ecclesia
1041 1113 1083 1142 de
1114 1113 1343 1152 Ermyngtone
1375 1112 1564 1152 porcionem
1596 1111 1762 1142 valentem
1794 1119 1852 1150 per

472 1166 598 1187 annum
615 1155 684 1187 xlci.

429 1200 523 1231 Idem
540 1199 671 1239 optinet
687 1198 866 1229 Ecclesiam
883 1198 924 1228 de
941 1198 1167 1237 Monkeleghe,
1186 1198 1304 1229 valoris
1321 1208 1378 1238 per
1394 1208 1530 1236 annum,
1548 1208 1592 1228 xx
1609 1207 1706 1228 marc.

428 1244 518 1273 -Et
533 1243 644 1273 dictus
661 1242 754 1272 Prior
771 1252 836 1272 uon
853 1241 985 1280 residet,
999 1245 1050 1272 set
1060 1241 1160 1272 habet
1176 1242 1343 1282 quendam
1360 1241 1523 1272 Thomam
1538 1241 1636 1279 Brok,
1650 1240 1850 1280 indigenam,

472 1287 724 1316 Procuratorem
741 1295 840 1315 suum
859 1295 865 1321 ;
889 1288 924 1315 et
940 1285 1114 1325 occupavit
1131 1296 1187 1325 per
1206 1285 1389 1316 triennium
1406 1285 1541 1315 nomine
1557 1284 1791 1324 procuratorio,

432 1330 548 1361 Frater
564 1330 712 1369 Rogerus
730 1329 831 1368 Capy,
849 1328 941 1359 Prior
957 1329 1215 1369 Barnastapolie,
1233 1331 1374 1369 occupat
1390 1328 1570 1358 Ecclesiam
1595 1326 1851 1367 Barnastapolie,

471 1373 638 1403 valentem
655 1383 712 1412 per
727 1382 854 1402 annum
879 1372 933 1403 CC
950 1382 1048 1403 marc.

430 1417 519 1447 -Et
534 1416 658 1446 residet
673 1416 707 1446 in
732 1416 847 1446 eodem
872 1415 1035 1454 Prioratu,
1053 1418 1087 1446 et
1110 1415 1326 1446 incumbebat
1349 1415 1456 1446 eidem
1481 1414 1647 1446 Prioratui
1670 1424 1729 1454 per
1751 1413 1855 1454 xxij⁰³

473 1470 589 1490 annos.

431 1503 547 1534 Frater
563 1503 583 1533 J
588 1503 733 1532 ohannes
750 1501 882 1540 Volant,
903 1501 997 1533 Prior
1013 1502 1053 1532 de
1070 1502 1185 1532 Monte
1201 1502 1315 1533 Sancti
1333 1501 1512 1541 Michaelis,
1528 1502 1660 1542 optinet
1674 1500 1854 1532 Ecclesiam

475 1546 589 1577 Sancti
607 1546 746 1584 Hanrii,
765 1545 930 1576 valentem
947 1556 1005 1586 per
1021 1556 1147 1576 annum
1165 1546 1175 1576 l
1192 1556 1290 1577 marc.
1308 1550 1335 1577 et
1351 1547 1429 1577 dim.

433 1590 528 1621 Idem
552 1590 683 1630 optinet
707 1589 887 1619 Ecclesiam
911 1589 952 1619 de
977 1589 1127 1620 Moreske
1151 1589 1211 1628 [Sc.
1232 1589 1403 1628 Olemenffls,
1427 1599 1507 1620 ‘near
1533 1587 1663 1627 Truro],
1687 1587 1854 1618 valentem

474 1643 533 1673 per
549 1642 676 1663 annum
693 1643 737 1663 xx
753 1642 849 1663 marc.
872 1632 930 1672 vjs.
948 1632 1018 1672 vjd.

433 1676 529 1707 Idem
553 1676 685 1716 optinet
716 1675 885 1716 Capellam
909 1675 1022 1707 Sancti
1046 1675 1214 1706 Michaelis
1241 1676 1275 1707 in
1300 1676 1425 1715 Monte,
1451 1675 1617 1706 valentem
1645 1685 1702 1715 per
1729 1683 1854 1704 annum

478 1719 573 1759 xxiiij
599 1729 694 1750 marc.
712 1719 774 1759 iijs.
792 1719 858 1749 ixd.

433 1763 596 1793 —Dictus
613 1762 715 1800 Prior,
733 1772 810 1792 cum
826 1762 957 1792 duobus
974 1762 1156 1800 Monachis‚
1176 1762 1298 1793 residet
1314 1762 1346 1793 in
1365 1763 1455 1793 dicto
1473 1762 1636 1792 Prioratn.

436 1806 553 1836 Frater
580 1805 766 1836 Willelmus
790 1805 831 1835 de
855 1805 885 1835 la
909 1805 1013 1845 Haye,
1043 1805 1135 1835 Prior
1158 1806 1199 1836 de
1222 1806 1492 1846 Tywardraythe,
1518 1805 1650 1845 optinet
1676 1803 1855 1834 Ecclesiam

478 1849 592 1880 Sancti
609 1848 749 1886 Austoli,
767 1848 934 1878 valentem
952 1859 1009 1888 per
1031 1859 1157 1879 annum
1175 1849 1219 1880 lli.
1238 1849 1300 1889 iijs.
1322 1849 1375 1879 vd.

434 1892 529 1923 Idem
553 1892 683 1932 optinet
708 1891 875 1931 Capellam
899 1891 940 1921 de
965 1891 1154 1922 Landrethe
1179 1890 1256 1932 [i.e.,
1283 1892 1324 1923 St.
1355 1892 1468 1931 Blaeey
1481 1904 1493 1928 ;
1531 1891 1604 1922 then
1635 1901 1655 1920 a
1680 1889 1856 1920 Parockiac

480 1935 638 1974 Okapelry
661 1934 838 1974 dependent
860 1945 900 1964 on
924 1934 968 1965 St.
991 1935 1111 1966 Austell
1123 1947 1137 1971 ,·
1159 1945 1228 1966 now
1250 1946 1270 1965 a
1294 1934 1585 1973 Parislc-OlzurchL
1611 1934 1776 1965 valentem
1801 1943 1858 1973 per

480 1988 606 2009 annum
623 1979 678 2008 xli.
696 1978 746 2018 ijs.
766 1977 836 2018 iijd.

437 2021 532 2053 Idem
548 2021 678 2061 optinet
696 2021 875 2051 Ecclesiam
891 2020 932 2050 de
949 2021 1058 2061 Fawy,
1076 2021 1243 2052 valentem
1259 2032 1317 2062 per
1332 2031 1459 2052 annum
1476 2032 1541 2052 xxv
1559 2031 1656 2051 marc.

437 2065 531 2096 Idem
555 2064 685 2104 optinet
709 2064 888 2095 Ecclesiam
911 2064 953 2094 de
975 2064 1245 2106 Tywardraythe,
1275 2065 1441 2096 valentem
1466 2075 1524 2105 per
1546 2074 1673 2095 annum
1696 2062 1775 2094 xxli.
1793 2061 1854 2103 iijs.

481 2107 573 2139 vii‘cl.

438 2119 537 2182 Ideni
551 2151 682 2191 optinet
699 2150 868 2190 Capellam
892 2150 1006 2181 Sancti
1031 2151 1220 2191 Sampsonis
1236 2150 1296 2190 [St.
1311 2152 1500 2192 Sampwn's,
1518 2162 1553 2182 or
1577 2150 1694 2182 Golant
1705 2160 1719 2186 ,·
1742 2148 1815 2180 then
1838 2159 1858 2178 a

483 2194 658 2225 Parockial
687 2193 845 2234 Chapelry
871 2193 1048 2234 dependent
1073 2205 1113 2225 on
1145 2193 1372 2235 Tywardreach
1385 2207 1400 2231 ‚·
1424 2205 1492 2226 now
1516 2206 1537 2226 a
1565 2191 1857 2231 Parish-OlzurckJ,

482 2238 647 2269 valentem
664 2248 722 2277 per
737 2247 864 2268 annum
886 2237 942 2269 xli.
962 2237 1034 2278 iiijs.
1055 2238 1126 2278 iijd.

329 2281 375 2307 fol.
388 2280 431 2307 7b·
443 2281 538 2312 Idem
555 2281 685 2321 optinet
702 2280 882 2311 Ecclesiam
899 2281 939 2311 de
956 2281 1152 2321 Lanlyvery,
1170 2281 1335 2311 valentem
1353 2292 1412 2321 per
1427 2292 1553 2312 annum
1570 2279 1664 2321 xlei.
1684 2279 1734 2320 ijs.

439 2325 534 2356 Idem
549 2324 679 2364 optinet
693 2324 860 2364 Capellam
877 2323 918 2354 de
929 2324 1112 2355 Luxsulian
1129 2324 1216 2362 [then
1229 2335 1249 2354 a
1266 2324 1439 2355 Parochial
1455 2325 1612 2364 C'lzapelry
1627 2323 1802 2362 dependent
1818 2333 1857 2352 on

484 2367 660 2407 Lanlivery
672 2377 685 2403 ;
708 2369 734 2398 it
750 2377 814 2397 was
828 2378 849 2397 a
864 2371 1007 2407 separate
1032 2367 1183 2407 Vicaraye
1199 2366 1301 2406 before
1317 2367 1366 2398 the
1383 2368 1400 2382 “
1422 2367 1518 2398 Valor
1534 2366 1804 2404 Ecclesiasticus,''
1821 2365 1859 2396 in

484 2410 586 2442 which
603 2412 627 2441 it
642 2412 670 2441 is
685 2410 845 2441 described
860 2420 896 2440 as
910 2410 1011 2449 such],
1030 2410 1148 2441 valoris
1165 2421 1222 2450 per
1237 2420 1365 2441 annum
1381 2411 1462 2451 xxiij
1481 2421 1578 2442 marc.
1596 2420 1640 2442 vs·
1658 2409 1738 2450 vijd.

441 2454 537 2492 Item,
566 2454 659 2484 Prior
683 2453 724 2483 de
750 2453 864 2484 Monte
894 2456 993 2484 acuto
1017 2454 1227 2494 supradictus
1251 2454 1381 2494 optinet
1403 2454 1583 2485 Ecclesiam
1607 2453 1721 2485 Sancti
1748 2452 1857 2491 Necti,

484 2500 634 2528 taxatam
651 2497 693 2527 ad
709 2496 765 2527 xli.
786 2507 796 2534 ;

441 2541 487 2571 Et
516 2540 605 2570 idem
632 2539 762 2579 optinet
789 2539 968 2570 Ecclesiam
999 2539 1113 2570 Sancti
1137 2539 1220 2579 Vepi
1245 2539 1326 2579 (sic),
1358 2542 1507 2571 taxatam
1530 2541 1571 2571 ad
1598 2539 1858 2578 Cs.‚—Quarum

482 2583 627 2614 valorem
643 2583 752 2613 adhuc
768 2583 849 2613 scire
865 2583 1052 2622 nequimus,
1071 2586 1205 2622 propter
1221 2583 1379 2623 temporis
1397 2584 1605 2615 brevitatem.

444 2627 540 2664 Item,
559 2626 728 2665 predictus
745 2625 838 2656 Prior
853 2626 894 2656 de
910 2626 1172 2666 Tywardraythe
1187 2626 1318 2665 optinet
1343 2627 1510 2667 Capellam
1534 2627 1574 2657 de
1601 2626 1857 2667 Lostwythielle,

484 2669 651 2700 valentem
668 2679 725 2708 per
741 2679 867 2699 annum
883 2679 904 2699 v
920 2679 1018 2700 marc.
1039 2669 1095 2709 ijd.
1114 2669 1159 2699 ob.

442 2713 537 2743 Idem
553 2712 684 2751 optinet
701 2712 881 2742 Ecclesiam
905 2711 1019 2742 Sancti
1042 2712 1180 2742 Antonii
1203 2710 1254 2750 [in
1271 2712 1446 2752 Meneaye]‚
1463 2713 1629 2743 valentem
1653 2723 1711 2752 per
1733 2722 1859 2743 annum

484 2765 612 2785 xmarc.
633 2754 711 2785 xiid.
729 2754 774 2784 ob.

441 2799 536 2829 Idem
548 2797 678 2837 optinet
696 2797 876 2828 Ecclesiam
892 2797 933 2827 de
949 2797 1135 2838 Treneglos,
1149 2808 1226 2829 cum
1241 2797 1374 2838 Capella
1389 2798 1431 2829 de
1445 2799 1679 2838 Warbestowe,
1693 2799 1860 2830 valentem

484 2852 540 2882 per
560 2851 687 2871 annum
704 2840 801 2881 xiijli.
823 2840 917 2880 xvijs.
940 2841 1055 2881 quadr.
