1987 3062
327 232 418 275 192
523 244 623 277 THE
658 245 900 279 REGISTER
936 245 995 278 OF
1030 245 1206 278 BISHOP
1240 245 1639 279 BRANTYNGHAM.

326 345 401 404 A·7T)·
477 359 514 380 ac
527 349 762 381 Mandatorum
776 353 966 381 nostrorum
977 352 1208 389 contemptum
1221 349 1447 389 manifestum,
1460 354 1493 381 et
1509 351 1613 391 ipsius
1627 350 1733 381 clerici
1748 348 1853 379 nostri

324 380 400 437 {73013'
477 393 661 432 dampnum
678 393 919 432 gravissimum,
938 394 978 423 de
995 404 1060 433 quo
1085 394 1246 424 miramur
1269 404 1368 433 quam
1394 395 1574 434 plurimum
1599 397 1634 425 et
1657 403 1852 425 movemur:

325 446 363 471 Π,
383 432 388 437 ’
478 436 699 475 vobis‚igitur,
713 437 822 467 adhuc
834 437 1041 475 mandamus,
1054 436 1193 466 firmiter
1208 436 1430 476 injungentes,
1445 438 1533 477 quod
1546 437 1702 477 premissa
1714 435 1852 471 faciatis,

476 479 574 519 juxta
603 484 750 510 tenorem
785 479 1019 510 Mandatorum
1050 484 1239 510 nostrorum
1272 481 1506 519 predictorum,
1538 480 1629 510 vobis
1653 480 1745 519 prius
1775 479 1853 508 inde

476 523 701 560 directorum3
727 523 777 553 vel
802 534 857 553 vos
881 523 943 562 ipsi
967 523 1039 553 sitis
1063 533 1171 553 coram
1197 523 1291 553 nobis
1314 523 1348 553 iu
1374 524 1507 554 Oct-abis
1532 523 1644 554 Sancti
1668 521 1848 558 Michaelis,

475 566 677 606 ubicumque
694 569 775 596 tunc
791 566 953 596 fuerimus
969 566 1002 596 in
1020 566 1149 605 Anglia,
1166 567 1330 597 ostensuri
1347 577 1448 607 quare
1466 567 1623 597 Mandata
1646 568 1758 596 nostra
1782 575 1852 604 pre-

476 609 574 646 dicta,
592 609 715 639 tociens
733 609 824 639 vobis
848 609 925 639 inde
941 609 1075 647 directa,
1093 610 1211 649 exequi
1235 609 1663 649 contempsistis.—Tested
1687 612 1722 639 at
1748 608 1852 638 West-

477 652 626 689 minster,
649 654 666 683 8
693 652 974 692 July.—Against
1002 652 1079 683 Nos.
1110 654 1149 683 44
1176 653 1241 683 and
1268 654 1308 684 45
1335 653 1362 683 is
1387 653 1520 683 written
1544 653 1578 683 in
1602 652 1660 683 the
1681 651 1852 691 margin—-

478 695 576 726 “Ista
592 696 708 726 Brevia
725 706 789 726 non
807 698 1031 736 pervenerunt
1047 695 1089 726 ad
1106 696 1289 726 Dominum
1305 696 1479 736 sigillat-(13¹

431 771 581 811 46.—(7)
609 771 671 802 lee
696 771 816 812 Bishop
846 776 876 803 to
905 772 1024 803 Master
1053 772 1152 811 Hugyh.
1186 771 1353 812 Hiclynqe,
1388 772 1557 803 Precentor
1583 771 1623 811 of
1645 770 1854 803 C'rediton.—

478 815 594 855 Nuper
611 815 797 846 custodiam
814 818 849 846 et
865 815 1061 846 exercicium
1078 815 1321 856 jurisdiccionis
1337 815 1571 846 Archidiaconi
1596 815 1730 850 Exonie,
1755 814 1854 844 certis

477 862 511 889 et
526 859 683 897 legitimis
700 859 740 889 de
763 859 869 889 causis
892 862 1098 899 sequestrate
1121 859 1241 889 Literis
1264 859 1386 889 nostris
1409 859 1611 899 patentibus,
1629 859 1750 889 dilecto
1774 857 1850 894 filio,

479 902 636 942 Magistro
653 903 674 933 J
677 902 800 932 ohanui
821 902 993 941 [Lugans],
1012 903 1145 932 Rectori
1161 902 1303 932 Ecclesie
1321 902 1361 932 de
1387 902 1602 940 Petrokstow,
1626 901 1710 942 juris
1733 901 1851 941 perito,

478 945 703 976 commisimus
720 946 753 976 in
771 946 875 975 forma
891 945 986 985 juris,
1001 949 1100 984 prout
1116 945 1176 976 hec
1192 948 1226 976 et
1238 946 1300 976 alia
1311 945 1343 975 in
1357 945 1509 984 Registro
1519 948 1633 975 nostro
1646 948 1680 975 et
1693 944 1854 976 Commis-

476 989 567 1018 sione
583 992 697 1019 nostra
720 989 827 1019 eidem
851 989 997 1019 Johanni
1014 989 1101 1019 facta
1118 989 1261 1028 plenarie
1274 989 1489 1019 continentur
1504 989 1563 1027 [see
1580 999 1609 1028 p.
1628 988 1715 1026 144]‚
1732 997 1769 1017 ac
1785 987 1854 1027 jam

479 1032 572 1062 tarde
581 1033 684 1062 Breve
692 1032 831 1071 Regium
845 1032 879 1062 in
893 1042 929 1062 ea
940 1035 1032 1071 parte
1042 1032 1137 1062 nobis
1148 1032 1322 1071 directum,
1332 1035 1481 1062 tenorem
1488 1031 1663 1062 verborum
1670 1030 1855 1070 recepimus

479 1075 661 1113 continens
679 1076 737 1115 qui
754 1075 891 1105 iuferius
904 1075 1051 1105 seriatim
1067 1075 1223 1105 scribitur
1239 1075 1271 1105 in
1290 1075 1348 1105 hec
1363 1075 1715 1113 verba,-—Edwardus‚
1733 1077 1806 1112 etc„
1819 1078 1855 1103 'ut

326 1117 376 1143 fOl-
393 1118 434 1142 5¹³·
472 1129 582 1157 supra.
629 1119 799 1156 Volentes,
818 1118 929 1157 igitur,
948 1118 1114 1148 Mandatis
1134 1118 1251 1157 Regiis,
1269 1118 1391 1158 quibus
1407 1119 1449 1148 ad
1467 1128 1600 1158 presens
1621 1118 1772 1148 resistere
1796 1119 1855 1146 aut

478 1161 702 1192 contradicere
718 1172 784 1191 non
801 1161 972 1200 audemus,
990 1164 1040 1191 set
1056 1171 1170 1201 parere
1193 1162 1227 1192 in
1251 1161 1415 1199 omnibus,
1435 1165 1473 1191 ut
1496 1161 1666 1198 debemus,
1684 1160 1797 1190 arduis
1821 1162 1856 1190 et

479 1205 658 1244 inopinatis
675 1205 827 1244 occupati
843 1205 985 1242 negociis
1001 1204 1198 1234 relaxacioni
1221 1204 1309 1235 dicte
1334 1204 1616 1244 Sequestracionis
1641 1203 1857 1244 personaliter

478 1248 652 1278 intendere
668 1258 734 1278 non
752 1248 907 1286 valentes,
920 1248 961 1278 ad
972 1247 1189 1278 relaxandum
1202 1248 1325 1278 dictam
1340 1248 1659 1288 Sequestracionem‚
1674 1247 1701 1277 si
1716 1246 1854 1277 Canoni-

479 1301 555 1321 cum
573 1302 636 1321 non
655 1291 795 1321 obsistat
819 1289 1137 1330 [impedimentum]‚
1156 1291 1280 1321 vocatis
1304 1291 1460 1330 primitus
1482 1291 1515 1321 in
1541 1301 1578 1321 ea
1601 1294 1695 1330 parte
1718 1290 1759 1320 de
1781 1289 1856 1330 jure

479 1335 644 1373 vocandis,
669 1335 702 1365 in
728 1335 878 1374 proximo
896 1334 1097 1365 Consistorio
1122 1337 1197 1374 post
1223 1334 1334 1364 datam
1358 1335 1569 1365 Presencium
1599 1334 1750 1374 proximo
1774 1333 1854 1363 cele-

479 1378 615 1417 brando,
633 1381 667 1408 et
683 1378 725 1408 ad
740 1377 850 1408 omnia
867 1377 930 1408 alia
952 1378 985 1408 in
1010 1378 1100 1408 dicto
1125 1377 1221 1408 Brevi
1244 1381 1400 1408 contenta
1424 1378 1614 1408 faciendum
1631 1380 1665 1407 et
1681 1376 1854 1416 expedien-

480 1422 562 1452 dum
579 1432 644 1461 que
660 1431 720 1451 nos
736 1421 842 1451 facere
865 1421 898 1451 in
923 1431 960 1452 ea
984 1424 1077 1461 parte
1101 1431 1272 1461 possemus
1295 1421 1428 1459 ibidem,
1446 1421 1473 1452 si
1490 1421 1705 1461 personaliter
1720 1420 1855 1450 interes-

480 1475 601 1503 semus,
629 1468 744 1495 tenore
773 1464 985 1495 Presencium
1010 1464 1254 1495 committimus
1281 1464 1367 1495 vices
1390 1467 1544 1501 nostras;
1567 1463 1708 1504 juribus,
1733 1466 1855 1502 tamen,

481 1509 628 1539 Romane
652 1507 807 1546 Ecclesie,
833 1518 870 1538 ac
892 1507 1029 1538 alterius
1053 1507 1294 1548 cujuscumque
1318 1508 1351 1538 in
1376 1508 1531 1538 omnihus
1554 1517 1683 1547 semper
1706 1506 1857 1537 salvis.—

480 1552 588 1582 Dated
605 1554 641 1582 at
658 1551 857 1591 Faringdon‚
879 1552 915 1581 15
934 1551 1024 1592 July.

437 1627 742 1666 47.—C‘0ncerninq
760 1627 809 1658 the
832 1627 905 1657 Will
917 1626 957 1666 of
967 1627 993 1658 J
994 1626 1056 1657 olm
1074 1627 1269 1657 Dabernoun
1287 1627 1461 1665 (Received
1479 1629 1514 1657 at
1530 1626 1636 1667 Clyst,
1655 1627 1694 1657 25
1711 1626 1859 1666 Aug.)—

486 1671 527 1701 To
544 1671 593 1701 tlte
612 1671 870 1710 Bishop,-—Quia
893 1671 1062 1701 ,Iohannes
1089 1669 1201 1710 [Noe]‚
1221 1670 1369 1700 Viearius
1393 1670 1537 1701 Ecclesie
1561 1670 1673 1700 Sancti
1697 1670 1858 1709 Stephani

485 1713 532 1754 [in
552 1714 726 1752 Branelle]‚
744 1715 775 1744 in
796 1715 973 1752 Cornubia,
991 1717 1025 1744 et
1042 1714 1207 1744 Robertus
1225 1714 1478 1753 Vaggescombe,
1498 1714 1640 1743 Persona
1658 1713 1800 1743 Ecclesie
1817 1713 1858 1742 de

483 1757 657 1795 Parkham,
676 1758 878 1788 Executores
895 1757 1100 1787 Testamenti
1118 1756 1280 1786 Johannis
1298 1757 1508 1795 Dabernoun,
1525 1767 1631 1796 nuper
1648 1756 1858 1786 Vicecomitis

484 1801 673 1831 Comitatus
690 1801 864 1837 Cornubie,
882 1800 990 1830 clerici
1012 1802 1101 1838 sunt,
1119 1803 1152 1829 et
1175 1799 1360 1830 beneficiati
1382 1799 1415 1830 in
1442 1799 1570 1829 Diocesi
1588 1802 1709 1834 vestra,
1726 1799 1856 1829 nullum

482 1844 642 1874 habentes
658 1844 778 1874 laicum
802 1843 936 1873 feodum
962 1854 1019 1882 per
1042 1843 1129 1883 quod
1155 1843 1308 1882 distringi
1332 1846 1482 1882 possunt,
1500 1846 1598 1882 prout
1616 1842 1801 1872 Willelmus
1817 1843 1857 1872 de

485 1887 675 1925 Cranwelle,
693 1887 881 1917 Vicecomes
898 1890 1010 1916 noster
1027 1886 1214 1917 Comitatus
1231 1886 1381 1925 predicti,
1394 1886 1577 1916 retornavit
1593 1886 1633 1915 ad
1651 1886 1856 1916 Scaccarium

482 1934 634 1960 nostrum
663 1930 696 1960 in
728 1930 871 1960 erastino
899 1929 1013 1960 Sancti
1041 1929 1171 1959 Hillavii
1202 1929 1322 1959 ultimo
1347 1929 1513 1968 preterito,
1542 1928 1633 1959 vobis
1660 1929 1858 1959 mandamus

483 1974 572 2013 quod
591 1973 700 2003 venire
716 1973 816 2003 facias
832 1983 939 2003 coram
958 1972 1141 2002 Bai-onibus
1158 1973 1198 2002 de
1215 1972 1382 2003 Scaccario
1398 1976 1512 2002 nostro
1528 1972 1614 2012 apud
1633 1972 1856 2002 westmonas-

485 2016 605 2047 terium
631 2017 665 2046 in
689 2016 832 2047 crastino
856 2016 969 2046 Sancti
994 2015 1171 2053 Michaelis,
1197 2016 1361 2055 predictos
1392 2015 1579 2046 Johannem
1604 2018 1638 2045 et
1666 2015 1857 2054 liebertum,

486 2060 688 2090 Executores
705 2060 909 2089 Testamenti
926 2059 1065 2099 predicti
1083 2059 1245 2089 Johanuis
1261 2059 1473 2097 Dabernoun,
1486 2059 1528 2089 ad
1545 2059 1750 2088 reddendum
1765 2059 1859 2088 nobis

484 2114 542 2142 pro
559 2103 708 2143 predicto
723 2103 876 2134 Johanne
892 2103 1103 2139 Dabmmun,
1117 2112 1182 2132 una
1199 2112 1274 2132 cum
1292 2102 1445 2132 Johanna
1461 2112 1526 2142 que
1541 2102 1608 2132 fuit
1620 2112 1703 2132 uxor
1721 2102 1860 2141 predicti

486 2146 649 2176 doh-annis
668 2147 879 2183 Dabernoun,
896 2146 1022 2176 'I'home
1041 2145 1196 2183 Fursene‚
1215 2149 1249 2175 et
1264 2145 1417 2175 Johanne
1435 2145 1551 2184 Ysaak,
1569 2145 1640 2175 aliis
1664 2145 1856 2175 Executori-

484 2190 546 2220 bus
563 2190 768 2220 Testamenti
786 2189 925 2229 predicti
942 2189 1105 2220 Johannis
1122 2189 1333 2227 Dabernoun,
1348 2192 1540 2228 compotum
1558 2189 1598 2218 de
1611 2188 1756 2218 exitibus
1773 2191 1858 2218 terre

484 2236 518 2264 et
534 2235 803 2263 tenementorum
817 2243 881 2273 que
899 2233 1063 2262 Balvanus
1079 2232 1120 2262 de
1137 2232 1324 2271 Southorpe
1341 2233 1451 2262 tenuit
1466 2232 1500 2262 in
1517 2233 1728 2271 Wynyntone
1744 2231 1794 2270 [in
1810 2231 1860 2262 tlte

485 2276 603 2307 Parish
628 2276 667 2316 ⁰f
691 2277 736 2307 Sc.
772 2275 871 2315 C'ury]
895 2279 928 2305 et
956 2276 1139 2315 Marendyn
1167 2275 1336 2314 [Mertlzem
1362 2277 1397 2305 in
1420 2275 1469 2305 tlte
1495 2274 1613 2305 Parish
1640 2273 1680 2314 of
1704 2274 1749 2305 St.
1780 2274 1859 2304 Uon-

484 2319 646 2358 stantiueJ,
660 2322 694 2350 et
705 2320 746 2350 de
759 2320 904 2350 exitibus
917 2319 1010 2349 firme
1028 2329 1084 2358 pro
1095 2318 1229 2348 licencia
1241 2318 1378 2348 saliendi
1394 2319 1507 2358 pisces,
1525 2328 1582 2358 pro
1595 2328 1660 2358 qua
1674 2317 1859 2348 Willelmus

486 2364 611 2403 Bydam
629 2363 766 2393 reddere
782 2363 909 2393 solebat
926 2373 969 2393 xx
986 2372 1093 2392 marcz
1111 2372 1168 2401 per
1184 2372 1309 2392 annum
1326 2362 1367 2392 de
1383 2365 1531 2402 tempore
1548 2372 1613 2401 quo
1629 2361 1716 2391 idem
1735 2360 1857 2390 Johan-

484 2417 542 2436 nes
563 2407 765 2437 Dabernoun
782 2405 858 2436 inde
875 2405 993 2435 habuit
1008 2405 1193 2435 custodiam
1209 2408 1244 2434 et
1260 2415 1325 2435 non
1342 2405 1555 2444 computavit.
1611 2404 1656 2434 Et
1679 2404 1860 2434 remittatis

482 2449 529 2480 ibi
552 2452 634 2480 tunc
657 2450 718 2480 hoc
742 2450 892 2480 Breve.—
901 2449 1021 2479 Tested
1045 2451 1080 2478 at
1102 2447 1345 2486 'Westminsten
1364 2448 1407 2488 by
1424 2448 1460 2479 T.
1478 2449 1518 2478 de
1542 2447 1704 2485 Lodelow,
1723 2448 1737 2477 1
1765 2447 1855 2486 July.

444 2493 638 2531 -Thomas,
653 2493 854 2531 etc.‚dilecto
871 2492 1086 2530 filio‚Decano
1101 2491 1361 2522 Christianitatis
1374 2495 1485 2521 nostre
1497 2491 1640 2521 Ecclesie
1655 2490 1858 2527 Exoniensis,

484 2536 636 2574 salutem,
648 2539 709 2567 etc.
759 2535 1011 2566 Committimus
1023 2538 1055 2564 et
1073 2535 1268 2564 mandamus
1281 2535 1439 2573 quatinus
1452 2534 1533 2564 cites
1543 2538 1577 2564 et
1590 2533 1778 2573 premunias
1797 2533 1859 2562 Do-

487 2580 615 2609 minum
635 2579 819 2609 Robertum
838 2578 1089 2618 Vaggescombe,
1109 2578 1285 2607 Personam
1303 2577 1446 2607 Ecclesie
1459 2578 1499 2607 de
1517 2577 1691 2614 Parkham,
1709 2576 1798 2616 quod
1816 2576 1860 2605 sit

487 2632 594 2652 coram
609 2622 793 2652 Baronibus
806 2622 846 2652 de
860 2621 1026 2652 Scaccario
1038 2620 1174 2651 Domini
1191 2620 1295 2650 nostri
1308 2621 1415 2659 Regis,
1429 2621 1518 2659 apud
1534 2619 1858 2656 Wesmonasterium,

486 2666 518 2694 in
534 2667 676 2695 crastino
689 2665 802 2696 Sancti
820 2665 987 2695 Michaelis
1003 2664 1153 2704 proximo
1169 2663 1295 2700 future,
1311 2663 1461 2693 facturus
1478 2663 1511 2693 in
1529 2663 1684 2693 omnibus
1700 2665 1735 2692 et
1750 2672 1858 2701 recep-

487 2711 584 2738 turus
601 2709 689 2748 quod
707 2712 802 2738 tenor
819 2709 899 2738 dicti
920 2708 1028 2738 Brevis
1045 2707 1078 2737 in
1095 2717 1128 2736 se
1144 2706 1246 2745 exigit
1263 2709 1297 2736 et
1312 2706 1460 2747 requirit.
1508 2707 1553 2736 Et
1569 2706 1649 2746 quid
1667 2705 1808 2735 feceritis
1824 2705 1858 2735 in

485 2751 651 2790 premissis
667 2762 735 2787 nos¹
753 2751 834 2781 citra
851 2752 989 2782 Festum
1008 2749 1228 2780 Exaltacionis
1251 2749 1371 2780 Sancte
1388 2749 1503 2780 Crucis
1527 2749 1676 2789 proximo
1692 2749 1858 2786 futurum,

486 2794 643 2824 distincte
670 2797 704 2824 et
735 2797 847 2834 aperte
874 2794 1032 2825 certifices
1064 2792 1184 2824 Literis
1214 2793 1283 2823 tuis
1311 2792 1513 2832 patentibus,
1542 2792 1743 2822 habentibus
1769 2791 1859 2822 hunc

481 2837 798 2870 tenorem—Dated
815 2841 849 2867 at
867 2837 1037 2875 Crediton,
1057 2838 1097 2866 22
1114 2836 1197 2876 Aug.
