1987 3062
476 251 760 285 REGISTRUM
796 246 1249 284 COMMUNE—ANNO
1289 238 1345 281 3⁰.
1585 236 1675 278 311

147 351 221 411 {ig
295 356 534 396 prenominatis
561 356 705 388 testibus
728 365 862 396 presens
884 354 944 393 fui,
961 364 1065 395 eaque
1088 353 1199 385 omnia
1215 355 1249 384 et
1264 352 1395 393 singula
1410 352 1456 383 sic
1471 350 1542 382 fieri
1557 350 1627 382 vidi
1643 352 1678 382 et

148 418 209 445 Vol.
227 419 250 445 Ῑο
293 399 415 437 audivi,
433 410 602 440 manuque
625 400 758 440 propria
778 399 812 430 in
829 399 914 430 hanc
936 399 1078 429 formam
1101 397 1274 428 scribendo
1290 396 1410 437 redegi,
1428 396 1588 436 signoque
1606 404 1678 425 meo

293 443 391 474 solito
414 446 449 474 et
471 448 631 475 consueto
647 443 774 484 signavi
789 445 935 483 rogatus,
952 442 987 473 in
1003 441 1103 473 fidem
1119 443 1154 472 et-
1170 439 1405 472 testimoninm
1428 438 1579 470 omnium
1602 446 1676 478 pre-

300 496 485 518 missorum.

148 547 200 577 fol,

148 582 190 608 39·
260 550 716 600 Letters-Dimissory,—-

254 605 423 635 —Master
439 604 579 635 Michael
598 604 779 643 Cergeaux,
797 603 895 640 clerk,
915 603 933 618 “
945 602 987 633 ad
1004 612 1118 633 omnes
1135 602 1290 640 Minores,
1310 604 1344 633 et
1360 601 1462 632 eciam
1479 601 1521 632 ad
1539 600 1678 631 Sacrum

300 647 567 679 Subdiaconatus
585 647 746 678 Ordinem
761 647 779 658 ¹'
797 646 997 685 (Tavistock,
1016 647 1055 677 19
1073 646 1190 686 Sept.).

257 691 446 722 —William
463 694 536 722 atte
559 691 673 729 Wode,
698 690 896 728 subdeacon,
922 689 995 720 “ad
1019 690 1135 720 Sacros
1158 689 1362 720 Diaconatus
1379 691 1414 719 et
1430 687 1678 719 Presbiteratus

303 734 444 766 Ordines
456 734 473 747 ’'
498 734 647 773 (Exeter,
665 735 705 764 24
719 733 838 773 Sept).

260 795 412 842 Truro3
441 794 610 831 Thomas
629 793 757 837 wille,
781 793 937 837 deacon,
962 793 1078 838 R„—

261 848 488 888 Dispensation
504 859 511 879 ε
536 847 791 878 non-residence
806 847 860 877 ior
877 846 972 878 three
986 855 1090 886 years,
1108 847 1144 876 to
1160 845 1263 885 study
1282 844 1385 883 (same
1401 844 1503 883 date).

150 907 203 968 ᾗ)
260 907 458 957 Whimple
479 905 718 959 [Whympel‚
745 904 846 958 MS]
865 919 875 953 ;
905 907 966 943 Sir
984 906 1090 943 John
1109 905 1361 955 Wichebury,
1383 905 1498 950 R„—

206 961 212 967 '
263 962 399 993 Licence
415 961 450 992 of
465 961 717 992 non-residenoe
733 960 786 992 for
803 971 820 991 a
836 970 924 1001 year,
942 962 979 991 to
995 959 1097 1000 study
1115 959 1236 1000 (Clyst,
1253 960 1294 990 26
1312 958 1434 999 Sept.).

264 1021 722 1070 Letters-Dimissory‚—--

263 1075 451 1106 —Edward
468 1075 682 1111 Craueforde,
702 1074 802 1111 clerk,
829 1073 900 1104 “ad
916 1083 1030 1104 omnes
1055 1073 1209 1111 Minores,
1226 1075 1262 1104 et
1278 1072 1382 1103 eciam
1399 1072 1441 1103 ad
1458 1073 1575 1104 Sacros
1599 1071 1682 1104 Sub-

308 1118 506 1149 diaconatus
522 1121 558 1149 et
575 1118 780 1149 Diaconatus
798 1116 939 1149 Ordines
953 1117 971 1129 ''
989 1117 1092 1155 (same
1108 1116 1210 1155 date).

263 1178 658 1269 Mogchlazlrdilssishop3
695 1178 851 1226 against
889 1178 1038 1215 certain
1076 1176 1275 1214 intruders
1313 1189 1362 1213 on
1401 1175 1469 1214 the
1510 1175 1685 1226 Bishop's

354 1245 397 1269 ar
454 1237 472 1268 t
503 1244 632 1278 ere,—

266 1285 420 1324 Thomas,
437 1289 511 1323 ete,
523 1285 665 1316 Decanis
682 1285 723 1315 de
741 1284 936 1324 Cryditone‚
947 1283 1198 1324 Chulmeleghe,
1216 1287 1251 1315 et
1268 1283 1426 1321 Moltone,
1439 1293 1476 1314 ac
1490 1284 1686 1315 Rectoribus

312 1329 536 1359 Ecclesiarum
566 1328 608 1359 de
640 1327 815 1358 Morchard
847 1327 1011 1367 Episcopi,
1037 1327 1254 1367 Lappetbrde,
1280 1327 1398 1357 Doune
1429 1327 1550 1357 Sancte
1574 1327 1687 1366 Marie,

312 1372 543 1411 Chalvaleghe,
563 1371 713 1412 Colryge,
731 1375 766 1401 et
782 1371 990 1410 Thelbrigge‚
1008 1371 1231 1410 omnibusque
1249 1374 1284 1401 et
1300 1370 1439 1410 singulis
1454 1371 1526 1401 aliis
1540 1371 1687 1402 Rectori-

313 1415 384 1453 bus,
401 1415 541 1445 Vicariis
558 1414 745 1454 Perpetuis,
767 1418 801 1444 et
817 1414 936 1444 ceteris
962 1414 1123 1444 Locorum
1149 1413 1282 1444 Curatis
1298 1424 1357 1453 per
1373 1413 1480 1444 dictos
1499 1414 1689 1445 Decanatus

313 1458 515 1496 constitutis,
540 1458 692 1495 salutem,
717 1457 921 1488 ete.—Licet
943 1466 1057 1487 omnes
1073 1460 1109 1488 et
1132 1457 1254 1496 singuli
1277 1456 1434 1494 maneria,
1461 1458 1690 1497 possessiones,

314 1502 512 1540 sanctuaria,
531 1511 658 1541 parcus,
683 1501 860 1539 clausuras,
879 1503 913 1531 et
928 1500 992 1530 alia
1014 1500 1085 1530 loca
1108 1509 1318 1540 quecumque
1341 1500 1383 1530 ad
1408 1500 1688 1541 Archiepiscopos,

315 1545 503 1585 Episcopos,
521 1555 579 1575 seu
603 1544 682 1575 alias
701 1545 861 1574 Personas
885 1543 1130 1574 Ecclesiasticas
1155 1543 1371 1582 pertinentes,
1396 1547 1509 1583 preter
1524 1547 1559 1575 et
1574 1547 1692 1575 contra

314 1589 525 1619 voluntatem
542 1598 600 1618 seu
616 1587 867 1628 permissionem
891 1585 1086 1626 hujusmodi
1109 1586 1453 1626 Archiepiscoporum,
1471 1590 1547 1625 etc„
1567 1590 1694 1619 temere

313 1631 548 1672 ingredientes,
583 1634 619 1661 et
648 1630 726 1661 inde
755 1630 883 1670 aliquid
907 1629 1097 1660 auferentes
1121 1639 1179 1660 seu
1202 1632 1421 1670 asportantes,
1445 1633 1506 1661 aut
1529 1631 1692 1662 violenter

314 1678 574 1711 contractantes,
593 1674 645 1704 vel
663 1673 858 1714 hujusmodi
880 1683 999 1713 parcus
1015 1675 1050 1703 et
1073 1673 1243 1703 clausuras
1266 1676 1393 1704 temere
1416 1674 1640 1714 effringentes,
1659 1677 1694 1706 et

314 1728 352 1748 ea
378 1718 449 1749 fieri
477 1717 683 1755 mandantes,
711 1720 746 1747 et
773 1716 908 1746 nomine
938 1726 998 1746 suo
1028 1716 1118 1747 facta
1148 1720 1222 1747 rata
1252 1716 1423 1755 habentes,
1455 1717 1524 1748 sint
1556 1717 1692 1758 Majoris

320 1760 685 1792 Excommunicacionis
709 1760 886 1790 Senteneia
902 1770 921 1789 a
937 1759 1106 1789 nonnullis
1130 1760 1331 1790 Sanctorum
1355 1760 1494 1791 Patrum
1520 1761 1693 1792 Constitu-

318 1805 477 1843 cionibus,
501 1804 535 1834 in
559 1803 621 1834 hac
646 1806 742 1843 parte
765 1806 881 1834 contra
903 1802 1099 1843 hujusmodi
1122 1802 1356 1843 delinquentes
1379 1804 1516 1843 provide
1538 1804 1639 1835 editis
1661 1807 1697 1836 et

322 1848 454 1888 publice
470 1847 700 1887 promulgatis,
718 1846 978 1886 dampnabiliter
993 1846 1137 1877 involuti
1152 1857 1159 1882 ;
1176 1856 1217 1876 ex
1232 1846 1404 1882 relacione,
1420 1850 1543 1885 tamen,
1561 1847 1696 1888 fidedig-

166 1889 213 1915 fol.
230 1891 270 1916 40·
326 1902 445 1922 norum
461 1894 495 1921 et
511 1891 593 1921 facti
608 1891 812 1921 notorietate
824 1889 1011 1927 didicimus,
1027 1889 1097 1929 jam
1120 1889 1162 1920 de
1184 1900 1279 1928 novo,
1304 1890 1393 1930 quod
1415 1890 1553 1930 quidam
1576 1891 1696 1931 iniqui-

318 1935 398 1966 tatis
414 1935 482 1973 filii,
504 1944 563 1965 sue
579 1933 697 1964 salutis
713 1933 921 1971 inmemores,
940 1942 1084 1971 quorum
1100 1932 1292 1972 ignoramus
1315 1934 1450 1964 nomina
1472 1937 1507 1965 et
1530 1945 1696 1974 personas,

318 1979 372 2009 die
389 1978 481 2009 Jovis
504 1977 539 2008 in
561 1977 707 2008 crastino
731 1976 823 2007 Festi
847 1976 962 2007 Sancti
986 1976 1114 2006 Mathei
1136 1976 1289 2016 proximo
1312 1977 1475 2016 preteriti,
1501 1988 1639 2017 parcum
1662 1981 1698 2009 et

319 2022 507 2052 clausuram
523 2023 673 2051 nostram
689 2020 779 2060 apud
798 2019 970 2050 Morchard
988 2019 1154 2059 Episcopi,
1173 2023 1286 2060 preter
1302 2023 1337 2051 et
1353 2024 1468 2051 contra
1484 2021 1697 2052 voluntatem

319 2068 354 2096 et
377 2064 627 2105 permissionem
650 2066 800 2094 nostram
833 2067 867 2093 et
891 2063 1049 2093 Custodis
1073 2062 1224 2102 ejusdem
1249 2063 1338 2103 parci
1361 2067 1396 2094 et
1419 2064 1559 2095 aliorum
1584 2065 1696 2096 minis-

320 2111 451 2139 trorum
474 2110 677 2143 nostrorum,
702 2106 980 2146 ingrediebantur
1003 2109 1138 2145 temere,
1163 2107 1323 2145 clanculo,
1347 2111 1382 2138 et
1405 2107 1526 2145 dolose,
1551 2118 1588 2138 ac
1612 2108 1699 2139 feras

320 2151 443 2182 bestias
456 2151 538 2181 inibi
554 2150 697 2181 inclusas
714 2149 935 2185 venabantur,
948 2152 1121 2189 ceperunt,
1140 2153 1175 2180 et
1191 2150 1355 2180 violenter
1370 2150 1596 2189 abstulerunt,
1614 2152 1635 2182 J
1640 2161 1698 2182 ura

321 2199 357 2226 et
374 2194 563 2225 Libertates
578 2196 710 2224 nostras
726 2196 761 2224 et
778 2193 922 2223 Ecclesie
939 2196 1051 2223 nostre
1069 2193 1265 2223 Exoniensis
1282 2193 1514 2233 multipliciter
1536 2194 1699 2233 violando,

321 2248 359 2269 ac
395 2237 580 2278 predictam
620 2236 756 2277 Majoris
796 2236 1160 2266 Exeommunicacionis
1198 2236 1410 2267 Senteneiam
1441 2237 1701 2276 dampnabiliter

322 2280 533 2318 incurrendo,
560 2280 594 2310 in
618 2289 754 2310 suarum
778 2279 994 2318 [animarum]
1018 2279 1143 2318 grande
1165 2279 1361 2318 periculum,
1386 2280 1492 2310 nostri
1515 2281 1700 2320 dampnum

323 2335 389 2355 non
420 2324 599 2360 modicum,
630 2323 839 2362 aliorumque
869 2322 1091 2362 perniciosum
1122 2322 1323 2362 exemplum.
1386 2323 1555 2361 Nolentes,
1587 2324 1701 2364 igitur,

322 2367 517 2408 hujusmodi
534 2366 786 2397 malefactorum
803 2366 923 2396 scelera
936 2365 1106 2395 dimittere
1119 2365 1283 2405 inpunita,
1295 2368 1345 2396 set
1361 2366 1546 2397 animarum
1565 2377 1702 2398 suarum

323 2411 423 2441 saluti
439 2420 618 2447 occurrere,
629 2412 669 2440 ut
685 2413 841 2440 tenemur
858 2419 865 2445 3
881 2408 983 2445 vobis,
997 2412 1073 2445 ete,
1088 2408 1295 2445 mandamuS,
1312 2409 1374 2439 sub
1392 2419 1476 2448 pena
1488 2409 1625 2450 Majoris
1637 2411 1701 2441 Ex-

324 2453 634 2485 commnnicacionis
654 2453 797 2483 firmiter
811 2452 1037 2492 injungentes,
1055 2452 1214 2491 quatinus
1230 2462 1344 2482 omnes
1360 2456 1395 2482 et
1418 2452 1565 2491 singulos
1586 2453 1703 2493 hujus-

324 2497 415 2528 modi
437 2497 666 2527 malefactores
689 2499 724 2526 et
747 2495 981 2535 delinquentes
1003 2495 1254 2534 quomodolibet
1270 2495 1304 2525 in
1321 2496 1497 2534 premissis,
1515 2506 1552 2526 ac
1568 2496 1646 2536 ipsis
1662 2497 1706 2527 ad

326 2540 521 2580 hujusmodi
533 2539 679 2570 facinora
690 2537 913 2578 perpetranda
923 2548 1028 2577 opem,
1043 2538 1229 2575 consilium,
1242 2541 1277 2568 et
1289 2538 1451 2568 auxilium
1463 2539 1618 2578 ferentes,
1630 2550 1703 2571 nec-

327 2594 394 2614 non
410 2593 447 2613 ea
463 2583 508 2613 sic
525 2583 594 2613 fieri
610 2582 809 2612 mandantes
825 2585 860 2612 et
876 2584 949 2612 rata
970 2581 1142 2619 habentes,
1160 2581 1205 2611 sie
1221 2581 1323 2611 fuisse
1339 2584 1374 2612 et
1390 2591 1459 2612 esse
1475 2584 1702 2614 excommuni-

327 2629 427 2664 catos,
445 2627 479 2656 et
490 2636 509 2656 a
521 2626 640 2656 Sancte
657 2625 775 2656 Matris
792 2624 936 2655 Ecclesie
952 2624 1123 2654 liminibus
1136 2627 1363 2663 sequestratos
1375 2624 1408 2654 in
1422 2635 1553 2664 genere,
1572 2626 1704 2666 publice

329 2669 504 2707 nuncietis,
532 2672 568 2699 et
591 2668 728 2698 nunciet
751 2667 894 2708 quilibet
918 2671 1080 2704 vestrum,
1105 2667 1139 2697 in
1166 2667 1304 2706 singulis
1331 2668 1485 2699 Ecclesiis
1511 2669 1701 2708 antedictis,

329 2712 455 2742 Diebus
471 2711 654 2742 Dominicis
671 2714 705 2741 et
721 2711 874 2747 Festivis,
887 2710 977 2740 intra
993 2710 1171 2740 Missarum
1189 2711 1380 2750 solempnia,
1398 2722 1473 2741 eum
1492 2712 1599 2752 major
1616 2713 1704 2744 Cleri

329 2758 364 2786 et
387 2755 502 2795 populi
525 2754 711 2785 multitudo
734 2753 928 2784 convenerit
949 2752 992 2783 ad
1016 2753 1137 2783 Divina
1150 2762 1157 2788 ;
1184 2753 1326 2793 pulsatis
1352 2755 1532 2794 campanis,
1559 2756 1704 2787 candelis

329 2798 482 2836 accensis,
507 2801 542 2828 et
568 2797 602 2828 in
629 2797 786 2828 ruborem
812 2795 1010 2836 hujusmodi
1035 2797 1400 2828 excommunicatorum
1427 2798 1585 2830 extinctis
1609 2802 1645 2831 et
1671 2800 1706 2830 in

248 2835 256 2844 ⁹
271 2848 283 2867 )
332 2845 457 2873 terram
474 2840 641 2881 projectis,
658 2850 725 2871 una
739 2850 815 2871 cum
833 2839 923 2870 omni
939 2839 1002 2869 alia
1018 2839 1253 2879 solempnitate
1269 2840 1303 2870 in
1320 2841 1444 2872 talibus
1460 2846 1618 2873 consueta
1636 2853 1643 2880 ;
1666 2843 1708 2874 ab
