1987 3062
454 291 740 324 REGISTRUM
777 289 1226 324 OOMMUNE—ANNO
1266 281 1362 323 14⁰.
1586 278 1679 321 509

141 394 216 419 Α-Ὸ-
300 395 425 436 [hodie,
458 397 504 429 St.
534 396 685 437 Bo·e0ke],
714 400 749 428 et
774 397 947 428 Willelmo
980 396 1132 434 Hendre,
1159 396 1201 427 de
1226 396 1413 434 Withielle,
1444 396 1678 426 Ecclesiarum

144 428 246 486 {733³}
300 442 514 481 Rectoribus,
533 443 691 480 salutem,
709 441 911 480 eto—Quia
921 451 984 471 nos
994 451 1105 480 nuper
1122 441 1374 471 Monasterium
1392 440 1464 470 sive
1481 440 1679 470 Prioratum

200 480 206 486 ’
237 480 244 486 ’
301 485 555 516 Canonicorum
573 486 798 525 Regularium
824 486 943 516 Sancti
969 485 1144 523 Germani,
1163 486 1238 523 etc.,
1256 484 1486 522 visitavimus,
1511 486 1615 523 prout
1639 494 1680 514 ex

301 528 490 560 Pastoralis
519 530 629 560 Officii
654 530 765 560 nostri
797 530 913 560 debito
944 529 1160 567 tenebamur,
1193 531 1228 558 et
1259 529 1295 558 in
1322 528 1537 559 Visitacione
1561 530 1681 558 nostra

300 573 498 613 hujusmodi
531 584 635 614 quam
667 575 703 604 111
734 574 856 604 00(10111
888 573 1100 604 Monasterio
1132 573 1203 603 sive
1243 573 1404 603 Prioratu
1443 573 1681 602 excercuimus

297 619 518 657 quamplures
536 618 694 649 defectus
711 618 958 648 emendacione
975 620 1009 648 et
1027 617 1244 647 correccione
1260 616 1466 647 necessariis
1483 617 1681 646 invenimus

297 662 505 701 indigentes,
524 673 627 702 super
643 663 777 702 quibus,
794 662 898 702 plena
915 662 1168 692 deliberacione
1185 661 1379 700 prehabita,
1398 661 1586 691 Decretum
1603 671 1680 691 nos-

298 708 392 736 trum
410 706 521 736 Priori
538 709 573 736 et
592 706 786 737 Conventui
804 706 961 746 ejusdem
979 706 1158 735 Prioratus
1175 715 1237 744 pro
1258 705 1458 745 hujusmodi
1477 704 1679 735 defectuum

299 751 557 789 emendacione,
575 751 801 788 correccione,
827 753 861 780 et
885 750 1137 780 reformacione
1163 749 1325 779 duximus
1348 749 1681 786 transmittendum3

301 804 342 824 ex
372 795 555 833 relacione,
587 797 716 833 tamen,
749 794 1003 833 fidedignorum
1036 794 1080 823 ad
1116 795 1275 824 nostrum
1306 793 1378 833 jam
1412 793 1558 831 noviter,
1591 794 1681 833 quod

301 838 459 868 dolenter
490 839 684 877 referimus,
709 838 869 877 pervenit
892 838 1061 876 auditum,
1091 837 1182 877 quod
1209 840 1282 867 tam
1307 847 1370 876 per
1397 837 1553 868 Priorem
1577 848 1681 877 quam

279 911 281 913 ,
303 882 495 913 Canonicos
512 883 669 923 ejusdem
687 883 865 913 Prioratus
883 884 1005 912 contra
1025 882 1158 912 dictum
1182 882 1370 911 Decretum
1395 884 1564 919 nostrum,
1590 882 1680 911 laxa-

302 927 348 956 tis
375 927 530 965 habenis,
559 927 730 957 modestia
761 928 796 956 et
828 926 992 965 Regulari
1025 925 1260 956 Observancia
1286 935 1348 964 per
1375 926 1514 956 eosdem
1542 926 1682 965 penitus

303 970 459 1010 abjectis,
484 971 653 1001 nonnulla
678 972 760 1001 sunt
784 972 906 1000 contra
930 970 1139 1009 Regularem
1163 970 1392 1008 Disciplinam
1421 972 1455 1000 et
1480 970 1564 999 dicti
1588 970 1681 1000 Prio-

303 1017 400 1045 ratus
416 1015 607 1045 utilitatem
624 1017 755 1045 temere
773 1016 994 1053 attemptata,
1009 1024 1048 1044 ac
1065 1014 1158 1044 inter
1174 1014 1313 1044 eosdem
1331 1014 1468 1044 diversa
1484 1014 1631 1044 crimina
1648 1016 1683 1044 et

304 1058 462 1089 defectus
478 1059 615 1089 noviter
630 1059 833 1098 pulularunt
854 1061 888 1088 et
911 1058 1098 1088 imminent
1122 1058 1163 1088 de
1188 1058 1352 1097 presenti.
1400 1058 1481 1095 Nos,
1498 1068 1589 1095 vero,
1607 1069 1682 1097 pre-

304 1103 410 1133 missa
427 1103 490 1133 sub
508 1103 798 1141 dissimulacione,
817 1112 902 1133 sana
918 1102 1145 1140 consciencia,
1162 1102 1320 1132 nolentes
1338 1102 1531 1132 incorrecta
1549 1103 1683 1133 diucius

303 1147 474 1185 tollerare,
488 1158 531 1177 ne
550 1147 767 1177 subditorum
784 1148 983 1177 nostrorum
1001 1147 1152 1186 sanguis,
1163 1146 1255 1187 quod
1271 1147 1445 1185 timemus,
1464 1147 1505 1176 de
1522 1147 1684 1177 manibus

304 1191 433 1221 nostris
448 1191 664 1230 requiratur3
689 1191 796 1229 vobis,
814 1191 930 1230 igitur,
949 1191 1119 1229 omnibus,
1137 1191 1192 1220 vel
1209 1190 1342 1221 duobus
1358 1193 1525 1229 vestrum,
1544 1191 1585 1221 de
1603 1201 1683 1230 quo-

304 1245 382 1264 rum
400 1235 568 1265 fidelitate
586 1238 620 1265 et
638 1236 770 1266 sincere
788 1235 1003 1265 consciencie
1026 1235 1180 1274 puritate
1204 1235 1345 1273 plenam
1369 1235 1533 1265 fiduciam
1557 1235 1593 1264 in
1618 1236 1682 1265 Do-

305 1279 400 1308 mino
424 1279 631 1318 optinemus,
656 1280 700 1309 ad
722 1279 911 1309 videndum
936 1281 971 1309 et
995 1279 1181 1318 diligenter
1204 1279 1449 1318 inquirendum
1475 1289 1579 1318 super
1608 1289 1683 1318 pre-

306 1323 421 1352 missis
438 1323 640 1353 criminibus
657 1326 692 1353 et
715 1323 910 1353 defectibus
933 1323 1069 1362 plenius
1093 1323 1287 1360 veritatem,
1305 1325 1340 1352 et
1364 1333 1409 1352 an
1426 1323 1509 1353 dicti
1528 1323 1626 1353 Prior
1649 1326 1685 1353 ct

307 1367 434 1405 singuli
453 1367 627 1405 Canoniei,
644 1367 680 1396 in
691 1367 812 1397 eodem
824 1367 985 1397 Prioratu
995 1366 1153 1406 professi,
1168 1367 1380 1396 Moniciones
1394 1370 1428 1397 et
1440 1367 1684 1407 Injuncciones

306 1411 342 1440 in
366 1411 459 1441 dicto
483 1414 602 1441 nostro
627 1412 774 1443 Decreto
798 1413 981 1441 contentas
1006 1411 1216 1449 obedienter,
1233 1413 1273 1440 ut
1296 1411 1422 1449 decuit,
1439 1411 1609 1441 hactenus
1627 1412 1683 1441 ob-

307 1457 501 1493 servarunt,
518 1457 638 1485 tenore
659 1455 881 1485 Presencium
906 1455 1158 1485 committimus
1173 1455 1266 1485 vices
1282 1458 1430 1493 nostras,
1448 1465 1527 1485 cum
1544 1456 1683 1496 cujusli-

306 1499 366 1528 bet
377 1499 588 1529 cohercionis
600 1499 772 1529 Canonice
785 1502 970 1538 potestate.
1010 1500 1060 1529 De
1072 1499 1202 1537 diebus,
1213 1509 1304 1536 vero,
1318 1499 1530 1538 recepcionis
1542 1500 1684 1530 Presen-

307 1543 398 1572 cium
416 1545 451 1572 et
468 1543 711 1582 Inquisicionis
726 1546 840 1573 vestre
857 1544 1067 1583 hujusmodi,
1089 1553 1224 1573 necnon
1242 1543 1323 1583 quid
1339 1553 1401 1582 per
1416 1544 1685 1583 Inquisicionem

306 1587 506 1627 hujusmodi
530 1588 762 1626 reppereritis,
780 1597 841 1618 seu
858 1588 1025 1617 duxeritis
1048 1587 1249 1618 faciendum
1273 1588 1309 1617 in
1332 1588 1521 1626 premissis,
1539 1598 1611 1626 nos,
1629 1599 1684 1618 ex—

306 1631 424 1669 pedito
440 1631 640 1671 hujusmodi
654 1631 806 1670 negocio,
821 1632 1019 1662 certificetis
1037 1631 1162 1662 Literis
1178 1631 1304 1662 vestris
1321 1632 1457 1670 clausis,
1475 1632 1685 1663 habentibus

307 1675 400 1704 hunc
431 1677 598 1713 tenorem,
627 1675 749 1715 sigillis
780 1675 907 1706 vestris
937 1676 1110 1706 veraciter
1135 1676 1358 1715 consignatis,
1391 1677 1617 1707 etc.—Dated
1649 1680 1686 1707 at

308 1719 511 1758 Chudleigh,
528 1720 569 1749 23
591 1720 759 1760 January.

262 1779 317 1816 St.
354 1778 491 1815 Allen:
532 1779 774 1816 ssscmdatum
807 1779 862 1816 ad
891 1779 1219 1816 demmcicmdum
1252 1779 1457 1816 violatores
1490 1780 1687 1828 Sequestri

316 1832 419 1868 alias
448 1832 671 1880 interpositi
699 1833 745 1869 in
769 1833 974 1881 fructibus
1002 1833 1168 1870 Ecclesie
1195 1833 1333 1871 Sancti
1361 1833 1490 1870 Alani
1512 1837 1602 1882 fore
1629 1849 1687 1872 θευ-

316 1886 681 1932 communicatos,—

265 1941 424 1979 Thomas,
450 1943 525 1979 etc.,
553 1942 692 1972 Decano
717 1942 759 1973 de
781 1942 904 1982 Pydre,
931 1944 966 1972 et
991 1942 1135 1980 Poudre,
1162 1952 1202 1972 30
1225 1942 1430 1973 Rectoribus
1452 1943 1686 1974 Ecclesiarum

310 1985 564 2015 Parochialium
583 1986 790 2016 Sanctorum
815 1986 980 2025 Maugani
997 1989 1032 2016 et
1056 1987 1207 2016 Ermetis
1233 1985 1299 2025 [St.
1317 1985 1445 2026 Erme],
1462 1987 1498 2017 in
1515 1988 1628 2027 Pydre
1652 1991 1687 2019 et

310 2029 445 2059 Poudre
470 2030 644 2068 predictis,
666 2031 824 2069 salutem,
847 2030 1058 2068 etei—Cum,
1087 2031 1277 2060 secundum
1306 2031 1512 2061 Sanctorum
1542 2033 1687 2062 Patrum

312 2073 452 2103 Statuta
479 2074 514 2103 in
540 2074 604 2104 hac
619 2076 717 2113 parte
734 2075 800 2105 rite
818 2075 921 2113 edita,
940 2085 1060 2105 omnes
1077 2077 1111 2104 et
1129 2075 1255 2113 singuli
1271 2075 1532 2106 Cantuariensis
1546 2077 1685 2107 Provin-

310 2117 360 2147 cie
382 2120 417 2147 et
440 2118 594 2148 Dioccsis
616 2121 735 2148 nostre
760 2119 964 2149 Exoniensis
989 2119 1128 2157 subditi,
1151 2120 1207 2158 qui
1233 2119 1482 2158 Episcoporum
1504 2121 1557 2150 vel
1586 2121 1686 2151 Vica-

309 2161 439 2191 riorum
457 2171 597 2192 suorum
623 2162 855 2201 Generalium,
873 2166 934 2193 aut
950 2163 1104 2202 ipsorum
1130 2162 1336 2193 Officialium
1362 2164 1610 2203 Principalium
1629 2165 1685 2195 Se-

310 2208 460 2244 questra,
489 2216 529 2235 ex
555 2206 668 2236 causis
695 2207 798 2246 justis
821 2209 856 2237 et
879 2207 979 2244 veris,
1002 2207 1038 2236 in
1057 2207 1157 2237 bonis
1184 2207 1436 2237 Ecclesiasticis
1458 2209 1511 2237 vcl
1538 2209 1624 2247 aliis,
1651 2209 1687 2239 in

311 2249 447 2279 casibus
464 2259 484 2279 a
500 2249 576 2289 jure
592 2251 770 2289 permissis
786 2251 993 2289 interposita
1009 2251 1173 2289 legitime,
1192 2251 1325 2281 calcata
1342 2252 1540 2282 reverencia
1557 2253 1687 2293 injuste

311 2293 440 2323 violare
464 2296 680 2332 presumunt,
699 2294 784 2324 adeo
801 2295 892 2334 quod
915 2295 1069 2333 ipsorum
1087 2295 1256 2334 Precepta
1281 2295 1455 2325 Canonica
1472 2297 1590 2326 illicite
1609 2307 1686 2327 con-

311 2340 551 2376 tempnuntur,
570 2338 639 2367 sint
659 2338 843 2368 Sentcncia
860 2339 1241 2368 Excommunicacionis
1260 2339 1402 2379 Majoris
1419 2340 1688 2379 dampnabiliter

311 2381 486 2418 innodati;
503 2382 654 2421 quidam,
672 2384 799 2421 tamen,
817 2382 1012 2422 iniquitatis
1029 2383 1100 2420 filii,
1119 2383 1210 2412 dicte
1229 2382 1490 2414 Cantuariensis
1508 2385 1687 2415 Provincie

313 2428 347 2455 et
365 2426 474 2455 nostri
492 2426 631 2464 subditi,
649 2436 794 2466 quorum
811 2427 952 2456 nomina
968 2427 1175 2465 ignorantur
1190 2427 1322 2466 pariter
1338 2430 1373 2457 et
1389 2438 1545 2466 persone,
1564 2430 1688 2468 spiritu

313 2469 440 2499 furoris
463 2470 559 2499 ducti
581 2480 621 2500 30
642 2470 771 2500 mentis
791 2471 936 2501 audacia
952 2481 1115 2509 perversa
1131 2474 1166 2501 et
1183 2471 1368 2501 temeraria
1382 2472 1532 2507 excitati,
1554 2473 1687 2503 rebelli-

314 2513 389 2543 onis
415 2514 583 2543 cervicem
610 2515 768 2553 nequiter
794 2515 978 2553 erigentes,
1008 2514 1231 2554 Sequestrum
1257 2518 1415 2545 nostrum
1444 2516 1479 2545 in
1505 2516 1687 2555 fructibus,

313 2557 516 2595 redditibus,
535 2560 569 2587 ct
585 2558 811 2597 proventibus
828 2559 981 2589 Ecclesie
1000 2558 1117 2588 Sancti
1135 2559 1251 2596 Aluni,
1269 2559 1304 2588 in
1323 2559 1506 2598 Cornubia,
1518 2571 1559 2590 cx
1577 2562 1690 2592 causis

313 2601 417 2641 justis
442 2604 482 2631 et·
504 2602 595 2632 veris
620 2602 776 2641 legitime
802 2603 1058 2642 interpositum,
1086 2603 1215 2632 violare
1240 2606 1370 2633 temere
1391 2609 1688 2643 presumpserunt,

314 2645 482 2684 Precepta
498 2648 617 2675 nostra
636 2646 811 2676 Canonica
827 2647 947 2676 illicite
968 2647 1256 2685 contempnendo,
1275 2657 1314 2677 ac
1339 2648 1429 2677 dicte
1456 2648 1599 2688 Majoris
1624 2650 1688 2679 Ex-

313 2690 642 2720 communicacionis
660 2690 881 2720 Sentenciam
899 2691 1170 2729 dampnabiliter
1193 2691 1401 2721 incurrendo
1415 2707 1422 2729 3
1440 2702 1506 2731 qua
1520 2693 1689 2724 hactenus

312 2736 495 2763 remanent
512 2733 680 2772 innodati,
694 2734 730 2764 in
743 2735 858 2764 anime
873 2744 932 2765 sue
950 2735 1080 2773 grande
1096 2735 1289 2774 periculum
1307 2738 1341 2765 et
1358 2736 1503 2765 aliorum
1521 2738 1688 2775 pernicio-

315 2787 391 2807 sum
408 2778 615 2817 exemplum.
663 2778 831 2816 Quocirca
847 2779 944 2809 vobis
962 2778 1187 2818 conjunctim,
1205 2781 1240 2808 et
1258 2779 1399 2809 cuilibet
1424 2782 1579 2810 vestrum
1604 2782 1688 2811 divi-

315 2821 390 2859 sim,
416 2824 491 2860 etc.,
516 2822 724 2853 mandamus
750 2822 914 2862 quatinus
938 2822 1138 2863 hujusmodi
1167 2822 1343 2862 Sequestri
1368 2824 1479 2854 nostri
1505 2825 1690 2856 violatores

313 2865 527 2905 temerarios,
545 2876 666 2897 omnes
689 2869 725 2897 et
749 2866 913 2907 singulos,
939 2866 988 2898 sic
1012 2867 1330 2898 excommunicatos
1352 2867 1461 2899 fuisse
1486 2870 1521 2900 et
1544 2879 1629 2909 esse,
1654 2870 1690 2901 111
