1987 3062
290 222 381 267 508
517 238 616 271 THE
641 239 880 272 REGISTER
908 239 970 272 or
994 239 1171 272 BISHOP
1195 239 1598 274 BRANTYNGHAM.

287 331 365 392 {³38¹}
369 368 383 391 4
444 349 590 379 cumque
630 341 792 371 manibus
830 341 1031 379 existerent,
1063 340 1225 372 duximus
1258 341 1548 381 sequestrandos,
1579 351 1710 380 verum,
1743 342 1823 381 quia

290 398 354 426 vol·
371 401 393 426 Ι.
444 383 613 415 Dominus
646 385 749 424 Hugo
781 385 958 423 Bridham,
995 385 1086 415 dicte
1126 385 1278 415 Ecclesie
1318 385 1360 415 de
1397 385 1575 425 Colytone,
1610 386 1748 416 Decano
1787 387 1822 415 et

445 428 605 467 Capitulo
623 429 775 459 Ecclesie
792 430 910 459 nostre
928 429 1141 467 Exoniensis,
1160 430 1255 459 salva
1272 429 1438 459 Porcione
1454 430 1584 459 Vicarii
1608 430 1770 468 Perpetui
1787 430 1823 459 in

445 472 576 510 eadem,
588 472 759 502 Canonice
771 473 1003 512 appropriate,
1012 473 1196 511 firmarius,
1211 473 1247 502 in
1260 473 1378 503 decem
1388 474 1485 503 libris
1497 474 1752 512 sterlingorum,
1762 484 1823 512 pro

446 516 610 546 Porcione
629 517 740 547 dictos
764 517 943 546 Decanum
967 519 1002 546 et
1028 516 1227 556 Capitulum
1244 518 1383 547 nomine
1400 518 1634 556 reparacionis
1651 518 1822 547 dictorum

446 559 647 589 defectuum
665 561 898 599 contingente,
917 570 952 591 se
969 561 1067 591 nobis
1085 561 1315 591 effectualiter
1331 561 1507 600 obligavit,
1526 562 1657 591 dictum
1682 561 1823 601 Seques-

446 606 541 633 trum
558 606 715 634 nostrum
733 605 769 634 in
784 605 958 635 fructibus
975 605 1066 635 dicte
1084 605 1246 643 Ecclesie,
1264 608 1434 644 quatenus
1451 605 1653 635 Porcionem
1670 606 1824 644 ipsorum

448 648 577 678 Dccani
603 651 638 678 et
667 648 828 687 Capituli,
859 649 1166 688 proprietariorum
1197 649 1442 688 predictorum,
1475 649 1662 687 concernit,
1694 649 1824 679 relaxa-

447 692 570 729 vimus,
588 694 691 731 prout
715 695 836 722 tenore
861 693 1083 722 Presencium
1108 693 1323 730 relaxamus3
1348 693 1513 731 volentes,
1531 696 1659 731 tamen,
1677 693 1823 731 fructus,

448 736 614 774 redditus,
632 738 666 766 et
682 739 871 775 proventus
887 737 1024 767 Vicaric
1042 737 1133 767 dicte
1151 737 1302 767 Ecclesie
1315 747 1422 776 usque
1435 737 1477 766 ad
1495 747 1667 767 summam
1684 740 1824 767 centum

450 780 646 817 solidorum,
665 791 767 819 quam
785 791 847 819 pro
864 781 1029 810 Porcicne
1052 781 1182 811 Vicarii
1207 781 1298 811 dicte
1324 781 1485 819 Eeclesie,
1503 781 1547 811 ad
1566 781 1825 820 reparacioncm

449 824 649 863 hujusmodi
666 824 867 854 defectuum
885 825 1182 862 contribuendam,
1205 825 1304 864 juxta
1327 835 1546 855 communem
1563 825 1824 855 estimat-ionem

450 868 605 898 sufficere
622 870 835 907 reputamus,
850 869 913 899 sub
932 869 1116 908 Sequestro
1132 872 1251 899 nostro
1262 869 1462 908 hujusmodi
1475 879 1665 899 remanere.
1708 869 1825 907 Vobis,

449 911 566 951 igitur,
595 914 670 950 eto„
698 913 906 942 mandamus
931 913 1095 952 quatinus
1124 913 1387 943 Relaxacionem
1419 913 1618 952 hujusmodi
1651 913 1827 952 Sequestri

451 956 561 986 nostri
572 956 679 986 fuisse
693 959 727 986 et
741 966 815 987 esse
828 957 863 986 in
877 956 1059 995 fructibus,
1071 957 1273 995 redditibus,
1288 959 1322 986 et
1335 957 1560 996 proventibus
1571 957 1661 987 dicte
1674 957 1826 987 Ecclesie

452 1000 654 1030 Porcionem
678 1000 833 1039 ipsorum
851 1001 980 1031 Decani
1004 1003 1039 1031 et
1057 1000 1208 1040 Capituli
1225 1001 1514 1031 concernentibus
1530 1011 1592 1040 per
1608 1011 1679 1039 nos,
1697 1004 1736 1030 ut
1752 1011 1827 1040 pre-

452 1043 573 1082 fertur,
591 1044 742 1081 factam3
760 1054 904 1082 necnon,
922 1045 1054 1075 dictum
1073 1045 1297 1084 Sequestrum
1314 1047 1472 1075 nostrum
1490 1045 1525 1074 in
1546 1045 1720 1075 fructibus
1737 1045 1827 1075 dicte

453 1088 606 1118 Ecclesie
635 1088 837 1118 Porcionem
865 1089 994 1119 Vicarii
1022 1089 1179 1128 ejusdem
1206 1089 1499 1127 contingentibus,
1532 1091 1571 1118 ut
1602 1089 1828 1128 premittitur,

452 1142 651 1169 remanere;
675 1133 811 1171 publice
834 1134 868 1162 et
892 1133 1117 1172 solempniter
1140 1133 1322 1170 nuncietis,
1341 1135 1376 1162 et
1391 1143 1453 1172 per
1469 1133 1554 1163 alios
1571 1132 1710 1163 faciatis
1726 1133 1828 1163 modo

453 1176 556 1205 simili
580 1177 754 1213 nunciari,
780 1177 891 1207 dictos
915 1179 1056 1206 centum
1082 1177 1208 1207 solidos
1233 1177 1274 1207 de
1298 1176 1471 1207 fructibus
1495 1177 1650 1216 ejusdem
1677 1177 1828 1207 Ecclesie

452 1220 656 1250 Porcionem
673 1220 802 1250 Vicarii
816 1221 1112 1259 concernentibus,
1125 1221 1336 1260 quamcicius
1348 1221 1526 1250 commode
1539 1221 1707 1259 poteritis,
1721 1221 1829 1251 levari

452 1267 487 1293 et
512 1264 627 1303 colligi
657 1264 837 1303 facientes,
861 1265 897 1294 111
921 1275 1004 1295 usus
1028 1265 1290 1304 reparacionum
1314 1265 1514 1304 hujusmodi
1540 1264 1739 1294 defectuum
1767 1275 1830 1304 pro

453 1308 619 1338 Porcione
630 1309 738 1348 ipsius
749 1309 879 1339 Vicarii
890 1319 951 1348 per
962 1319 1022 1338 vos
1032 1309 1132 1349 juxta
1143 1309 1324 1339 consilium
1336 1309 1523 1338 eorundem
1538 1309 1652 1339 debite
1666 1311 1700 1338 et
1714 1309 1829 1339 celeri-

453 1354 508 1382 ter
533 1353 795 1383 convertendos.
843 1353 888 1382 Et
916 1353 997 1392 quid
1023 1353 1058 1382 in
1085 1353 1264 1392 premissis
1291 1353 1446 1383 feceritis
1473 1363 1545 1391 nos,
1574 1353 1662 1383 citra
1689 1353 1830 1383 Festum

456 1396 574 1426 Sancti
592 1396 770 1427 Michaelis
787 1397 943 1436 proximo
960 1397 1130 1435 futurum,
1149 1397 1264 1427 debite
1287 1397 1494 1435 certificetis,
1513 1397 1735 1427 Presencium
1753 1407 1831 1427 cum

454 1441 746 1471 tenore.—Dated
763 1444 800 1471 at
818 1440 1022 1480 Chudleigh,
1040 1441 1083 1470 20
1099 1442 1265 1480 January.

408 1494 608 1531 Silverton
623 1507 632 1540 3
661 1494 836 1530 stloozicio
856 1495 910 1531 ad
927 1494 1179 1531 residendum
1200 1494 1245 1530 in
1265 1494 1527 1542 Beneficio,—

410 1549 512 1587 Item,
538 1550 630 1588 apud
655 1549 912 1588 Chuddeleghe,
930 1560 973 1579 xx
998 1550 1052 1579 die
1077 1550 1207 1580 mensis
1230 1550 1398 1588 Januarii,
1424 1549 1599 1579 emanavit
1625 1549 1830 1580 Mandatum

454 1594 625 1623 directum
642 1594 896 1623 Archidiacono
919 1594 1058 1631 Exonie‚
1076 1595 1131 1624 vel
1148 1594 1223 1633 ejus
1242 1594 1397 1631 Officiali,
1418 1594 1461 1623 ad
1486 1594 1695 1623 monendum
1717 1594 1831 1623 Domi-

453 1648 537 1667 num
554 1638 750 1667 Johannem
768 1638 878 1676 Prest,
893 1638 1076 1668 Rectorem
1090 1638 1242 1668 Ecclesie
1253 1637 1468 1668 Parochialis
1481 1638 1521 1667 de
1535 1637 1730 1675 Silfertone,
1743 1638 1832 1677 quod

455 1682 606 1711 resideat
623 1682 659 1711 111
676 1682 769 1712 dicta
787 1682 943 1712 Ecclesia
960 1692 1021 1712 sua
1038 1682 1131 1712 infra
1147 1692 1302 1712 mensem
1320 1692 1340 1712 a
1356 1684 1512 1721 tempore
1530 1681 1743 1719 Monicionis‚
1756 1684 1832 1720 etc.‚

455 1725 518 1755 sub
534 1736 624 1764 pena
639 1726 736 1766 juris.

408 1779 695 1816 Northmolton
712 1793 722 1826 3
751 1780 814 1816 Sir
835 1779 1013 1816 Richard
1034 1779 1235 1825 Raundes‚
1259 1779 1378 1825 R„—

411 1834 652 1864 Admonished
669 1837 705 1864 to
721 1835 834 1865 reside
852 1845 895 1864 on
913 1835 967 1865 his
986 1835 1144 1865 Benefice
1165 1833 1224 1873 (on
1241 1835 1301 1864 the
1319 1844 1413 1864 same
1432 1834 1509 1873 day,
1527 1834 1596 1864 and
1612 1834 1648 1863 in
1665 1834 1724 1864 the
1739 1844 1833 1864 same

456 1876 594 1952 gffin.s)l.
642 1879 807 1909 Mandate
834 1879 989 1909 directed
1014 1881 1051 1908 to
1076 1879 1136 1909 the
1162 1879 1388 1908 Archdeacon
1411 1878 1447 1908 of
1473 1878 1690 1917 Barnstaple,
1716 1888 1753 1907 or
1780 1878 1834 1908 his

523 1932 576 1952 013
593 1947 599 1952 .

409 1974 661 2012 Confessions
678 1988 688 2022 3
716 1975 1084 2021 Peniteozciarz‘a,-

413 2031 514 2069 Item,
539 2031 670 2061 eisdem
695 2031 749 2061 die
774 2033 809 2061 et
832 2031 916 2069 loco,
935 2031 1104 2062 Dominus
1128 2031 1298 2062 concessit
1324 2031 1519 2061 Licenciam
1545 2030 1718 2069 Religioso
1742 2030 1835 2069 Viro,

458 2075 573 2104 Fratri
590 2075 610 2105 J
613 2075 742 2105 ohanni
761 2075 938 2114 Colytone,
957 2075 1096 2106 Ordinis
1115 2076 1276 2105 Fratrum
1295 2075 1479 2112 Minorum,
1495 2074 1694 2105 Conventus
1712 2075 1835 2104 Exoni-

457 2119 560 2157 ensis,
578 2119 622 2148 ad
639 2119 851 2149 audiendum
869 2119 1114 2150 Confessiones
1130 2129 1424 2159 quorumcumque
1450 2119 1668 2149 subditorum
1685 2118 1835 2156 Domini,

458 2163 638 2202 utriusque
656 2173 766 2201 sexus,
785 2166 870 2200 etc.;
892 2173 954 2202 per
970 2174 1078 2193 unum
1096 2174 1227 2193 annum
1245 2173 1265 2193 a
1282 2163 1363 2193 data
1382 2163 1603 2192 Presencium
1621 2163 1835 2192 duraturam.

411 2216 468 2252 St.
487 2215 683 2265 Ludgvan
698 2214 852 2268 [Sancti
867 2215 1069 2262 Ludvone,
1088 2215 1192 2268 MS]
1211 2230 1220 2263 3
1250 2216 1313 2253 Sir
1329 2216 1497 2252 Thomas
1513 2215 1698 2265 Gerveys,
1718 2215 1779 2260 R„
1792 2237 1836 2243 —

415 2271 560 2301 Licence
578 2271 614 2301 of
629 2271 893 2302 non-residence
910 2271 965 2302 for
981 2282 1001 2302 a
1017 2282 1101 2312 year
1120 2270 1341 2312 (Chudleigh‚
1359 2272 1400 2301 23
1417 2269 1525 2311 ι1311).

414 2324 576 2374 Penryn
593 2338 602 2371 3
632 2325 792 2362 Licence
814 2331 849 2361 to
869 2325 1116 2371 celebrate,—

417 2380 519 2417 Item,
537 2380 667 2410 eisdem
685 2380 740 2410 die
758 2382 793 2410 et
808 2380 893 2418 loco,
912 2380 1081 2410 Dominus
1106 2380 1276 2410 concessit
1301 2380 1497 2410 Licenciam
1522 2379 1670 2410 Domino
1687 2380 1838 2409 Waltero

463 2423 556 2463 Myn,
582 2424 754 2463 Perpetuo
778 2424 918 2454 Vicario
943 2424 1096 2455 Ecclesie
1122 2424 1334 2454 Parochialis
1360 2424 1477 2453 Sancti
1505 2424 1671 2461 Gluviaci,
1698 2424 1733 2452 in
1759 2423 1837 2453 Cor-

460 2468 576 2505 nubia,
602 2468 814 2498 Patronatus
838 2470 873 2497 et
897 2468 1052 2498 Diocesis
1076 2468 1225 2506 Domini,
1252 2469 1295 2497 ad
1319 2468 1563 2497 celebrandum
1588 2467 1643 2497 vel
1674 2466 1839 2497 celebrari

460 2511 661 2541 faciendum
679 2512 815 2550 Divina,
833 2522 895 2551 per
911 2512 1122 2550 presbiteros
1139 2512 1301 2552 ydoneos,
1320 2512 1355 2541 in
1373 2511 1515 2550 Capella
1540 2512 1645 2541 Beate
1664 2511 1771 2541 Mario
1795 2510 1836 2540 de

461 2555 610 2595 Penryn,
643 2555 736 2586 infra
768 2556 973 2586 Parochiam
1006 2566 1105 2586 suam
1138 2556 1278 2594 situata,
1310 2555 1474 2595 quociens
1505 2558 1540 2585 et
1572 2555 1718 2594 quando,
1750 2556 1836 2592 etc.;

459 2599 634 2638 quamdiu,
652 2601 717 2630 etc.

306 2651 354 2710 {3¹4
417 2652 474 2689 St.
499 2652 702 2689 German's
723 2653 866 2703 Priory
882 2666 893 2699 3
925 2652 1155 2690 Commissio
1175 2653 1230 2690 ad
1247 2652 1537 2700 inquirendum
1556 2665 1672 2700 super
1691 2650 1838 2700 defecti-

472 2706 551 2751 bus,
575 2713 652 2751 etc„
676 2706 721 2742 in
741 2707 936 2743 Prioratu
957 2707 1095 2744 Sancti
1118 2706 1373 2751 Germani,—

420 2761 581 2800 Thomas,
600 2764 676 2799 etc.‚
696 2761 871 2801 Religioso
887 2761 981 2800 Viro,
1000 2761 1115 2792 Fratri
1134 2761 1320 2801 Stephano,
1338 2761 1449 2790 Priori
1473 2760 1652 2791 Prioratus
1671 2760 1839 2790 Launces-

464 2805 569 2843 tonic,
597 2814 637 2836 ac
665 2805 843 2844 Magistris
868 2805 1040 2836 willelmo
1068 2805 1174 2845 Piers,
1199 2806 1241 2835 de
1270 2805 1435 2843 Poutone,
1458 2804 1544 2835 alias
1565 2804 1659 2834 dicta
1681 2803 1840 2833 Nansant
