1987 3062
395 242 489 286 554

392 352 426 378 Α.
433 352 466 380 D.

392 387 466 413 1384.

393 419 454 446 Vol.
476 420 497 446 l'.

392 452 437 480 f01.
453 453 528 480 1321).

603 254 702 286 THE
739 254 978 288 REGISTER
1015 254 1074 286 OF
1109 253 1285 287 BISHOP
1320 252 1717 287 BRANTYNGHAM.

548 366 590 387 ex
607 367 711 388 causa
737 357 908 396 premissa-
935 356 1277 396 soquestraverimus,
1304 355 1447 396 justicia
1469 356 1648 394 suadente,
1665 366 1705 387 ac
1722 353 1925 386 Custodiam

549 401 705 441 ejusdem
724 401 900 441 Sequestri
916 400 1064 440 prefatis
1081 401 1122 430 de
1141 400 1266 431 Setone
1284 402 1319 430 et
1335 400 1547 440 Axmynstre
1572 400 1807 431 Eeclesiarum
1822 399 1923 429 Vica-

549 445 611 476 riis
634 446 910 476 commiserimus
932 455 994 484 per
1018 445 1226 481 Decretumg
1261 445 1319 483 qui
1342 444 1542 484 hujusmodi
1566 447 1706 475 centum
1731 444 1857 474 solidos
1882 443 1924 473 de

546 489 719 520 fructibus
735 489 870 529 prefate
888 489 1026 519 Vicarie
1044 488 1197 519 Ecclesie
1222 489 1263 518 de
1281 488 1448 528 Colytone
1473 491 1671 528 exegerunt,
1690 498 1730 519 ac
1746 488 1855 518 eciam
1872 496 1923 517 re-

547 536 714 572 ceperunt
728 548 735 571 ;
767 534 917 571 eosdem,
950 535 1078 571 tamen,
1112 532 1260 563 Domino
1299 533 1331 562 N
1334 533 1478 571 icholao,
1510 533 1650 563 Vicario
1689 532 1842 563 Ecclesie
1881 531 1923 561 de

546 577 754 615 Axnionthc,
772 580 807 607 et
825 578 972 607 Ricardo
990 577 1112 615 Brode,
1130 577 1174 607 ad
1190 576 1367 616 prefatum
1385 577 1585 607 Cancellum
1603 577 1755 607 Ecclesie
1769 577 1810 606 de
1826 575 1924 615 Coly-

546 624 627 651 tone
644 622 799 652 construi
813 632 874 652 seu
886 622 1041 660 reparari
1054 621 1254 651 faciendum
1264 631 1326 660 per
1339 631 1401 651 nos
1413 621 1569 660 legitime
1583 621 1769 660 deputatis,
1781 620 1923 657 solvere,

547 676 608 696 5011
625 666 666 696 de
683 666 813 697 eisdem
831 666 915 705 ipsis
933 665 1146 703 satisfacere,
1159 668 1262 704 prout
1279 675 1320 695 ex
1335 665 1508 696 relacione
1525 665 1779 705 fidedignorum
1792 663 1923 704 accepi-

546 720 633 747 mus,
652 710 780 750 absque
797 720 902 740 causa
918 709 1120 739 racionabili
1137 720 1361 749 quacumque,
1379 709 1519 748 penitus
1542 711 1748 740 recusarunt
1771 710 1807 739 et
1828 718 1923 739 recu-

545 756 625 784 sant
649 754 790 794 injuste,
814 754 896 784 licet
913 764 953 784 ex
969 756 1069 793 parte
1086 753 1217 783 Decani
1234 755 1269 784 et
1287 754 1448 793 Capituli,
1466 753 1775 793 proprietariorum
1791 752 1923 792 predic-

545 800 671 836 torum,
699 798 807 828 fuerit
833 800 868 828 et
893 798 938 828 sit
962 798 1003 827 de
1029 798 1131 828 dictis
1156 798 1274 828 decem
1290 798 1388 828 libris
1405 798 1603 837 porcionem
1619 798 1773 837 ipsorum
1790 797 1922 827 contin-

545 843 708 881 gentibus
735 843 871 882 integre
889 842 1120 880 satisfactum,
1139 842 1254 881 sicque
1272 842 1450 872 occasione
1464 852 1533 872 non
1550 842 1735 872 solucionis
1751 841 1923 872 dictorum

545 889 685 916 centum
703 887 891 917 solidorum
909 887 1124 917 construccio
1141 888 1176 916 et
1192 886 1371 925 reparacio
1396 886 1548 916 Cancelli
1564 886 1693 925 prefati
1711 886 1871 915 differtur
1887 887 1923 915 et

543 931 704 971 nequiter
719 931 920 961 retardatur
933 945 939 967 ;
958 931 1064 967 vobis,
1081 931 1198 969 igitur,
1217 931 1448 961 communiter
1460 933 1495 961 et
1508 931 1656 968 divisim,
1671 929 1922 961 committimus

545 977 580 1005 et
607 975 814 1005 mandamus
842 975 1016 1014 quatinus,
1046 975 1073 1004 si
1102 977 1155 1005 est
1178 974 1238 1011 ita,
1265 974 1421 1005 Vicarios
1446 975 1487 1005 dc
1514 975 1639 1005 Setone
1657 976 1691 1005 et
1708 974 1921 1013 Axmynstre

543 1019 709 1058 prefatos,
738 1019 822 1049 dicti
847 1019 1023 1058 Sequestri
1047 1018 1157 1049 nostri
1183 1018 1362 1057 Custodes,
1379 1019 1501 1058 primo,
1527 1019 1687 1057 secundo,
1705 1020 1741 1049 et
1757 1018 1865 1049 tercio
1882 1028 1922 1048 ac

543 1063 785 1102 peremptorie,
802 1063 958 1102 legitime
975 1063 1156 1100 moneatis,
1174 1064 1209 1092 et
1233 1063 1420 1093 efficaciter
1436 1063 1619 1101 inducatis,
1637 1063 1810 1102 quatinus,
1828 1061 1921 1092 infra

543 1108 662 1137 decem
695 1108 768 1137 dies
798 1109 877 1146 post
914 1107 1126 1137 Moniciones
1165 1108 1299 1137 vestras
1338 1107 1548 1147 hujusmodi,
1586 1107 1734 1146 prefatis
1772 1106 1921 1137 Domino

543 1152 710 1182 Nicholao
738 1153 774 1181 et
800 1151 947 1181 Ricardo
975 1151 1017 1181 do
1042 1151 1145 1181 dictis
1170 1150 1193 1181 C
1213 1151 1331 1181 solidis
1348 1150 1577 1189 satisfaciant,
1595 1153 1634 1181 ut
1651 1152 1835 1188 tenentur5
1860 1160 1922 1189 per

542 1196 635 1234 ipsos
651 1196 687 1225 in
704 1206 787 1226 usus
804 1195 1077 1225 construccionis
1101 1205 1161 1225 seu
1184 1195 1419 1234 reparacionis
1442 1195 1642 1235 hujusmodi
1667 1195 1827 1225 celeriter
1843 1205 1920 1225 con-

542 1240 731 1270 vertendis.
780 1240 833 1277 Et,
861 1240 904 1269 ad
932 1239 996 1269 hoc
1024 1239 1234 1276 faciendum,
1263 1239 1402 1269 cosdem
1418 1250 1481 1278 per
1497 1249 1730 1279 quascumque
1748 1238 1921 1269 Censuras

544 1284 807 1314 Ecclesiasticas
825 1283 997 1313 Canonice
1015 1283 1241 1322 compellatis.
1289 1283 1344 1312 Ad
1360 1293 1425 1323 que
1441 1283 1612 1323 premissa
1624 1283 1794 1321 facienda,
1811 1283 1919 1320 vobis,

543 1328 775 1358 communiter
791 1330 826 1358 et
843 1328 991 1365 divisim,
1010 1329 1129 1357 tenore
1148 1327 1370 1357 Presencium
1395 1328 1646 1358 committimus
1662 1328 1756 1358 vices
1772 1329 1919 1365 nostras,

542 1383 621 1403 cum
645 1372 833 1412 cujuslibet
860 1371 1074 1402 cohercionis
1103 1371 1276 1402 Canonice
1300 1374 1485 1410 potestate.
1533 1372 1579 1402 Et
1606 1372 1689 1411 quid
1704 1371 1860 1402 feceritis
1882 1371 1919 1401 in

541 1417 720 1455 premissis
737 1426 809 1454 nos,
828 1416 916 1446 citra
934 1416 1077 1446 Festum
1096 1415 1215 1445 Sancti
1232 1416 1412 1446 Michaelis
1429 1416 1640 1455 Archangeli
1656 1416 1812 1456 proximo
1828 1425 1921 1446 nunc

539 1460 708 1499 futurum,
726 1460 936 1499 certificetis,
953 1460 1180 1490 etc.—Dated
1196 1459 1349 1498 London,
1369 1461 1410 1490 10
1427 1460 1640 1500 September.

495 1531 633 1568 Lifton
650 1544 660 1577 3
689 1531 845 1568 Master
865 1530 1067 1568 Laurence
1088 1530 1246 1576 Steven,
1268 1530 1366 1567 alias
1387 1530 1600 1576 Bedeman,
1623 1530 1743 1576 R„—

496 1587 641 1617 Licence
659 1586 695 1617 of
710 1586 975 1617 non-residence
999 1586 1055 1616 for
1078 1596 1098 1616 a
1121 1596 1215 1626 year,
1240 1587 1276 1616 to
1301 1587 1405 1626 study
1423 1588 1460 1617 at
1477 1586 1609 1617 Oxford
1635 1584 1737 1626 (East
1755 1585 1915 1626 Horsley‚

540 1632 580 1661 15
602 1628 727 1670 Sept.).

491 1696 548 1733 St.
572 1696 784 1740 Crantoek,
803 1694 871 1733 the
887 1694 1104 1744 Collegiate
1120 1694 1279 1732 Church
1294 1694 1336 1732 of
1350 1708 1358 1740 ;
1378 1695 1628 1744 Sequestrum
1643 1694 1918 1744 interpositum

545 1750 591 1786 in
628 1749 819 1787 Poro-ione
849 1749 927 1786 sive
956 1749 1151 1786 Pensione
1179 1748 1378 1786 Johanm's
1410 1749 1634 1786 Hsmewelle
1667 1749 1714 1786 in
1743 1748 1916 1786 Ecclesia

548 1803 763 1852 Collegsiata
782 1803 920 1841 ›S'ancti
948 1802 1227 1847 Karentoci‚—

495 1859 654 1897 Thomas,
672 1861 748 1897 ete,
766 1859 905 1889 Decano
923 1858 1076 1888 Ecclesie
1093 1860 1210 1888 nostre
1229 1858 1419 1897 Collegiate
1439 1857 1557 1889 Sancti
1575 1858 1822 1896 Karentoci,in
1834 1857 1914 1888 Cor-

539 1903 655 1941 nubia,
681 1903 840 1939 salutem,
866 1902 1066 1932 etc-Cum
1091 1912 1386 1941 quorumcumque
1412 1902 1735 1933 Eeclesiasticorum
1752 1903 1915 1933 Virorum

538 1947 746 1978 secularium
763 1946 1058 1984 beneficiatorum,
1075 1948 1193 1976 nostre
1210 1946 1375 1983 Dioeesis,
1400 1956 1440 1976 ac
1462 1946 1690 1976 familiarium
1705 1948 1915 1985 nostrorum,

538 1991 581 2021 ab
598 1991 766 2021 intestato
783 1990 1039 2028 decedencium,
1064 1990 1233 2019 bonorum
1257 1990 1412 2020 omnium
1437 1990 1617 2020 mobilium
1634 1990 1916 2029 Administracio,

537 2045 681 2072 necnon,
701 2035 728 2065 si
746 2034 980 2065 Testamentis
1004 2034 1153 2064 conditis
1170 2034 1213 2063 ab
1230 2034 1295 2064 hac
1319 2034 1394 2064 luce
1418 2034 1658 2074 migraverint,
1677 2035 1914 2065 Testamento-

536 2090 613 2109 rum
631 2089 771 2109 suorum
788 2078 988 2118 hujusmodi
1006 2078 1214 2115 Insinuacio,
1233 2078 1467 2116 Examinacio‚
1485 2080 1521 2108 et
1536 2077 1765 2118 Approbacio,
1790 2089 1831 2110 ac
1853 2079 1913 2110 Ul-

535 2124 701 2153 timarum
724 2123 955 2153 Voluntatum
980 2122 1086 2153 tuicio
1110 2124 1146 2152 et
1169 2122 1498 2153 Administracionis
1521 2122 1690 2153 bonorum
1713 2123 1913 2163 hujusmodi

537 2167 753 2205 Commissio,
771 2167 815 2197 ad
831 2176 903 2204 nos,
929 2167 970 2197 de
993 2166 1070 2206 jure
1095 2168 1130 2196 et
1148 2166 1406 2196 Consuetudine
1431 2167 1575 2206 antiqua
1591 2167 1767 2205 laudabili,
1785 2167 1912 2198 abolim

535 2212 667 2243 usitata
688 2211 844 2251 legitime
861 2213 896 2241 et
912 2210 1116 2250 prescripta,
1142 2210 1368 2241 dinoscantur
1390 2211 1524 2241 notorie
1548 2211 1744 2250 pertinere,
1768 2211 1813 2242 ad
1835 2221 1911 2242 nos-

536 2258 676 2295 trasque
693 2265 796 2286 aures
812 2255 949 2285 noviter
966 2255 1011 2285 sit
1028 2255 1216 2284 deductum
1239 2255 1260 2284 J
1263 2254 1435 2285 ohannem
1461 2255 1671 2293 Hanewelle,
1689 2256 1852 2286 clericum
1876 2256 1912 2286 et

534 2300 745 2330 familiarem
762 2302 930 2337 nostrum,
948 2299 984 2328 in
1002 2299 1095 2328 dicta
1112 2299 1268 2329 Ecclesia
1286 2298 1479 2338 Collegiata
1497 2299 1615 2329 Sancti
1629 2299 1818 2330 Karentoci
1829 2299 1909 2330 Por-

534 2344 669 2374 cionem
686 2354 746 2374 5011
763 2343 969 2374 Ρο11510110111
994 2353 1146 2373 annuam
1172 2353 1230 2373 sex
1253 2353 1450 2373 marcarum
1474 2343 1556 2373 dum
1579 2343 1667 2373 vixit
1683 2345 1899 2383 optinentem

534 2388 686 2418 humane
704 2388 806 2418 sortis
824 2387 979 2417 debitum
996 2387 1203 2426 persolvisse
1218 2401 1224 2424 3
1249 2397 1293 2417 ne
1318 2387 1438 2417 Porcio
1463 2387 1534 2417 sive
1558 2387 1683 2418 Pensio
1699 2387 1907 2428 hujusmodi,

534 2442 627 2463 nunc
644 2432 709 2462 sibi
726 2432 853 2469 debita,
878 2431 1090 2470 dilapidetur
1114 2441 1175 2461 scu
1198 2431 1352 2461 indebite
1376 2431 1574 2470 dissipetur,
1592 2432 1633 2461 de
1650 2432 1775 2471 quibus
1790 2431 1907 2462 verisi-

533 2476 664 2507 militer
686 2476 926 2513 formidamus,
951 2475 1097 2505 eandem
1122 2474 1325 2505 Porcionem
1350 2485 1410 2505 seu
1434 2475 1640 2505 Pensionem
1665 2476 1730 2506 sibi
1755 2476 1908 2506 debitam

534 2522 654 2551 tenore
671 2519 894 2550 Presencium
912 2520 1180 2558 sequestramus,
1200 2518 1402 2549 Custodiam
1425 2519 1625 2559 hujusmodi
1644 2519 1821 2560 Sequestri
1843 2519 1908 2549 tibi

534 2565 569 2594 in
587 2565 735 2594 Domino
752 2563 1022 2593 committentes.
1071 2562 1238 2600 Quocirca
1261 2563 1335 2601 tibi,
1360 2563 1396 2592 in
1420 2564 1550 2593 virtute
1575 2563 1792 2602 Obediencie,
1817 2573 1906 2594 00111-

533 2609 707 2639 mittimus
731 2610 766 2638 et
789 2608 996 2637 mandamus
1020 2607 1184 2646 quatinus
1207 2607 1407 2646 hujusmodi
1433 2607 1657 2647 Sequestrum
1681 2611 1839 2639 nostrum
1855 2617 1906 2638 so-

533 2653 720 2692 lempniter
743 2651 948 2692 publicetis3
976 2651 1176 2690 hujusmodi
1201 2651 1403 2681 Porcionem
1429 2661 1489 2682 5011
1513 2651 1720 2682 Ρο11510110111
1744 2652 1808 2683 sub
1831 2653 1908 2682 arto

533 2697 732 2727 custodiens
758 2696 952 2735 Sequestro,
979 2694 1081 2725 sicuti
1099 2695 1140 2725 de
1158 2694 1279 2724 eadem
1296 2695 1395 2725 nobis
1412 2697 1472 2725 tuo
1489 2695 1668 2726 volueritis
1685 2696 1838 2736 periculo
1854 2705 1905 2726 re-

532 2741 711 2779 spondere.
758 2739 933 2777 Inhibeas,
950 2739 1102 2778 insuper,
1118 2738 1235 2778 palam
1259 2740 1294 2768 et
1317 2749 1488 2778 expresse,
1513 2739 1576 2770 sub
1595 2740 1696 2778 penis
1710 2740 1747 2770 in
1765 2740 1905 2771 Sancto-

530 2794 609 2814 rum
624 2784 770 2814 Patrum
788 2783 1108 2814 Constitueionibus
1123 2783 1160 2813 in
1176 2783 1241 2813 hac
1257 2784 1356 2822 parte
1372 2783 1515 2822 provide
1531 2783 1622 2822 latis,
1639 2793 1683 2814 ne
1699 2784 1776 2824 quis
1787 2783 1905 2824 hujus-

531 2828 624 2858 modi
642 2827 867 2868 Sequestrum
884 2829 1042 2858 nostrum
1058 2828 1239 2866 presumat
1254 2827 1511 2866 quomodolibet
1528 2830 1658 2858 temere
1674 2829 1814 2859 violare.
1861 2827 1906 2857 Et
