1987 3062
480 258 766 297 REGISTRUM
803 261 1253 297 cOMMuNE-ANNO
1293 248 1356 297 7⁰.
1565 248 1658 296 379

129 366 203 392 Α-Β·
281 368 437 399 noverint
452 369 660 409 argumentis
676 370 806 400 vincere
829 380 895 401 non
919 370 1077 409 valentes,
1094 369 1237 407 eosdem,
1263 368 1495 408 multiplicatis
1518 368 1654 405 vicibus,

128 399 223 459 {s34371'7‘1
282 412 390 442 verbis
406 413 655 443 contumeliosis
670 423 707 443 ac
723 414 841 444 rixosis
859 413 924 454 [et]
939 414 1064 454 garulis
1080 413 1216 453 aggredi
1246 423 1311 442 non
1330 415 1550 452 postponunt,
1568 412 1655 451 ipsos

185 454 190 460 '
229 453 235 459 “
283 455 483 495 loquacitate
498 456 744 495 verborumque
759 457 862 496 copia,
879 467 969 488 more
986 457 1139 495 femineo,
1156 466 1233 486 cum
1249 455 1312 486 sibi
1328 456 1440 486 desint
1451 456 1523 493 alia,
1541 466 1653 496 super-

278 503 382 537 antes,
414 503 455 530 ut
485 499 530 530 sic
561 499 715 539 discipuli
745 500 839 530 inscii
866 503 901 531 et
925 500 1040 540 ignari,
1067 499 1284 540 garulitatem
1315 499 1553 530 auctoritatem
1584 510 1654 530 esse

278 545 448 581 putantes,
464 552 519 573 eos
535 542 691 573 deserant
707 554 790 583 quos
807 544 915 574 verbis
931 544 976 574 sic
1000 543 1147 574 viderint
1170 542 1325 573 inanibus
1348 547 1531 582 superatos.
1575 543 1653 581 Nos,

280 585 394 625 igitur,
422 586 635 616 subditorum
664 590 856 617 nostrorum
880 587 1070 627 profectum
1094 587 1214 616 merito
1238 586 1445 622 affectantes,
1471 596 1572 625 quem
1596 597 1655 626 per

126 625 171 651 sol·
188 625 248 652 671)-
280 629 449 668 premissa,
466 630 639 660 retroactis
663 630 880 669 temporibus,
899 630 1115 670 multipharie
1138 630 1316 660 didicimus
1340 629 1503 669 impediri,
1528 629 1655 660 inhibe-

277 682 352 702 mus
368 672 566 710 districcius,
585 673 648 703 sub
665 673 801 713 Majoris
812 673 1177 704 Excommunicacionis
1190 683 1284 712 pena,
1301 683 1342 702 ne
1359 673 1433 712 quis
1445 673 1554 704 Scolas
1569 677 1654 711 tuas,

276 718 317 746 ut
333 718 367 746 te
383 716 417 746 in
433 716 615 746 earundem
639 716 800 756 regimine
823 717 949 757 absque
973 727 1087 747 eorum
1111 716 1325 747 connivencia
1340 717 1382 746 ad
1399 727 1482 756 quos
1506 717 1653 756 ipsarum

276 759 424 798 pertinet
442 759 593 795 Collacio,
611 759 773 799 impediat
789 770 845 790 seu
859 761 1047 799 perturbet,
1064 763 1125 790 aut
1143 759 1250 790 verbis
1263 760 1476 799 supervacuis
1493 760 1526 790 in
1545 761 1652 790 forma.

275 803 458 842 prescripta
474 803 508 833 in
527 803 628 833 Scolis
644 803 769 833 eisdem
785 807 819 834 te
836 807 983 843 occupet,
1002 806 1175 844 presumat
1197 803 1317 833 amodo
1340 803 1651 834 introire.—Dated

273 849 310 876 at
328 845 524 886 Chudleigh,
542 848 581 876 28
601 846 704 886 April.

122 897 203 958 ὲΞΑῙ·
229 900 283 937 St.
309 900 515 946 Crantock,
539 901 606 938 the
627 901 840 951 Collegiate
862 902 1019 939 Church
1046 902 1085 938 of
1098 915 1108 948 3
1140 902 1374 938 Mandatum
1396 915 1472 949 pro
1500 915 1653 950 repara-

275 954 377 991 cz‘one
396 955 625 1002 campanilis
645 955 806 992 Ecclesie
828 955 1035 1002 Collessiate
1055 956 1191 993 Sancti
1213 955 1422 1001 Carentoci,
1446 963 1580 1000 etc„—

230 1008 383 1047 Thomas,
400 1011 472 1047 etc.,
493 1009 652 1048 Magistro
671 1009 740 1039 Ade
758 1010 892 1048 Sparke,
910 1010 1048 1041 Officiali
1066 1013 1179 1040 nostre
1198 1010 1376 1040 Peculiaris
1400 1010 1419 1040 J
1424 1010 1651 1040 urisdiccionis

272 1051 307 1081 in
340 1052 515 1089 Cornubia,
548 1056 583 1083 et
614 1052 746 1083 Decano
784 1056 898 1083 nostre
930 1053 1111 1092 Collegi-ate
1144 1053 1287 1083 Ecclesie
1319 1053 1433 1084 Sancti
1466 1053 1649 1091 Carentoci,

270 1095 424 1133 salutem,
441 1098 494 1126 etc
507 1095 700 1134 —Dudum,
716 1096 891 1136 siquidem,
909 1107 994 1135 cum,
1012 1097 1075 1127 sub
1098 1100 1242 1136 optentu
1260 1097 1470 1127 Visitacionis
1488 1097 1652 1127 Canonice

274 1138 369 1168 Clero
392 1142 427 1169 et
450 1139 572 1178 populo
600 1139 695 1169 nobis
725 1140 870 1170 subditis
898 1140 1115 1179 solempniter
1139 1140 1371 1179 impendende,
1400 1143 1499 1180 prout
1527 1141 1650 1171 nostris

271 1181 419 1212 humeris
441 1182 666 1220 incumbebat,
684 1187 833 1213 nostram
851 1183 1015 1213 Diocesim
1034 1186 1108 1222 post
1125 1184 1310 1213 adventum
1328 1187 1479 1214 nostrum
1498 1184 1648 1223 primari-

273 1235 329 1255 um
354 1229 579 1264 peragrantes,
603 1226 645 1256 ad
668 1226 847 1256 Ecclesiam
874 1227 1089 1266 Collegiatam
1116 1227 1310 1266 predictam,
1336 1237 1400 1266 que
1424 1227 1527 1257 eciam
1553 1228 1646 1258 Paro-

269 1267 384 1298 chialis
400 1279 469 1298 esse
485 1269 679 1307 di11‹›seitur,
696 1269 846 1309 ejusdem
865 1270 1009 1300 Ecclesie
1026 1270 1176 1300 utilitate
1199 1270 1385 1310 quinimmo
1402 1274 1436 1300 et
1452 1271 1650 1302 necessitate

269 1312 492 1350 poscentibus,
509 1312 793 1350 declinaverimus,
810 1313 851 1343 ad
868 1317 978 1343 errata
994 1313 1117 1343 ibidem
1135 1313 1265 1343 diucius
1281 1314 1314 1343 111
1325 1317 1454 1344 statum
1469 1314 1649 1353 pristinum

270 1354 383 1385 debite
405 1355 603 1392 reducenda,
620 1366 657 1385 ac
684 1356 717 1385 in
735 1356 864 1386 duabus
880 1356 940 1386 alis
958 1356 1102 1386 Ecclesie
1120 1362 1310 1395 memorate,
1335 1360 1370 1387 et
1394 1357 1496 1396 ipsius
1520 1368 1649 1397 campa-

270 1397 329 1427 nili
345 1397 496 1437 ejusdem
515 1399 658 1429 Ecclesie
675 1399 784 1429 medio
797 1399 978 1437 collocato,¹
997 1400 1174 1430 nonnullos
1191 1400 1341 1430 defectus
1358 1400 1531 1439 notabiles,
1546 1402 1645 1432 refec-

269 1440 362 1471 cione
383 1452 528 1481 congrua
551 1442 679 1472 notorie
702 1442 900 1482 indigentes,
917 1443 1042 1473 nedum
1066 1443 1309 1483 fidedignorum
1333 1444 1573 1475 assercionibus
1596 1448 1648 1475 set

269 1484 372 1514 eciam
403 1485 534 1515 oculata
561 1486 782 1525 comperimus
813 1486 858 1516 ibi
886 1486 950 1516 fide
968 1496 974 1523 3
1009 1497 1154 1526 cumque
1181 1497 1224 1516 an
1248 1487 1291 1516 ad
1324 1487 1468 1517 Ecclesie
1500 1488 1646 1526 predicte

269 1527 451 1558 Canonicos
468 1528 518 1558 vel
536 1528 638 1568 ipsius
663 1529 876 1568 parochianos
892 1540 976 1560 onus
998 1530 1218 1569 reparacionis
1235 1530 1430 1560 defectuum
1455 1530 1648 1570 hujusmodi

268 1571 711 1611 pertineret‚——quibusdam
734 1573 776 1602 ad
800 1572 868 1611 1103,
888 1573 960 1603 aliis
984 1577 1099 1603 autem
1122 1573 1165 1603 ad
1187 1573 1271 1611 illos,
1295 1584 1379 1603 onus
1402 1578 1552 1613 spectare
1576 1585 1646 1614 pre-

269 1614 396 1644 dictum
420 1615 812 1653 asseientibus,—coram
835 1616 930 1646 nobis
957 1616 990 1646 in
1016 1616 1158 1646 dubium
1185 1620 1268 1647 tunc
1295 1618 1454 1657 temporis
1482 1622 1645 1657 revocato,

269 1658 426 1688 Canonici
441 1662 476 1688 et
492 1658 681 1698 parochiani
699 1659 875 1699 prescripti
891 1663 1004 1690 nostre
1016 1660 1227 1690 Ordinacioni
1240 1670 1340 1700 super
1352 1660 1530 1700 premissis,
1542 1662 1645 1692 eciam

266 1700 451 1740 juramenti
474 1701 615 1740 vinculo,
636 1702 669 1732 111
693 1702 762 1733 alto
785 1713 819 1733 se
842 1703 1073 1734 submiserunt
1096 1704 1222 1743 pariter
1245 1707 1279 1734 et
1302 1704 1336 1734 in
1362 1704 1465 1742 basso,
1483 1709 1526 1742 et,
1544 1708 1646 1744 prout

266 1744 390 1774 nostris
417 1747 468 1775 est
495 1745 632 1775 auribus
656 1746 787 1776 noviter
811 1746 1018 1784 intimatum,
1048 1747 1225 1786 campanili
1249 1747 1408 1786 predicto,
1437 1748 1471 1778 in
1500 1748 1644 1779 Ecclesie

266 1788 415 1827 predicte
432 1789 579 1819 manenti
596 1789 739 1820 dedecus
755 1789 920 1828 irrefectO,
935 1790 1092 1820 Canonici
1109 1790 1240 1829 prefati,
1256 1794 1405 1821 nostram
1422 1791 1455 1821 in
1473 1791 1533 1822 hac
1550 1796 1646 1831 parte

267 1831 521 1862 Ordinacionem
539 1832 689 1863 nolentes
705 1832 948 1873 subterfugere,
965 1833 1034 1864 alas
1050 1833 1204 1864 fecerunt
1227 1844 1371 1873 congrue
1390 1835 1642 1875 suprascriptas,

265 1877 446 1914 nostreque
462 1875 646 1906 voluntatis
662 1876 715 1914 sit,
733 1879 768 1907 et
791 1887 861 1906 esse
884 1876 1014 1914 debeat,
1032 1887 1115 1907 onus
1138 1877 1359 1917 reparacionis
1381 1877 1532 1918 ejusdem
1557 1890 1642 1909 cam-

264 1917 383 1957 panilis
399 1919 614 1958 parochianos
631 1920 806 1958 predictos,
823 1920 949 1960 absque
964 1920 1049 1960 juris
1066 1921 1117 1950 sui
1134 1931 1191 1951 seu
1215 1921 1442 1952 immunitatis
1458 1922 1641 1962 dispendio,

263 1961 291 1990 si
306 1961 405 2001 quod,
430 1972 487 1992 seu
513 1973 586 2002 que,
611 1962 657 1993 eis
680 1963 851 1994 videbitur
873 1967 1071 2003 competere,
1096 1974 1271 2003 agnoscere
1294 1964 1354 1994 hac
1378 1965 1456 2003 vice,
1481 1970 1516 1995 et
1539 1966 1643 1996 eciam

264 2008 462 2044 supportare
478 2015 485 2041 3
508 2006 660 2045 quocirca
676 2006 778 2044 vobis,
795 2006 1002 2046 conjunctim
1020 2010 1055 2038 et
1071 2007 1213 2046 divisim,
1230 2008 1476 2039 committimus
1499 2012 1534 2039 et
1551 2019 1641 2039 man-

263 2047 382 2078 damus
405 2049 564 2088 quatinus
587 2049 802 2089 parochianos
825 2050 981 2089 prefatos,
1006 2051 1177 2081 universos
1200 2055 1236 2081 et
1259 2051 1415 2091 singulos,
1439 2053 1642 2083 auctoritate

261 2096 377 2121 nostra
393 2092 556 2122 moneatis
572 2098 607 2123 et
622 2093 797 2124 efficaciter
812 2093 979 2124 inducatis
996 2094 1156 2133 quatinus
1168 2094 1211 2124 ad
1227 2095 1443 2125 refeccionem
1460 2106 1641 2136 congruam

262 2134 385 2173 prefati
407 2136 600 2175 campanilis
622 2137 797 2167 conferant
820 2139 855 2167 et
877 2137 1104 2175 contribuant,
1129 2148 1165 2168 ac
1189 2148 1272 2168 onus
1296 2138 1527 2178 supradictum
1552 2149 1641 2170 nunc

261 2178 413 2216 subeant,
427 2181 592 2217 quatenus
609 2180 790 2210 eorundem
804 2183 993 2220 suppetunt
1006 2181 1184 2211 facultates
1197 2192 1203 2218 ;
1220 2191 1358 2219 necnon,
1369 2182 1409 2211 ad
1424 2182 1642 2213 refeccionem

261 2220 456 2260 hujusmodi
485 2226 734 2262 competentem
760 2227 796 2254 et
825 2234 1003 2263 congruam
1036 2224 1123 2254 infra
1150 2224 1288 2254 Festum
1317 2225 1439 2255 Sancte
1464 2225 1640 2256 Trinitatis

262 2264 413 2303 proximo
427 2265 495 2304 jam
512 2265 679 2303 futurum,
697 2266 871 2297 materiam
888 2267 1104 2297 neeessariam
1122 2277 1180 2297 seu
1198 2267 1325 2306 utilem,
1343 2278 1384 2298 ex
1399 2268 1537 2299 collecta
1553 2279 1639 2299 com-

261 2307 365 2345 muni,
385 2308 434 2338 ita
449 2308 538 2348 quod
554 2308 636 2339 dicti
654 2309 778 2340 fabrica
797 2310 989 2349 campanilis
1005 2310 1090 2340 citra
1107 2311 1246 2341 Festum
1263 2311 1423 2342 Omnium
1440 2312 1640 2343 Sanctorum

261 2360 300 2380 ex
318 2360 407 2381 nunc
424 2352 573 2390 proximo
589 2355 783 2383 secuturum
797 2353 1021 2383 consummari
1038 2353 1155 2389 valeat,
1169 2353 1309 2384 sollicite
1321 2354 1446 2385 faciant
1459 2356 1638 2395 preparari.

261 2393 358 2430 Quod
374 2394 402 2424 si
419 2394 660 2426 Monicionibus
683 2400 718 2426 et
742 2396 1000 2427 Induccionibus
1023 2397 1143 2427 vestris
1167 2396 1362 2436 hujusmodi
1379 2398 1570 2429 nullatenus
1587 2409 1637 2429 ac-

259 2436 449 2476 quieverint
478 2437 565 2468 infra
593 2439 730 2469 Festum
761 2440 883 2470 Sancte
909 2439 1085 2470 Trinitatis
1110 2443 1337 2479 prenotatum,
1366 2441 1477 2472 citetis
1505 2442 1637 2473 eosdem

259 2480 482 2519 peremptorie
498 2481 588 2521 quod
603 2485 818 2521 compareant
833 2493 943 2513 coram
960 2483 1064 2519 nobis,
1082 2483 1134 2513 vel
1150 2486 1262 2513 nostro
1276 2484 1509 2515 Commissario
1526 2485 1558 2515 in
1577 2485 1637 2516 hac

926 2562 1030 2602 ently‚
1047 2563 1248 2602 attempted,
1268 2563 1321 2594 for
1344 2563 1372 2594 it
1395 2563 1453 2595 has
1470 2565 1553 2595 been
1572 2565 1636 2596 dis-

106 2557 116 2576 1
140 2559 221 2589 This
244 2562 333 2590 most
356 2559 555 2600 interesting
578 2561 711 2592 Church
735 2562 763 2592 is
786 2572 860 2592 now

927 2605 1075 2644 covered,
1092 2605 1125 2636 in
1143 2606 1201 2636 the
1224 2616 1339 2637 course
1362 2607 1396 2637 of
1419 2607 1478 2638 the
1494 2613 1635 2640 restora-

149 2602 261 2641 (1901)
278 2603 312 2632 in
335 2613 451 2633 course
474 2604 508 2633 of
529 2605 729 2635 restoration
754 2605 862 2635 under

148 2645 209 2675 the
223 2649 416 2684 competent
431 2646 730 2686 superintendence
746 2648 781 2678 of
796 2648 857 2679 Mr.

149 2688 309 2719 Edmund
322 2689 477 2729 Sedding,
489 2690 523 2720 of
534 2690 726 2730 Plymouth.
751 2691 858 2722 There

147 2731 174 2761 is
190 2742 209 2761 a
222 2734 326 2762 tower
337 2734 373 2762 at
385 2732 444 2763 the
458 2733 619 2763 west-end
632 2734 666 2764 of
679 2734 737 2764 the
751 2734 857 2771 Nave;

146 2774 210 2805 but
226 2774 285 2805 the
300 2777 420 2805 cenci-al
436 2779 548 2814 tower,
560 2776 638 2807 here
650 2777 798 2807 referred
812 2780 856 2815 to,

146 2817 364 2857 disappeared
394 2818 472 2858 long
501 2829 572 2858 ago.
632 2820 703 2850 The
732 2821 857 2860 repairs

147 2860 287 2892 ordered
312 2861 357 2902 by
385 2861 443 2893 the
469 2862 593 2903 Bishop
618 2873 712 2903 were,
740 2874 856 2904 appar-

926 2648 1006 2687 tion,
1025 2649 1101 2679 that
1116 2649 1230 2679 arches
1247 2660 1332 2680 were
1347 2650 1436 2681 built-
1458 2661 1504 2691 up
1528 2653 1636 2683 under

925 2691 983 2722 the
1010 2691 1147 2731 original
1173 2693 1288 2723 arches
1318 2693 1426 2724 which
1450 2696 1635 2734 supported

924 2735 982 2765 the
1021 2738 1133 2765 tower.
1197 2736 1303 2766 These
1333 2737 1472 2777 original
1509 2739 1633 2777 arches,

925 2777 1032 2808 which
1059 2778 1129 2809 still
1156 2779 1292 2818 remain,
1317 2790 1373 2810 are
1399 2780 1434 2810 of
1465 2780 1522 2812 the
1552 2781 1632 2813 thir-

924 2821 1042 2852 teenth
1061 2825 1212 2862 century.
