1987 3062
344 251 436 294 548

344 361 419 386 A.D.

344 396 419 420 1384.

346 428 408 453 Vol.
422 428 444 454 l.

552 263 652 295 THE
692 263 934 297 REGISTER
966 263 1025 295 013*
1061 262 1236 296 BISHOP
1271 263 1672 298 BRANTYNGHAM.

497 364 576 394 dine
593 365 736 404 antiqua
751 365 915 395 laudabili
926 364 962 394 in
977 364 1126 395 Civitate
1140 366 1175 395 et
1186 364 1322 395 Diocesi
1334 365 1464 395 Exonie
1480 365 1620 404 usitata,
1632 366 1824 403 observata,
1838 367 1875 395 et

496 408 650 447 legitime
667 409 703 438 in
720 409 784 439 hac
801 411 899 448 parte
924 409 1127 447 prescripta,
1145 409 1187 438 de
1204 409 1406 439 criminibus
1423 411 1458 439 et
1474 410 1671 440 excessibus
1688 409 1797 440 eciam
1814 419 1872 439 no-

496 453 595 482 toriis
612 463 906 492 quorumcumque
924 453 1007 482 dicti
1033 453 1147 482 Patris
1165 453 1382 482 subditorum
1402 453 1495 483 infra
1513 453 1699 484 Civitatem
1716 454 1770 484 vel
1795 453 1874 483 Dio-

499 497 604 526 cesim
623 497 753 526 Exonie
771 497 977 535 ubicumque
995 497 1187 526 commissis
1204 497 1386 536 inquirere,
1404 497 1563 536 ipsosque
1580 499 1616 527 et
1632 507 1672 527 ea
1688 497 1872 536 corrigere,

498 541 632 579 punire,
657 544 692 570 ct
715 540 887 570 Canonice
911 540 1112 577 reformare,
1130 541 1174 570 ad
1197 541 1345 570 eundem
1367 541 1610 571 Venerabilem
1635 542 1775 571 Patrem
1799 551 1874 580 per-

498 585 615 621 tinuit,
647 585 809 623 pertinet,
835 586 870 614 et
893 584 1069 623 pertinere
1094 584 1197 614 debet
1220 585 1329 615 eciam
1353 585 1389 614 in
1414 585 1582 623 futurum,
1601 586 1710 615 eciam
1728 585 1876 615 durante

500 630 655 667 tempore
688 628 911 658 Visitacionis
947 628 1200 667 Metropolitice
1232 628 1449 659 Venerabilis
1478 629 1592 659 Patris
1618 629 1879 660 Cantuariensis

502 672 771 711 Archiepiscopi,
801 672 923 702 Tocius
951 672 1076 711 Anglie
1109 672 1283 710 Primatis,
1316 675 1351 703 et
1382 673 1581 712 Apostolice
1614 673 1712 703 Sedis
1745 673 1878 712 Legati,

499 716 810 755 quocienscumque
835 726 875 746 ac
899 716 1194 755 quandocumque,
1212 718 1247 746 et
1272 717 1568 756 qualitercumque
1590 727 1667 747 eam
1692 717 1879 756 contigerit

499 760 670 790 excerceri
695 760 731 789 111
757 760 907 790 Civitate
932 762 967 790 et
992 760 1127 790 Diocesi
1154 761 1283 790 Exonie
1299 761 1489 799 prelibatis,
1508 761 1579 791 sive
1604 761 1774 800 premissa
1797 763 1879 791 ante

498 806 637 843 tempus
668 804 893 834 Visitacionis
924 804 1123 844 hujusmodi
1157 805 1410 844 Metropolitice
1450 805 1521 835 sive
1560 805 1636 844 ipsa,
1665 805 1879 835 Visitacione

499 848 647 878 durante
670 848 886 885 emerserint,
904 848 957 878 vel
976 848 1107 878 fuerint
1124 849 1382 888 quomodolibet
1398 848 1575 886 facienda;
1601 849 1669 879 illis
1687 858 1790 889 super
1806 849 1877 888 qui-

498 892 562 921 bus
580 892 762 922 Diocesani
776 892 933 932 ejusdem
946 893 1164 930 negligencia
1176 893 1302 923 merito
1312 893 1422 931 possit
1438 893 1563 930 notari,
1577 895 1680 932 atque
1698 893 1733 923 111
1750 893 1878 923 Visita-

499 935 596 966 cione
614 936 812 976 hujusmodi
831 936 1085 975 Metropolitica
1101 938 1205 966 antea
1229 937 1376 967 detectis
1394 937 1465 967 sive
1483 937 1679 976 compertis,
1697 937 1880 967 dumtaxat

498 980 668 1019 exceptis3
693 980 903 1019 fueruntque
922 980 1143 1010 Precessores
1156 982 1191 1010 et
1208 981 1474 1011 Predecessores
1491 981 1647 1020 ejusdem
1660 981 1879 1011 Venerabilis

499 1024 624 1061 Patris,
657 1024 796 1054 Domini
829 1024 968 1061 Thome,
1002 1024 1206 1054 Exoniensis
1239 1025 1410 1064 Episcopi,
1442 1035 1562 1055 omnes
1593 1027 1628 1054 et
1661 1025 1787 1064 singuli
1819 1025 1877 1064 qui

498 1078 560 1106 pro
593 1070 748 1107 tempore
780 1068 971 1105 extiterint,
1012 1078 1032 1098 a
1062 1071 1219 1107 tempore
1251 1071 1286 1098 et
1317 1078 1379 1107 per
1410 1070 1548 1108 tempus
1580 1068 1679 1108 cujus
1711 1069 1877 1099 contrarii

498 1112 666 1142 memoria
696 1112 877 1142 hominum
909 1122 978 1141 non
1009 1112 1137 1149 existit,
1171 1122 1210 1142 ac
1236 1112 1350 1142 dictus
1375 1113 1543 1142 Dominus
1568 1113 1727 1150 Thomas,
1753 1113 1877 1142 Exoni-

498 1156 591 1186 ensis
608 1156 808 1195 Episcopus,
827 1156 996 1186 Dominus
1019 1166 1126 1193 meuS,
1144 1159 1218 1186 toto
1242 1158 1397 1195 tempore
1415 1166 1477 1186 suo
1496 1157 1613 1186 extitit
1629 1159 1665 1186 et
1686 1157 1878 1195 permansit

498 1200 534 1229 in
561 1200 777 1239 possessione
808 1200 862 1230 vel
887 1200 984 1239 quasi
1022 1200 1108 1239 juris
1148 1200 1360 1238 excel-cendi,
1399 1200 1560 1238 faciendi,
1600 1202 1636 1231 et
1674 1200 1878 1240 expediendi

498 1244 616 1274 onmia
653 1246 688 1274 et
731 1244 868 1282 singula
906 1244 1075 1283 premissa
1118 1244 1220 1274 modo
1256 1254 1322 1283 quo
1358 1244 1543 1283 prefertur,
1580 1245 1690 1275 eciam
1729 1244 1877 1274 durante

498 1288 711 1318 Visitacione
740 1288 996 1327 Metropolitica
1023 1288 1239 1327 supradicta3
1270 1289 1506 1328 premissaque
1535 1289 1651 1318 onmia
1674 1291 1710 1318 et
1741 1288 1877 1327 singula

499 1334 749 1362 excercuerunt
762 1335 796 1362 et
808 1332 977 1369 fecerunt,
987 1332 1162 1362 excercuit
1174 1334 1209 1362 et
1222 1332 1316 1369 fecit,
1326 1342 1572 1372 excercereque
1585 1334 1621 1362 et
1634 1332 1749 1363 facere
1763 1342 1877 1363 excer-

499 1376 569 1406 ceri
585 1386 647 1415 per
663 1376 749 1406 alios
763 1378 1028 1413 consueverunt,
1043 1378 1077 1406 et
1091 1376 1270 1406 consuevit
1281 1376 1426 1416 quilibet
1437 1377 1636 1414 eorundem,
1647 1386 1709 1415 per
1721 1379 1880 1415 tempora

498 1420 678 1459 prelibata,
696 1421 805 1450 eciam
825 1420 973 1450 durante
990 1420 1203 1450 Visitacione
1222 1420 1478 1460 Metropolitica
1494 1420 1703 1460 hujusmodi,
1713 1429 1821 1460 usque
1834 1420 1878 1450 ad

498 1471 637 1503 tempus
650 1465 893 1502 gravaminum
906 1474 968 1503 per
984 1464 1248 1503 infrascriptum
1266 1464 1554 1495 Cantuariensem
1570 1464 1878 1504 Archiepiscopum

498 1508 611 1538 eidem
644 1508 802 1545 Domino,
828 1508 1015 1538 Exoniensi
1040 1508 1220 1547 EpiscopO,
1245 1518 1427 1548 perperam
1458 1508 1646 1546 illatorum,
1670 1508 1812 1548 pacifice
1844 1510 1879 1538 et

499 1552 636 1591 quiete3
661 1562 726 1592 que
751 1552 868 1582 omnia
891 1552 1035 1582 fuerunt
1059 1562 1079 1582 a
1103 1554 1259 1591 tempore
1283 1555 1318 1582 et
1343 1562 1405 1592 per
1428 1555 1567 1592 tempus
1591 1553 1690 1592 cujus
1714 1552 1879 1583 contrarii

499 1597 666 1626 memoria
698 1596 879 1626 hominum
910 1606 980 1626 non
1012 1596 1140 1632 existit,
1174 1598 1209 1626 et
1241 1598 1323 1626 sunt
1354 1597 1389 1626 in
1420 1597 1585 1635 presenti,
1610 1597 1695 1627 adeo
1729 1596 1877 1636 publica,

499 1640 696 1677 manifesta,
726 1643 761 1670 et
787 1640 925 1670 notoria
956 1641 1047 1680 quod
1078 1640 1174 1670 nulla
1204 1642 1351 1680 possunt
1383 1641 1675 1678 tergiversacione
1707 1640 1812 1670 celari
1842 1640 1879 1670 in

501 1684 652 1715 Civitate
669 1687 704 1714 et
723 1684 859 1715 Diocesi
876 1684 1075 1723 prelibatis;
1093 1684 1251 1723 quodque
1265 1694 1305 1714 ex
1316 1687 1415 1723 parte
1429 1684 1513 1714 dicti
1524 1684 1742 1715 Venerabilis
1755 1684 1879 1722 Patris,

502 1728 641 1758 Domini
670 1729 809 1765 Thome,
840 1728 1046 1758 Exoniensis
1073 1728 1244 1767 Episcopi,
1271 1728 1401 1767 integri
1434 1730 1555 1766 status,
1588 1728 1676 1758 bone
1708 1728 1812 1766 fame,
1844 1730 1880 1759 et

501 1773 671 1811 opinionis
696 1773 801 1809 illese,
826 1775 929 1812 atque
954 1773 989 1802 in
1013 1773 1229 1811 possessione
1252 1772 1500 1811 premissorum
1524 1773 1659 1803 notorie
1676 1772 1880 1810 existentis;

501 1817 700 1853 metuentis,
725 1819 854 1853 tamen,
880 1826 921 1846 ex
945 1816 1153 1855 quibusdam
1177 1816 1291 1846 causis
1314 1816 1551 1855 probabilibus
1575 1818 1610 1847 et
1634 1816 1881 1847 verisimilibus

503 1861 722 1900 conjecturis,
741 1860 806 1890 sibi
824 1860 915 1890 circa
932 1862 1072 1897 statum,
1090 1861 1156 1900 jus,
1174 1863 1210 1890 et
1226 1860 1479 1899 possessionem
1503 1870 1566 1891 sua
1588 1860 1759 1899 premissa
1775 1870 1880 1899 grave

502 1914 602 1943 posse
630 1904 665 1933 in
690 1904 850 1933 futurum
877 1904 1108 1943 prejudicium
1137 1904 1317 1943 generari;
1341 1914 1384 1934 ne
1413 1904 1489 1943 quis
1516 1904 1637 1943 quavis
1660 1904 1880 1942 auctoritate,

504 1958 718 1987 quocumque
732 1948 867 1987 quesite
879 1948 982 1977 titulo
993 1948 1047 1978 vel
1059 1948 1181 1985 colore,
1195 1948 1231 1977 in
1244 1948 1352 1986 ipsius
1369 1948 1586 1978 Venerabilis
1602 1948 1727 1986 Patris,
1741 1947 1881 1978 Domini

504 1992 644 2030 Thome,
674 1992 878 2021 Exoniensis
902 1991 1073 2030 Episcopi,
1098 1992 1330 2031 prejudicium
1355 1992 1446 2022 circa
1472 1992 1721 2031 premissorum
1743 1991 1882 2031 aliquod

505 2036 688 2076 quicquam
716 2038 954 2075 attemptaret,
982 2045 1042 2066 seu
1067 2035 1199 2066 faceret
1227 2035 1424 2074 aliqualiter
1447 2036 1670 2075 attemptari,
1695 2035 1739 2065 ad
1764 2035 1881 2066 Sacro·

506 2082 663 2110 sanctam
683 2079 807 2109 Sedem
824 2079 1071 2118 Apostolicam,
1088 2080 1214 2118 palam,
1232 2080 1378 2118 publice,
1397 2082 1432 2110 et
1455 2080 1611 2118 legitime
1628 2079 1745 2110 extitit
1761 2089 1882 2118 provo-

505 2127 632 2154 catum.
682 2124 846 2163 Quodque
870 2124 962 2153 idem
997 2123 1215 2154 Venerabilis
1240 2124 1354 2161 Pater,
1380 2124 1548 2153 Dominus
1573 2123 1732 2161 Thomas,
1759 2123 1883 2153 Exoni-

506 2169 598 2198 ensis
625 2168 824 2207 Episcopus,
858 2170 980 2197 cont-ra
1007 2168 1173 2207 quosdam
1206 2167 1459 2205 malefactores,
1486 2177 1627 2197 suarum
1656 2167 1817 2198 Civitatis
1849 2169 1884 2197 et

507 2212 671 2249 Diocesis,
689 2222 834 2251 quorum
851 2212 993 2241 nomina
1009 2214 1044 2241 et
1060 2222 1225 2250 personas
1242 2212 1373 2250 pariter
1396 2212 1581 2251 ignoravit,
1599 2211 1657 2251 qui
1674 2221 1760 2242 ausu
1776 2213 1883 2241 teme-

507 2257 598 2286 rario
626 2258 661 2285 et
692 2258 810 2285 mente
842 2256 1020 2294 sacrilega,
1053 2266 1130 2285 cum
1163 2256 1288 2285 turmis
1316 2256 1352 2285 in
1378 2256 1603 2286 multitudine
1631 2255 1777 2294 copiosa,
1805 2265 1883 2285 cum

507 2301 721 2330 diversorum
739 2310 915 2329 armorum
932 2300 1116 2338 generibus
1133 2300 1269 2337 armati,
1284 2300 1327 2329 ad
1341 2299 1530 2330 Ecclesiam
1545 2309 1642 2329 suam
1657 2299 1884 2338 Collegiatam

509 2344 635 2374 Sancte
662 2344 793 2381 Crucis,
821 2343 1022 2381 Criditonie,
1052 2343 1088 2373 in
1118 2344 1220 2373 Festo
1248 2344 1494 2382 Apostolorum
1523 2343 1673 2383 Philippi
1702 2345 1737 2373 et
1764 2342 1885 2373 Jacobi

507 2388 663 2427 proximo
678 2388 856 2426 preterito,
874 2389 1105 2425 accesserunt,
1117 2390 1152 2418 et
1169 2397 1264 2417 more
1278 2387 1395 2417 hostili
1408 2387 1554 2417 eandem
1568 2387 1758 2418 Ecclesiam
1775 2387 1882 2416 intra-

508 2434 600 2469 runt,
618 2441 657 2462 ac
674 2432 709 2461 in
727 2432 898 2471 quendam
916 2431 1111 2461 «Iohannem
1137 2431 1239 2469 Cade,
1265 2431 1300 2461 in
1317 2431 1437 2461 eadem
1456 2431 1610 2462 Ecclesia
1626 2431 1833 2461 existentem
1850 2432 1885 2460 et

509 2476 651 2506 Missam
680 2485 777 2505 suam
806 2475 891 2504 inibi
920 2475 1131 2512 audientem,
1162 2485 1287 2505 manus
1314 2475 1511 2515 injecerunt
1542 2477 1673 2505 temere
1704 2475 1883 2511 violentas,

509 2520 688 2559 eidemque
705 2519 818 2549 minas
835 2519 957 2548 mortis
981 2519 1186 2557 intulerunt,
1212 2521 1246 2549 et
1270 2519 1508 2549 inhumaniter
1530 2520 1809 2558 pertractarunt;
1833 2527 1883 2556 ac,

508 2563 707 2603 hujusmodi
735 2563 914 2593 maleficiis
939 2573 1008 2592 non
1036 2563 1201 2600 contenti,
1231 2565 1284 2592 set
1311 2563 1427 2592 animo
1452 2563 1615 2592 indurato
1643 2564 1679 2592 et
1705 2562 1885 2601 pertinaci,

509 2607 703 2637 Presidenti
722 2606 926 2637 Consistorii
943 2606 1051 2645 ipsius
1068 2607 1261 2636 Reverendi
1286 2607 1409 2643 Patris,
1436 2606 1596 2645 Episcopi
1614 2606 1828 2643 Exoniensis,
1846 2614 1886 2635 ac

509 2651 634 2681 ceteris
651 2651 807 2691 ejusdem
824 2650 1029 2681 Consistorii
1048 2650 1218 2680 Ministris
1234 2651 1346 2680 minas
1363 2650 1486 2680 mortis
1498 2652 1534 2680 et
1547 2650 1721 2680 cruciatus
1734 2649 1886 2689 corporis

508 2695 668 2734 nequiter
683 2695 888 2732 intulerunt,
905 2695 1087 2734 ipsumque
1104 2695 1345 2724 Reverendum
1370 2695 1511 2724 Patrem
1535 2696 1571 2724 et
1595 2694 1772 2724 Ministros
1797 2702 1885 2731 suos,

509 2739 796 2769 Jurisdiccionem
821 2748 918 2768 suam
943 2739 979 2767 in
1004 2738 1155 2768 Civitate
1180 2738 1310 2768 Exonie
1334 2739 1500 2778 predicta,
1525 2740 1561 2768 et
1585 2738 1661 2768 aliis
1679 2737 1777 2768 Locis
1794 2737 1885 2767 dicte

509 2792 569 2813 sue
587 2783 741 2812 Diocesis
759 2782 823 2812 sibi
833 2782 991 2820 subditis,
1005 2782 1121 2812 debite
1135 2792 1324 2820 excercere,
1338 2792 1377 2812 ac
1392 2782 1643 2812 Consistorium
1656 2791 1756 2812 suum
1765 2783 1884 2811 tenere

510 2829 546 2856 et
562 2826 736 2857 celebrare
753 2827 919 2864 volentes,
936 2826 973 2856 in
989 2828 1024 2856 et
1042 2836 1145 2865 super
1160 2826 1227 2856 hiis
1244 2836 1309 2866 que
1333 2827 1377 2856 ad
1400 2826 1514 2866 ipsum
1538 2826 1672 2857 notorie
1694 2825 1883 2865 pertinent,
