1987 3062
347 248 439 292 468
556 261 654 293 THE
690 261 930 294 REGISTER
965 261 1026 292 oF
1058 261 1234 294 BISHOP
1265 261 1676 297 BRANTYNGHAM.

346 362 421 388 AD·
454 365 608 404 Thomas,
642 369 717 404 etc.,
742 367 906 397 universis
929 369 964 397 et
987 366 1125 406 singulis
1149 369 1261 397 nostre
1285 367 1493 398 Cathedralis
1518 367 1662 398 Ecclesie
1687 366 1871 405 Canonicis,

347 396 440 455 {2321
498 409 720 440 residentibus
744 414 777 440 et
794 421 858 440 non
884 410 1116 448 residentibus,
1135 411 1345 449 presentibus
1369 416 1403 441 et
1426 411 1559 449 futuris,
1578 414 1611 441 et
1634 411 1705 441 aliis
1729 420 1872 450 quorum

404 450 409 455 '
445 449 450 455 ’
497 452 637 483 interest
653 464 709 483 seu
735 464 817 493 quos
842 453 1090 493 infrascriptum
1116 454 1225 493 tangit
1250 454 1434 493 negocium,
1451 465 1507 484 seu
1533 458 1668 494 tangere
1692 453 1815 494 poterit
1838 453 1872 483 in

497 496 662 534 futurum,
691 497 833 526 salutem
865 500 899 527 et
931 497 977 526 rei
1008 500 1099 535 geste
1131 497 1322 527 memoriam
1357 498 1569 537 perhenniter
1600 497 1872 528 retinere—Etsi

499 542 694 569 cunctarum
721 540 939 570 Ecclesiarum
964 544 1076 570 nostre
1102 540 1255 579 Diocesis,
1283 544 1396 571 nostro
1427 541 1580 580 regimini
1610 541 1870 577 commissarum,

498 582 704 613 utilitatibus
720 594 760 613 ex
783 587 955 622 assumpto
981 583 1156 613 pastoralis
1180 584 1400 614 solicitudinis
1424 584 1529 615 officio
1555 585 1737 624 prospicere
1760 587 1870 613 tenea-

497 635 573 655 mur
588 636 595 663 ;
619 626 853 665 principaliter,
871 629 993 662 tamen,
1012 629 1045 657 et
1062 627 1213 667 precipue
1231 638 1288 667 pro
1304 628 1541 658 reformacione
1558 631 1666 658 status
1684 631 1716 657 et
1740 627 1873 657 honoris

496 669 584 699 dicte
616 670 759 699 Ecclesie
791 670 916 709 Sponse
949 671 1190 700 Canonicorum
1222 674 1256 701 et
1283 671 1421 701 alioruin
1452 672 1681 701 Ministrorum
1711 670 1872 710 ejusdem,

496 712 622 751 jugiter
639 716 672 742 et
689 713 844 743 continue
862 713 983 743 ibidem
1003 714 1072 743 Deo
1089 713 1337 752 famulancium,
1357 715 1512 752 utilitate,
1533 725 1617 753 pace,
1636 718 1671 745 et
1687 713 1872 754 tranquilli-

497 759 567 785 tate
584 756 762 795 communi,
780 767 839 787 nos
863 759 1004 796 oportet,
1029 767 1106 787 cum
1129 768 1211 795 opus
1237 758 1347 796 fuerit,
1366 768 1441 788 cuin
1459 758 1632 798 vigilancia
1655 757 1769 788 sedula
1792 756 1873 786 totis

498 799 623 829 viribus
640 800 804 830 insudare.
853 800 937 830 Sane
954 800 1044 830 dicta
1063 800 1205 830 Ecclesia
1222 804 1344 838 nostra,
1362 801 1490 831 dudum
1516 801 1722 840 temporibus
1747 800 1871 829 Beatis-

497 842 572 872 simi
590 842 793 873 Confessoris
810 843 974 880 Edwardi‚
994 844 1090 883 Regis
1108 843 1225 883 Anglie
1241 844 1391 882 illustris,
1410 845 1569 874 translata
1587 844 1771 883 Episcopali
1789 843 1873 873 Sede

497 886 538 915 de
553 886 722 916 Criditone
735 887 776 916 ad
790 887 968 917 Civitatem
984 888 1213 925 Exoniensem,
1229 887 1436 918 Cathedralis
1450 888 1555 928 primo
1572 888 1695 925 effecta,
1712 897 1749 917 ac
1761 886 1875 917 subse-

498 933 640 968 quenter
663 930 765 969 ipsius
792 930 888 969 Regis
908 930 1023 969 Anglie
1047 930 1260 968 devotissimi,
1279 941 1571 970 successorumque
1595 941 1731 961 suorum
1756 930 1874 969 Anglie

499 972 638 1011 Regum,
656 976 689 1002 et
705 973 844 1003 alioruin
863 973 1058 1003 devotorum
1078 974 1130 1013 pia
1147 974 1353 1012 liberalitate,
1371 975 1412 1004 de
1430 975 1594 1012 Maneriis,
1614 973 1776 1011 Ecclesiis,
1802 983 1873 1012 pre-

497 1015 569 1053 diis,
588 1021 621 1045 et
637 1016 896 1055 possessionibus
914 1017 1151 1055 temporalibus
1176 1021 1210 1046 et
1233 1017 1471 1056 spiritualibus,
1492 1029 1548 1057 pro
1574 1017 1816 1048 Canonicorum
1840 1018 1874 1046 et

497 1058 636 1089 aliorum
657 1060 886 1089 Ministrorum
904 1060 1083 1090 necessaria
1099 1064 1133 1090 et
1150 1060 1289 1091 honesta
1305 1062 1551 1091 sustentacione
1568 1061 1703 1097 collatis,
1722 1060 1873 1097 fundata,

499 1102 622 1140 dotata,
640 1110 674 1132 et
691 1103 806 1141 ditata,
826 1114 882 1143 pre
899 1103 1016 1133 ceteris
1033 1103 1137 1142 Regni
1157 1104 1308 1134 Ecclesiis
1326 1104 1375 1134 sui
1393 1108 1511 1142 status,
1530 1115 1586 1143 per
1602 1114 1721 1144 magna
1738 1114 1776 1133 ex
1795 1106 1875 1133 tunc

498 1146 693 1176 continuata
710 1150 868 1186 tempora,
887 1147 1070 1176 secundum
1091 1147 1322 1177 Fundatorum
1346 1147 1497 1187 ejusdem
1523 1147 1745 1177 intencionem
1770 1149 1804 1177 et
1828 1146 1874 1175 in-

498 1189 713 1219 stitucionem
749 1189 948 1229 primariam,
975 1190 1007 1219 in
1039 1190 1220 1229 tranquilla
1254 1201 1330 1229 pace
1362 1194 1395 1221 et
1426 1190 1574 1221 fraterna
1601 1191 1738 1220 caritate
1762 1189 1875 1220 floruit

497 1232 674 1271 eleganter,
695 1233 782 1263 sicut
797 1243 837 1263 ex
856 1233 964 1263 Carris
990 1233 1108 1272 Regiis,
1135 1234 1332 1273 Apostolicis
1356 1234 1485 1272 Literis,
1504 1237 1538 1265 et
1561 1235 1632 1264 aliis
1657 1233 1876 1264 Munimentis

498 1278 532 1305 et
550 1276 766 1306 Docunientis
782 1276 939 1315 legitimis
958 1276 1050 1306 nobis
1067 1280 1206 1315 constat,
1225 1280 1258 1307 et
1274 1277 1345 1307 aliis
1362 1281 1511 1307 constare
1529 1277 1652 1317 poterit
1676 1277 1871 1307 luculenter.

501 1318 668 1357 Ceterum,
686 1319 815 1349 effluxis
840 1319 1054 1360 postmodum
1078 1330 1241 1350 annorum
1268 1320 1412 1360 plurium
1438 1321 1620 1359 curriculis,
1640 1323 1739 1360 prout
1762 1320 1876 1359 displi-

499 1365 610 1392 center
638 1363 837 1401 audivimus,
863 1363 1018 1393 Maneriis
1042 1367 1076 1393 et
1101 1364 1263 1401 Ecclesiis,
1288 1374 1325 1394 ac
1349 1365 1609 1403 possessionibus
1632 1364 1705 1394 aliis
1728 1363 1875 1402 antiquis

499 1405 587 1435 dicte
618 1406 758 1436 Ecclesie
786 1409 906 1442 nostre,
936 1417 1011 1436 cum
1043 1406 1243 1446 quibusdam
1271 1407 1371 1437 eciam
1402 1408 1555 1438 Ecclesiis
1584 1407 1738 1447 Capitulo
1763 1410 1877 1436 nostro

501 1448 637 1479 diversis
654 1450 788 1489 insuper
806 1450 1011 1489 temporibus
1029 1450 1191 1481 Canonice
1215 1451 1443 1490 appropriatis,
1462 1451 1524 1481 sub
1548 1451 1681 1481 nomine
1706 1450 1877 1480 firmarum

501 1495 534 1522 et
565 1492 784 1530 firmularum,
814 1493 987 1523 Canonicis
1013 1493 1236 1532 singularibus
1266 1504 1324 1533 pro
1356 1494 1515 1533 singulari
1547 1505 1660 1524 eorum
1693 1493 1875 1530 commodo,

501 1535 676 1566 ambiciosa
692 1537 902 1576 quorundam
919 1536 1106 1567 subtilitate
1122 1547 1159 1567 ac
1175 1537 1315 1567 aliorum
1332 1538 1462 1577 propria
1486 1541 1519 1568 et
1536 1541 1729 1577 presumpta
1746 1536 1878 1567 temeri-

501 1582 580 1617 tate,
606 1580 735 1609 omissis
760 1580 1000 1610 licitacionibus
1024 1580 1213 1619 antiquitus
1244 1581 1420 1617 consuetis,
1445 1581 1487 1611 ad
1519 1582 1646 1611 firmam
1678 1580 1811 1610 traditis
1842 1582 1877 1609 et

501 1623 661 1652 concessis
679 1633 736 1662 pro
753 1623 850 1653 certis
875 1623 1088 1663 pensionibus
1112 1623 1240 1662 annuis,
1258 1624 1312 1654 vix
1337 1625 1551 1654 medietatem
1572 1623 1659 1664 justi
1675 1622 1878 1663 ‚hujusmodi

503 1666 601 1704 precii
630 1666 880 1703 excedentibus,
910 1667 986 1696 licet
1013 1667 1166 1706 qualiter,
1196 1670 1231 1697 et
1259 1678 1276 1696 a
1308 1667 1430 1707 quibus
1456 1668 1507 1698 vel
1538 1678 1556 1697 a
1588 1678 1653 1707 qua
1681 1666 1879 1697 auctoritate

502 1709 695 1740 constitutis
712 1713 746 1740 et
762 1709 926 1749 impositis
943 1712 1056 1749 patere
1081 1720 1146 1740 non
1171 1710 1288 1748 valeat,
1306 1711 1430 1741 nedum
1455 1722 1493 1741 ex
1518 1711 1676 1741 indebitis
1701 1714 1735 1740 et
1758 1710 1881 1749 iniquis

504 1752 698 1792 hujusmodi
715 1753 954 1783 tradicionibus
971 1757 1005 1782 et
1023 1753 1217 1792 pensionum
1236 1764 1294 1793 pro
1312 1753 1414 1783 firmis
1432 1754 1619 1784 debitarum
1644 1753 1878 1784 retal-dacioni-

505 1796 564 1825 bus
582 1799 616 1825 et
634 1796 985 1834 procrastinacionibus
1002 1796 1244 1836 frequentibus,
1260 1802 1293 1827 et
1306 1797 1611 1838 interdum—quod
1625 1796 1878 1828 intollerabilius

504 1849 573 1868 esse
590 1839 888 1869 dinoscitur—tam
906 1840 984 1879 ipsis
1001 1840 1238 1879 superstitibus
1255 1850 1355 1879 quani
1374 1844 1448 1879 post
1472 1851 1584 1871 eorum
1609 1841 1779 1870 decessum
1804 1839 1879 1870 sub-

505 1882 669 1912 traccione
700 1882 840 1913 subdola
870 1883 1060 1921 earundem,
1089 1893 1216 1913 necnon
1248 1894 1288 1913 ex
1319 1894 1356 1913 eo
1380 1884 1468 1923 quod
1492 1884 1705 1924 quamplures
1729 1883 1879 1923 ejusdem

507 1925 650 1955 Ecclesie
668 1930 778 1955 nostre
803 1926 970 1963 Canonici,
994 1926 1158 1965 completa
1183 1927 1278 1956 unica
1301 1928 1435 1957 annuali
1460 1928 1649 1965 residencia‚
1675 1927 1785 1957 firmas
1811 1926 1879 1965 pin-

506 1968 635 2007 guiores
651 1969 825 1999 casualiter
841 1969 1040 2008 optinentes,
1061 1973 1096 1999 et
1112 1969 1202 1999 illinc
1218 1970 1342 2010 absque
1359 1970 1470 2000 reditu
1494 1971 1693 2008 recedentes,
1711 1971 1880 2000 firmarum

507 2022 643 2042 suarum
668 2012 862 2051 hujusmodi
885 2013 1124 2042 excrescencias
1147 2023 1211 2052 que
1235 2012 1268 2043 in
1294 2014 1422 2053 prefata
1446 2014 1556 2044 forent
1588 2013 1732 2044 Ecclesia
1762 2023 1880 2053 expen-

509 2055 625 2091 dende,
639 2055 673 2085 in
690 2055 768 2085 locis
779 2055 849 2085 aliis
866 2055 907 2085 ab
923 2055 1048 2093 eadem,
1062 2055 1165 2086 eciam
1177 2059 1272 2086 extra
1288 2060 1434 2087 nostram
1450 2057 1623 2095 Diocesim,
1635 2056 1838 2087 distantibus
1849 2058 1882 2086 et

509 2098 655 2137 remotis,
681 2101 883 2128 consumunt
907 2098 1064 2134 indebite,
1093 2099 1148 2128 ubi
1172 2104 1222 2129 est
1245 2100 1290 2129 eis
1315 2100 1474 2139 placitum
1499 2105 1742 2138 conversantes,
1768 2103 1881 2130 contra

508 2141 757 2172 institucionem
776 2142 864 2172 dicte
882 2142 1024 2172 Ecclesie
1041 2145 1074 2172 et
1091 2142 1241 2182 ejusdem
1255 2143 1483 2173 Fundatoruni
1502 2144 1724 2174 intencionem
1744 2154 1750 2179 ;
1767 2142 1881 2173 ceteris

509 2185 577 2215 suis
595 2185 826 2215 Confratribus
839 2185 871 2215 iu
889 2185 978 2215 dicta
992 2185 1135 2215 Ecclesia
1151 2186 1246 2225 quasi
1262 2186 1455 2216 continuam
1469 2187 1644 2226 agentibus
1657 2186 1879 2223 residenciam,

510 2239 547 2258 ac
561 2229 690 2268 pondus
705 2228 770 2258 diei
782 2232 816 2259 et
829 2231 920 2258 estus
936 2229 1169 2266 subeuntibus,
1184 2229 1293 2259 firmas
1307 2231 1440 2269 exiguas
1457 2234 1490 2260 et
1503 2241 1618 2270 parum
1633 2229 1882 2260 comniodiferas

511 2272 678 2309 assecutis,
711 2271 811 2302 nichil
844 2272 976 2311 penitus
1007 2272 1219 2309 tribuentes3
1250 2273 1338 2302 dicte
1370 2273 1513 2303 Ecclesie
1543 2277 1655 2303 nostre
1693 2273 1880 2310 honoribus,

511 2315 652 2354 juribus,
671 2318 705 2345 et
720 2315 941 2353 libertatibus,
955 2318 989 2345 et
1002 2315 1119 2346 Cultui
1135 2315 1256 2346 Divino
1273 2316 1306 2346 in
1320 2317 1435 2346 eadem
1449 2317 1679 2357 multipliciter
1694 2317 1879 2355 derogatur.

514 2359 664 2395 Proinde,
690 2359 779 2398 quod
803 2368 869 2388 non
894 2358 1018 2397 absque
1041 2359 1133 2397 gravi
1156 2359 1263 2389 cordis
1293 2360 1516 2390 amaritudine
1547 2360 1730 2398 referimus,
1759 2367 1882 2398 nosque

514 2401 575 2440 ipsi
592 2402 702 2441 sepius
719 2412 777 2441 per
793 2402 1031 2440 experienciam
1049 2402 1234 2439 didicimus,
1252 2413 1291 2432 ex
1308 2402 1426 2433 litibus
1442 2406 1475 2433 et
1492 2403 1750 2433 dissensionibus
1774 2401 1882 2432 multi-

513 2444 636 2484 phariis
668 2445 833 2474 occasioue
865 2444 1059 2484 hujusmodi
1091 2445 1260 2475 firmarum
1293 2448 1327 2475 et
1357 2445 1562 2476 firmularum
1587 2447 1675 2476 inter
1707 2445 1883 2477 Canonicos

514 2487 782 2527 frequentissime
805 2488 973 2518 suscitatis
996 2491 1030 2518 et
1053 2488 1158 2517 indies
1181 2488 1469 2526 invalescentibus,
1494 2489 1584 2520 dicta
1609 2489 1752 2520 Ecclesia
1774 2491 1884 2518 nostra

515 2531 696 2570 plurimum
714 2531 964 2568 scandalizatur,
982 2541 1018 2561 ac
1036 2531 1251 2561 Confi-atrum
1270 2535 1387 2562 mutua
1404 2536 1437 2562 et
1453 2532 1592 2562 invicem
1617 2533 1728 2572 jurata
1744 2531 1883 2562 fidelitas

516 2583 581 2603 non
606 2577 767 2606 servatur.
816 2574 914 2604 Unde
937 2584 1036 2613 super
1060 2574 1226 2613 premissis
1251 2578 1285 2604 et
1307 2575 1378 2605 aliis
1407 2575 1622 2605 abusionibus
1646 2579 1680 2606 et
1702 2573 1884 2605 excessibus

516 2616 734 2646 reformandis
758 2620 793 2646 et
809 2617 920 2647 debite
937 2617 1146 2656 corrigendis,
1164 2618 1287 2648 vocatis
1310 2618 1464 2648 omnibus
1488 2621 1522 2648 et
1544 2619 1682 2658 singulis
1706 2616 1885 2652 Canonicis,

516 2659 612 2698 juxta
629 2659 802 2698 antiquam
820 2660 1018 2690 laudabilem
1038 2660 1322 2690 Consuetudinem
1340 2661 1428 2691 dicte
1447 2661 1588 2692 Ecclesie
1605 2665 1715 2692 nostre
1731 2662 1886 2691 hactenus

518 2702 686 2739 usitatam,
715 2713 790 2732 cum
822 2703 961 2733 aliorum
994 2713 1057 2733 non
1092 2702 1250 2734 intererat
1281 2704 1313 2734 in
1347 2704 1408 2734 hac
1438 2708 1541 2743 parte,
1567 2705 1607 2735 ad
1631 2702 1884 2744 comparendum

517 2755 625 2775 coram
642 2745 736 2775 nobis
752 2746 786 2775 in
804 2745 910 2776 Domo
929 2746 1112 2785 Capitulari
1135 2746 1286 2786 ejusdem
1308 2748 1574 2787 competentibus
1598 2749 1639 2778 ad
1663 2748 1724 2778 hoc
1740 2743 1887 2777 terminis

517 2788 700 2827 assignatis,
718 2792 752 2818 et
768 2799 826 2827 per
848 2789 1090 2819 contumaciam
1115 2790 1320 2828 absentibus,
1341 2793 1379 2820 ut
1403 2794 1454 2820 est
1476 2791 1585 2829 moris,
1610 2791 1720 2820 debite
1743 2785 1886 2829 preconi-
1919 2808 1926 2817 .

516 2831 607 2869 zatis,
625 2834 659 2860 et
675 2831 706 2861 in
725 2831 885 2862 terminos
903 2832 1075 2862 ulteriores
1092 2832 1132 2862 de
1148 2833 1254 2873 gracia
1272 2833 1453 2873 expectatis
1470 2844 1535 2864 non
1552 2833 1827 2875 comparentibus,
1840 2831 1889 2860 seb

1972 1361 1987 1479 “aex2„=*›1-:
1974 1311 1987 1333 .κί
1976 1284 1987 1300 ·’,
1976 1251 1987 1274 ’,Γ
1979 1226 1987 1234 ν

1975 1651 1981 1659 “
1971 1577 1987 1642 .;;,>..“Δ..
1971 1491 1987 1572 ‘minim
