1987 3062
247 225 341 268 226

445 235 546 268 THE
581 235 824 269 REGISTER
859 235 918 268 OF
954 235 1129 268 BISHOP
1164 233 1564 267 BRANTYNGHAM.

251 339 328 365 A-D·
360 340 512 378 Thomas,
530 342 603 379 ete„
621 339 795 380 Religiosis
810 340 906 378 Viris,
932 339 1118 379 Bodmynie
1141 343 1176 371 et
1199 339 1403 371 Launstonie
1427 339 1640 370 Prioratuum
1657 334 1777 366 Priori-

254 372 328 399 1370.

254 406 317 432 Vol.
334 405 357 431 Ι.

252 466 303 492 fol.
316 467 340 492 3.

405 384 477 422 bus,
495 394 531 414 ac
547 383 690 414 discreto
704 383 782 421 viro,
796 384 927 414 Rectori
944 383 1087 413 Ecclesie
1102 383 1299 414 Parochialis
1314 383 1427 414 Sancti
1443 381 1608 421 Maugani,
1626 380 1778 415 salutem,

405 427 600 458 ete—Cum
617 437 686 465 nos,
705 427 802 457 certis
819 437 859 457 ex
875 427 981 457 causis
1004 430 1038 456 et
1060 427 1217 465 legitimis
1240 437 1300 457 nos
1316 427 1348 456 in
1366 427 1426 456 hac
1443 429 1536 465 parte
1553 423 1777 458 moventibus,

405 470 446 501 de
463 470 618 508 moribus,
636 470 712 507 vita,
731 473 765 500 et
781 470 1030 500 conversacione
1047 470 1199 509 Hngonis
1217 470 1372 508 Filberte,
1390 470 1564 499 Rectorem
1584 466 1725 497 Ecclesie
1738 465 1780 494 de

406 513 438 544 Ia
454 513 565 544 Roche
588 524 621 543 se
644 513 793 552 dicentis,
818 524 860 544 an
884 513 1012 553 prefate
1035 513 1179 544 Ecclesie
1202 514 1409 544 deserviatur
1432 511 1643 542 laudabiliter
1665 509 1698 539 in
1722 508 1778 538 Di-

411 557 509 595 vinis,
527 560 561 587 et
577 557 763 587 animarum
780 567 856 586 cura
872 557 905 586 in
923 556 993 596 ipsa
1006 557 1118 587 debite
1134 560 1352 596 supportetur
1367 567 1408 586 an
1425 566 1477 593 ne,
1498 557 1631 594 propter
1648 551 1781 582 sinistra

407 600 516 640 aliqua
539 600 817 630 incontinenciam
843 600 1076 630 concernencia
1099 611 1163 640 que
1187 600 1338 630 dolenter
1361 599 1551 629 audivimus
1582 597 1622 627 de
1653 595 1780 631 eodem,

409 643 579 674 cerciorari
595 643 712 673 intime
729 646 760 673 et
778 643 995 673 effectualiter
1011 644 1202 674 affectemus
1218 653 1225 681 3
1249 643 1351 681 vobis,
1365 641 1572 682 conjunctim
1588 643 1623 670 et
1639 638 1781 674 divisim,

409 686 652 717 committimus
676 690 711 717 et
734 687 940 725 mandamns,
966 686 1106 717 firmiter
1128 686 1353 727 injungentes,
1373 685 1531 726 quatinus
1548 685 1588 714 de
1605 681 1782 723 premissis,

410 733 444 760 et
459 732 602 769 gestura,
618 740 744 760 necnon
760 730 1014 765 incontinencia,
1029 730 1180 770 Hugonis
1196 730 1346 770 predicti,
1362 729 1460 769 juxta
1476 728 1642 768 publicam
1658 725 1782 755 famam

410 773 444 804 in
462 773 539 804 villa
555 773 595 803 de
612 773 643 803 la
658 773 771 803 Roche
794 773 940 813 predicta
964 777 999 804 et
1020 773 1092 804 aliis
1115 773 1193 804 locis
1217 773 1467 811 circumvicinis,
1486 775 1525 802 ut
1541 771 1675 807 dicitur,
1693 769 1781 799 labo-

413 821 553 854 rantem,
571 827 629 856 per
644 816 730 847 viros
746 816 939 856 fidedignOS,
954 817 1085 857 plenam
1101 817 1134 847 in
1151 817 1211 847 hac
1228 820 1320 856 parte
1331 816 1486 846 noticiam
1500 815 1698 850 obtinentes,
1711 822 1783 852 pre-

412 859 481 890 fato
500 859 635 899 Hugoni
651 860 788 890 minime
804 863 982 900 suspectos,
999 860 1098 900 juxta
1113 860 1347 891 discrecionem
1364 859 1455 890 vobis
1472 870 1490 888 a
1506 858 1575 889 Deo
1592 857 1715 892 datam,
1728 865 1781 884 vo-

411 906 484 933 cato
501 903 541 933 ad
559 903 620 933 hoc
636 903 792 943 primitus
811 903 952 943 Hugone
968 904 1125 944 predicto,
1142 903 1203 934 viis
1227 907 1260 934 et
1283 903 1389 933 modis
1412 902 1534 943 quibus
1550 900 1669 931 melius
1686 909 1782 938 expe-

412 946 481 977 dire
498 946 656 985 videritis,
674 946 860 987 inquiratis.
909 948 953 977 Et
969 947 1129 987 quicquid
1152 947 1344 977 inveneritis
1360 947 1394 976 in
1410 946 1471 976 hac
1488 948 1591 985 parte,
1608 953 1734 974 necnon
1759 941 1786 971 si

412 990 522 1020 dictus
548 990 645 1029 Hugo
668 1000 767 1030 super
791 990 959 1030 premissis
982 991 1110 1021 notorie
1134 990 1236 1020 fuerit
1259 993 1441 1027 accusatus,
1460 992 1493 1019 et
1510 987 1664 1028 precipue
1688 995 1787 1025 super

413 1033 667 1071 incontinencia,
684 1043 761 1064 cum
785 1044 851 1073 qua
875 1034 926 1064 vel
950 1034 1082 1073 quibus,
1105 1044 1142 1064 ac
1165 1036 1248 1073 quot
1271 1036 1306 1064 et
1329 1032 1442 1073 quales
1466 1032 1543 1069 sint,
1561 1031 1587 1060 si
1604 1030 1712 1061 solute
1736 1028 1788 1059 vel

413 1076 600 1117 conjugate,
617 1079 678 1106 aut
692 1076 796 1116 ipsius
814 1077 966 1116 Hugonis
982 1077 1049 1107 filie
1073 1077 1271 1116 spiritualeS,
1288 1087 1356 1114 noe,
1374 1076 1457 1106 citra
1472 1076 1609 1106 Festum
1628 1074 1788 1111 Assump-

412 1119 514 1150 cionis
530 1120 631 1150 Beate
648 1120 750 1150 Marie
766 1121 917 1159 proximo
933 1120 1098 1157 futurum,
1116 1120 1201 1150 clare
1217 1123 1251 1151 et
1268 1120 1425 1150 distincte
1448 1117 1637 1150 certificetis
1661 1126 1718 1156 per
1736 1115 1787 1145 Li-

412 1165 499 1193 teras
516 1169 650 1202 vestras,
669 1164 886 1194 etc.—Dated
905 1164 1053 1202 medon,
1072 1165 1090 1194 2
1106 1164 1127 1195 J
1132 1163 1198 1203 uly.

367 1228 669 1278 Testamentary
685 1241 696 1276 3
728 1228 1055 1277 Gertvficatorz‘um
1084 1229 1342 1274 Probaeionis,
1365 1235 1440 1274 etc„
1469 1228 1790 1264 Testamentorum

422 1283 455 1330 ἦγ’
475 1282 756 1320 Canonicorum
777 1283 938 1320 Ecclesia
958 1283 1195 1329 Exom'ensis,
1218 1282 1445 1320 auctoritate
1465 1280 1696 1326 Domini,—

370 1346 567 1386 Venerabili,
582 1350 643 1378 etc.
653 1372 660 1385 ,
674 1348 809 1386 Thome,
824 1348 1038 1388 permissione
1052 1348 1172 1378 Divina
1186 1348 1365 1378 Exoniensi
1379 1347 1549 1387 Episcopo,
1564 1355 1645 1376 suus
1655 1342 1792 1375 humilis

280 2685 330 2712 fol.
345 2685 392 2712 ab.

413 1390 476 1430 [et]
493 1391 634 1421 devotus
647 1391 802 1422 Officialis
818 1402 877 1422 sue
891 1392 1067 1422 Peculiaris
1084 1391 1332 1422 Jurisdiceionis
1345 1391 1379 1422 in
1392 1390 1550 1427 Devonia,
1566 1387 1791 1419 obedienciam

415 1438 511 1464 tanto
529 1434 620 1465 Patri
637 1435 782 1465 debitam
800 1445 874 1466 cum
894 1436 982 1466 omni
999 1436 1186 1466 reverencia
1201 1439 1235 1465 et
1247 1433 1625 1466 honore—Mandatum
1644 1434 1791 1462 vestrum

416 1478 645 1513 reverendum,
663 1478 726 1508 sub
742 1488 780 1508 eo
797 1479 854 1518 qui
874 1479 1027 1518 sequitur
1050 1482 1164 1510 tenore
1181 1479 1368 1515 verborum,
1386 1475 1701 1517 recepi,—-—Thomas,
1719 1477 1791 1512 etc.,

417 1525 453 1551 ut
484 1531 585 1561 supra
608 1523 644 1552 in
666 1522 802 1552 secundo
818 1521 904 1561 folio
923 1523 1105 1562 precedente
1127 1522 1187 1561 [see
1209 1532 1291 1562 page
1314 1520 1401 1559 222]
1459 1519 1669 1551 Auctoritate
1700 1518 1791 1548 Man·

417 1564 489 1595 dati
505 1564 607 1596 vestri
623 1565 806 1603 reverendi,
827 1565 1044 1605 Sequestrum
1062 1566 1095 1596 in
1113 1565 1206 1596 bonis
1223 1566 1481 1596 reverendorum
1500 1563 1654 1599 virorum,
1674 1561 1791 1601 Magis-

417 1608 462 1638 tri
489 1608 561 1638 Ade
592 1608 633 1638 de
661 1608 887 1648 Myrimouthe
915 1611 949 1639 et
973 1609 1125 1639 Nicholai
1157 1609 1355 1649 Bagthorpe,
1383 1607 1625 1639 Canonicorum
1651 1604 1794 1635 Ecclesie

418 1654 528 1681 vestre
544 1651 701 1691 predicte,
718 1651 752 1682 in
778 1651 922 1683 Civitate
946 1655 980 1683 et
1003 1652 1132 1683 Diocesi
1155 1652 1311 1691 predictis
1334 1651 1565 1688 existentibus,
1583 1649 1641 1689 per
1664 1658 1730 1687 vos,
1755 1651 1795 1678 ut

419 1694 595 1733 prefertur,
612 1704 649 1725 ac
666 1705 723 1734 per
739 1705 801 1733 me,
819 1695 902 1726 citra
917 1696 1141 1735 recepcionem
1159 1695 1380 1733 Presencium,
1398 1694 1597 1725 auctoritate
1620 1694 1732 1722 vestra
1755 1701 1795 1721 ex

420 1737 629 1768 habundanti
645 1737 890 1778 interpositum,
907 1739 941 1769 in
967 1739 1111 1769 Ecclesia
1127 1742 1236 1769 vestra
1253 1738 1445 1769 Cathedrali
1462 1740 1495 1767 et
1513 1736 1656 1767 Civitate
1673 1734 1793 1765 Exoni-

421 1780 502 1818 ensi,
521 1790 558 1811 ac
573 1780 645 1810 aliis
661 1781 739 1811 locis
756 1782 908 1820 congruis
925 1785 958 1812 et
974 1782 1147 1822 oportunis
1164 1781 1329 1821 publicavi
1345 1784 1379 1811 et
1402 1780 1563 1820 publicari
1586 1779 1649 1809 feci
1664 1788 1671 1816 ;
1695 1788 1731 1808 ac
1754 1777 1795 1807 ad

422 1823 578 1854 noticiam
596 1824 746 1854 omnium
763 1828 797 1854 et
813 1825 1019 1864 singulorum
1037 1835 1179 1865 quorum
1203 1824 1360 1855 interfuit
1376 1824 1499 1854 deduxi
1517 1834 1524 1859 ;
1549 1823 1700 1862 bonaque
1724 1830 1794 1860 pre-

421 1866 521 1905 dicta,
538 1867 649 1897 omnia
665 1870 699 1897 et
715 1867 854 1906 singula,
872 1868 935 1898 sub
950 1871 1022 1898 arto
1039 1872 1073 1898 et
1089 1868 1179 1898 salvo
1195 1868 1236 1898 ad
1260 1870 1393 1907 tempus
1417 1865 1581 1897 custodivi
1605 1865 1795 1904 Sequestro.

424 1910 553 1940 Deinde
561 1910 762 1940 Executores
769 1911 1058 1941 Testamentorum
1072 1911 1296 1950 predictorum
1308 1910 1545 1941 defunctorum
1555 1909 1596 1939 ad
1607 1918 1795 1948 comparen-

425 1953 507 1983 dum
521 1963 630 1984 coram
646 1963 707 1992 me,
720 1954 863 1984 termino
880 1955 1092 1994 competenti,
1107 1955 1320 1984 Testamenta
1333 1952 1528 1993 hujusmodi
1539 1951 1747 1983 exhibituros
1764 1953 1798 1980 et

425 1996 459 2027 in
474 1996 587 2027 debita
598 1996 683 2036 juris
696 1997 803 2027 forma
814 1997 1020 2037 probaturos,
1033 1997 1096 2028 feci
1106 1997 1253 2036 legitime
1264 1997 1399 2027 evocari.
1433 1996 1506 2034 Quo
1517 1995 1660 2026 termino
1672 1995 1796 2024 Execu-

425 2043 513 2070 tores
530 2040 821 2071 Testamentorum
838 2041 1063 2081 predictorum
1080 2041 1317 2071 defunctorum
1339 2050 1446 2071 coram
1471 2050 1524 2070 me
1541 2040 1799 2078 comparuerunt

425 2085 460 2114 et
472 2083 686 2114 Testamenta
699 2083 896 2123 hujusmodi
908 2083 1142 2114 exhibuerunt.
1175 2085 1384 2120 Executores,
1399 2093 1486 2121 vero,
1499 2081 1706 2113 Testamenti
1718 2080 1800 2111 dicti

427 2126 578 2165 Magistri
598 2126 667 2157 Ade
683 2127 907 2157 exhibuerunt
923 2127 1177 2158 Testamentum
1194 2127 1354 2167 ejusdem,
1369 2137 1477 2157 coram
1494 2125 1623 2157 Vicario
1642 2124 1800 2156 Custodis

427 2172 462 2200 et
492 2170 647 2201 Officialis
678 2169 932 2210 Spiritualitatis
964 2171 1181 2211 Episcopatus
1213 2170 1407 2201 Exoniensis
1437 2172 1587 2210 tempore
1619 2167 1800 2199 vacacionis

427 2215 526 2244 antea
551 2213 740 2253 probatum,
764 2213 827 2244 sub
850 2214 929 2244 data
952 2218 1042 2245 xx1¹²0
1068 2213 1132 2254 vijo
1155 2214 1208 2244 die
1238 2214 1360 2244 mensis
1383 2212 1518 2253 Aprilis,
1544 2213 1641 2243 Anno
1666 2210 1800 2241 Domini

428 2256 648 2297 infrascripto,
680 2259 713 2288 et
738 2268 797 2297 pro
821 2258 935 2288 eodem
958 2268 1017 2298 per
1047 2257 1188 2288 eundem
1213 2257 1481 2297 pronunciatum.
1528 2257 1581 2295 Et,
1606 2255 1718 2293 eciam,
1746 2264 1799 2285 ex-

428 2299 614 2331 hibuerunt
630 2300 861 2331 Inventarium
878 2301 919 2331 de
935 2300 1028 2331 bonis
1044 2300 1204 2340 ejusdem,
1222 2301 1264 2331 ad
1280 2300 1341 2331 hoc
1357 2303 1454 2331 antea
1477 2310 1536 2340 per
1558 2300 1702 2329 eundem
1720 2298 1799 2328 Cus-

430 2343 544 2374 todem
568 2343 697 2374 onerati
720 2346 754 2374 et
775 2344 888 2384 jurati,
906 2347 946 2374 ut
969 2344 1118 2384 liquebat
1141 2344 1320 2375 evidenter.
1368 2343 1609 2383 Petieruntque
1634 2341 1801 2372 Adminis-

431 2386 613 2417 tracionem
639 2387 802 2418 bonorum
821 2387 1044 2426 predictorum
1061 2398 1118 2427 per
1134 2397 1195 2426 me,
1221 2387 1419 2418 auctoritate
1434 2389 1554 2424 vestra,
1571 2386 1617 2416 eis
1640 2386 1674 2416 in
1697 2385 1803 2415 forma

432 2429 516 2470 juris
533 2430 700 2461 committi
717 2441 724 2469 3
748 2431 870 2471 quibus
887 2431 933 2461 sic
948 2431 1149 2471 petentibus⁷
1167 2430 1322 2470 primitus
1338 2430 1372 2460 in
1397 2430 1504 2460 forma
1525 2429 1611 2470 juris
1634 2428 1746 2459 debita
1770 2430 1805 2457 et

434 2476 594 2504 consueta
609 2473 740 2514 juratis,
758 2474 1092 2504 Administracionem
1110 2474 1274 2504 bonorum
1298 2473 1502 2513 hujusmodi,
1519 2472 1719 2503 auctoritate
1735 2480 1804 2501 ves-

434 2519 496 2555 tra,
513 2517 672 2548 commisi.
714 2517 927 2555 ExecutoreS,
952 2528 1040 2555 vero,
1062 2517 1182 2557 prefati
1206 2517 1356 2556 Magistri
1377 2516 1529 2548 Nicholai
1551 2516 1804 2547 Testamentum

435 2559 586 2600 ejusdem
602 2560 637 2590 in
653 2560 761 2591 forma
777 2560 870 2601 juris,
888 2563 925 2591 ut
943 2560 1160 2601 premittitur,
1178 2560 1386 2600 probandum
1403 2559 1636 2597 exhibuerunt,
1652 2561 1686 2589 et
1697 2567 1806 2589 coram

434 2613 496 2642 me,
524 2603 724 2634 auctoritate
754 2606 872 2642 vestra,
905 2604 1089 2643 probarunt
1105 2614 1113 2642 ;
1143 2614 1202 2643 pro
1232 2603 1330 2643 cujus
1359 2603 1558 2633 Probacione
1581 2600 1806 2642 pronunciavi.

436 2646 648 2686 Eosdemque
675 2647 877 2677 Executores
902 2647 942 2677 de
967 2647 1056 2677 fideli
1081 2647 1272 2678 Inventario
1299 2647 1340 2676 de
1367 2646 1506 2686 singulis
1529 2645 1628 2676 rebus
1652 2648 1686 2675 et
1712 2643 1807 2674 bonis

436 2689 587 2729 ejusdem
604 2690 637 2719 in
663 2690 792 2720 Diocesi
809 2693 919 2721 vestra
936 2690 1116 2721 Exoniensi
1139 2689 1361 2720 existentibus
1383 2689 1585 2720 conficiendo
1607 2687 1712 2729 jurari
1734 2686 1806 2725 feci,

435 2735 476 2762 ut
492 2735 543 2762 est
560 2733 670 2771 moris,
688 2733 939 2774 terminumque
955 2736 1200 2773 competentem
1217 2733 1259 2763 ad
1281 2732 1371 2763 idem
1396 2731 1626 2763 Inventarium
1651 2730 1806 2761 exhiben-

433 2775 515 2805 dum
539 2775 663 2806 eisdem
687 2776 877 2816 assignavi3
901 2787 976 2817 quo,
1001 2776 1147 2816 quidem,
1172 2775 1315 2808 termino
1338 2775 1438 2807 iidem
1463 2775 1665 2806 Executores
1687 2774 1806 2805 Inven-

432 2818 556 2849 tarium
573 2817 778 2860 hujusmodi,
797 2830 855 2861 per
871 2830 925 2851 eos
943 2821 1143 2860 confectum,
1160 2830 1270 2850 coram
1294 2829 1347 2851 me
1370 2819 1606 2857 exhibuerunt,
1623 2817 1806 2861 petierunt-
