1987 3062
0 1902 5 2031 l

444 276 732 310 REGISTRUM
769 274 1225 309 coMMUNE—ANNO
1265 267 1321 308 5⁰.
1555 265 1647 308 345

110 381 553 441 1A3ss‘fflegiffimacys‘

109 448 172 474 v01
184 447 208 473 1
222 437 281 467 Dis
267 447 363 476 5pens
349 436 456 467 ation
480 436 514 466 in
538 436 656 466 fuour
679 436 713 465 of
736 436 844 475 Roger
868 435 1088 472 Beaumount,
1106 433 1243 471 schola-r,
1247 452 1288 455 —
1292 433 1362 464 “‹le
1380 443 1453 473 pr.e5
1440 433 1564 464 ¹biteio
1585 434 1645 464 1-1-6

260 480 375 520 ligioso
391 479 537 519 professo
554 483 588 510 et
604 479 714 509 soluta
729 479 883 518 genitus'
888 478 962 516 '(in
986 477 1035 508 tlte
1059 487 1200 508 common
1217 477 1276 517 fov
1279 476 1332 515 11)
1382 477 1516 507 Letters
1540 477 1647 507 under

263 524 322 554 the
349 523 439 553 hand
465 523 500 552 of
525 522 626 559 John,
652 522 935 553 Cardinal-Piiest
962 521 997 551 of
1023 521 1082 551 the
1106 520 1192 551 Title
1216 521 1250 550 of
1274 521 1322 551 St.
1350 520 1479 551 Nereus
1503 520 1568 550 and
1594 521 1643 551 St.

264 566 420 604 Achilles,
438 565 540 596 dated
556 569 592 596 at
609 565 772 605 Avignon,
791 566 827 595 31
850 565 936 605 May.

108 619 161 680 ἑῇ)
224 621 387 670 Slapton
404 633 414 667 3
446 620 569 658 Carta
582 633 657 667 pro
681 619 874 656 Cantarz‘a
893 619 938 655 de
957 617 1206 666 Slaptone‚——

165 673 170 680 '
221 675 386 706 Noverint
409 674 554 704 universi
578 683 640 711 me,
659 673 856 713 Guydonem
881 672 923 702 de
948 672 1076 710 Briene,
1094 672 1248 709 Militem,
1265 672 1441 709 seniorem,
1461 671 1644 702 Dominum

261 718 302 749 de
326 718 494 758 Slaptone,
512 716 718 753 concessisse,
734 716 926 755 assignasse,
951 718 986 746 et
1010 715 1156 755 presenti
1182 715 1314 755 Scripto
1338 726 1412 746 meo
1435 715 1645 745 confirmasse

263 761 407 792 Domino
424 760 590 791 Willelmo
607 759 835 799 Batokeweye,
855 758 1096 798 Capellano,'et
1119 759 1268 798 quinque
1293 759 1396 789 Sociis
1419 759 1488 789 suis
1513 758 1641 788 Presbi-

264 805 345 836 teris
361 807 397 835 et
412 808 559 844 quatuor
575 803 719 839 Clericis⁷
737 803 771 832 in
788 802 922 842 Capella
942 803 1041 832 Beate
1058 802 1161 832 Marie
1178 802 1266 832 infra
1283 802 1469 832 Manerium
1487 801 1528 832 de
1552 802 1643 841 81111)-

265 853 344 879 tone
360 848 571 882 consistente,
585 847 618 876 in
635 846 763 876 Divinis
781 846 921 875 Domino
935 845 1119 882 servituris,
1133 855 1192 885 pro
1205 846 1285 876 dote
1298 846 1454 877 Cannu-ie
1468 845 1500 875 in
1514 845 1644 884 prefata

265 891 398 931 Capella
411 890 594 921 ordinanda
607 900 643 919 ac
660 889 907 919 sustentacione
920 889 1087 919 (lictorum
1103 888 1369 919 Presbiterorum
1383 893 1417 919 et
1430 888 1643 926 Clericorum,

265 945 372 965 unum
387 934 563 965 annualem
582 933 754 963 redditum
777 932 1022 972 quinquaginta
1046 942 1242 969 marcarum,
1260 932 1437 963 annuatim
1461 932 1642 971 percipien-

264 979 385 1008 darum
408 977 449 1008 de
472 977 562 1007 dicto
586 976 733 1007 Manerio
757 986 830 1006 meo
853 975 895 1005 de
920 975 1104 1015 Slaptone,
1130 975 1321 1006 habendum
1339 980 1374 1006 et
1392 975 1643 1015 percipiendum

263 1022 413 1061 predicto
438 1020 612 1058 willelmo,
637 1023 672 1050 et
695 1019 793 1050 dictis
817 1019 919 1050 Sociis
943 1019 1011 1049 suis
1035 1022 1069 1049 et
1094 1018 1229 1049 Clericis
1252 1019 1441 1057 antedictis,
1466 1029 1503 1049 ac
1527 1029 1643 1049 eorum

264 1064 505 1096 successoribus
521 1064 780 1103 imperpetuum,
798 1062 896 1102 juxta
912 1072 1045 1092 omnem
1061 1062 1204 1092 formam
1227 1066 1261 1093 et
1277 1063 1435 1093 effectum
1454 1062 1644 1093 Litera-rum

265 1108 531 1148 Apostolicarum
556 1106 750 1137 Reverendo
774 1107 808 1136 111
826 1105 961 1136 Christo
986 1106 1087 1143 Patri,
1109 1106 1287 1136 Exoniensi
1312 1106 1484 1145 Episcopo,
1503 1106 1544 1135 ad
1568 1106 1649 1135 fun:

263 1152 413 1182 dandum
436 1151 518 1181 inibi
541 1150 666 1180 dictam
690 1149 894 1187 Cantariam,
919 1159 957 1179 ac
979 1149 1022 1179 ad
1047 1149 1240 1188 uniendum,
1265 1149 1556 1189 incorporantium,
1574 1149 1643 1179 sive

264 1194 547 1235 appropriandum
566 1193 743 1223 Ecclesiam
764 1192 987 1223 parochialem
1004 1192 1046 1222 de
1062 1193 1221 1232 Slaptone
1245 1193 1343 1223 dictis
1368 1193 1532 1230 Cantarie,
1551 1193 1643 1222 Pres-

266 1238 392 1276 biteris,
418 1241 453 1268 et
479 1237 621 1275 Clericis,
647 1236 681 1266 in
709 1236 770 1266 hac
798 1239 895 1275 parte
922 1236 1137 1266 directarum.
1187 1236 1226 1266 In
1254 1236 1351 1276 cujus
1375 1236 1431 1273 rei,
1461 1240 1523 1266 etc.
1572 1235 1644 1265 Hiis

266 1281 410 1312 testibus
425 1292 432 1311 ε
459 1280 626 1319 Magistris
643 1279 770 1309 Thoma
788 1279 1042 1319 walkyngtone‚
1063 1279 1292 1317 Decretorinm
1310 1279 1464 1310 ,Iohanne
1481 1279 1522 1309 (16
1540 1278 1642 1309 Schil-

265 1324 451 1365 lyngforde,
469 1325 592 1363 Legum
610 1322 820 1360 Doctoribus,
834 1326 868 1353 et
885 1323 1028 1360 Hugone
1046 1322 1218 1361 Hiclynge,
1232 1323 1422 1353 Bachalario
1438 1323 1472 1352 in
1490 1322 1643 1361 Legibus,

268 1373 303 1398 et
328 1368 480 1407 pluribus
503 1366 760 1396 aliis—Datum
784 1365 873 1405 apud
897 1365 1144 1405 Chuddeleglie,
1169 1366 1223 1396 die
1246 1366 1339 1396 Jovis
1362 1366 1396 1396 in
1414 1366 1513 1396 Festo
1531 1365 1645 1396 Sancti

267 1411 404 1449 Mathai,
422 1410 573 1450 Apostoli
595 1412 630 1440 et
654 1409 867 1448 Evangeliste
891 1409 943 1448 [21
971 1408 1091 1448 Sept.],
1116 1410 1213 1439 Anno
1238 1409 1342 1449 Regni
1368 1409 1464 1449 Regis
1489 1409 1645 1439 Edwardi

265 1455 370 1485 Tercii
387 1458 462 1494 post
480 1454 711 1493 Conquestuni
729 1452 848 1492 Anglie
865 1452 1120 1519 quadragesimo
1136 1456 1262 1483 octavo.

223 1548 365 1585 —Item,
388 1548 478 1587 apud
502 1547 750 1587 Chuddeleghe,
767 1547 921 1578 vicesimo
938 1547 1084 1577 secundo
1107 1547 1161 1577 die
1185 1546 1307 1593 mensis
1326 1545 1541 1586 Septembii
1559 1555 1646 1575 anno

266 1591 487 1631 infrasciipto,
505 1591 673 1622 emanavit
689 1591 814 1630 Seque
801 1594 909 1621 trum
926 1590 1093 1621 dilectum
1112 1591 1244 1621 Decano
1410 1589 1427 1604 ’ὲ
1529 1589 1647 1628 [Space

267 1645 332 1665 was
356 1635 419 1665 left
442 1635 494 1665 for
519 1634 576 1665 the
599 1634 800 1674 completion
817 1635 851 1664 of
869 1634 937 1664 this
956 1633 1091 1673 Enna]-

222 1701 552 1752 Illegitimacy,——

222 1755 458 1795 Dispensation
477 1756 601 1794 (issued
616 1759 652 1787 at
670 1756 866 1796 Chudleigh,
885 1757 925 1786 22
943 1756 1058 1796 Sept),
1077 1756 1110 1786 in
1127 1756 1246 1786 fix-our
1269 1754 1303 1784 of
1327 1754 1434 1792 Roger
1458 1751 1647 1783 Blwkedone

265 1798 404 1836 scholar,
412 1800 461 1821 —‘
467 1799 526 1830 ’(16
543 1800 653 1830 soluto
669 1800 803 1840 genitus
827 1803 861 1830 et
884 1800 1024 1830 solut-<1²⁸
1051 1801 1098 1838 (in
1123 1799 1173 1830 the
1195 1808 1333 1830 common
1351 1797 1465 1836 sormi)
1512 1796 1647 1826 Lett--exs

267 1842 374 1872 under
390 1842 448 1873 the
465 1842 554 1873 hand
570 1843 605 1873 of
621 1843 779 1882 Stephen,
799 1843 968 1874 Cardinal-
972 1843 1082 1874 Piie5t
1099 1843 1133 1873 of
1150 1843 1209 1874 the
1235 1841 1323 1872 Title
1340 1841 1374 1871 of
1398 1840 1448 1871 St.
1470 1839 1644 1877 Eusebius,

267 1885 368 1916 dated
384 1889 420 1916 at
436 1886 598 1926 Axignon,
617 1888 657 1918 26
676 1887 776 1926 Max).

222 1939 440 1989 Clayhidon
462 1938 658 1992 [Hydone,
681 1939 810 1992 MS.],
839 1941 900 1978 Sir
919 1940 1023 1978 John
1046 1938 1215 1992 [Benet],
1239 1940 1284 1976 R.

223 1993 360 2024 Licence
376 1994 411 2024 of
426 1995 676 2025 non-residence
691 1995 744 2025 for
759 2005 778 2025 a
792 2005 872 2035 year
895 1994 1108 2035 (Chudleigh,
1126 1995 1165 2025 24
1184 1994 1300 2034 Sept).

115 2045 163 2106 Μ’·
227 2048 311 2085 The
331 2048 488 2097 College
507 2050 547 2086 of
575 2049 789 2099 Stapeldon
811 2049 914 2095 Hall,
939 2049 1152 2095 Oxford,—-

223 2101 377 2139 Thomas,
395 2106 468 2140 etc„
486 2103 660 2134 Fundator
683 2106 718 2134 et
742 2103 908 2134 Patronus
926 2103 1011 2133 Aule
1034 2113 1092 2133 seu
1117 2102 1255 2142 Collegii
1278 2102 1319 2132 de
1343 2100 1645 2141 Stapeldonehalle,

269 2145 405 2182 Oxonie,
424 2146 571 2177 Lincoln.
590 2147 691 2185 Dioc.,
705 2147 839 2177 Rectori
856 2149 891 2177 et
902 2147 1091 2177 Scolaribus
1107 2146 1258 2186 ejusdem
1276 2145 1420 2184 Collegii,
1436 2144 1647 2184 presentibus

266 2191 302 2219 et
318 2189 453 2227 futuris,
466 2190 620 2228 salutem,
637 2190 834 2221 etc—Cum
848 2200 914 2228 vos,
929 2193 1067 2230 propter
1079 2189 1248 2220 caristiam
1260 2188 1429 2219 modernis
1441 2187 1646 2227 temporibus

267 2232 529 2272 contingentem,
554 2233 728 2273 nequeatis
751 2234 793 2264 de
816 2233 1002 2263 communis
1025 2233 1138 2263 decem
1161 2232 1375 2263 denariorum
1398 2231 1646 2270 sterlingorum,

268 2285 327 2315 per
343 2276 482 2306 Statuta
497 2276 601 2307 vestri
618 2276 755 2316 Collegii
777 2276 941 2314 limitetis,
959 2276 1132 2306 commode
1155 2275 1347 2313 sustentari,
1366 2274 1429 2304 nisi
1450 2274 1530 2304 alias
1554 2273 1647 2303 vobis

268 2321 491 2357 succurratur,
516 2322 618 2359 prout
640 2319 718 2350 inde
742 2319 838 2360 plene
861 2322 896 2350 et
917 2319 1066 2359 legitime
1090 2329 1207 2349 sumus
1223 2318 1421 2354 informatig
1445 2327 1515 2355 nos,
1535 2320 1645 2347 atten-

268 2361 385 2392 dentes
416 2362 506 2402 quod
535 2363 720 2393 secundum
750 2363 948 2394 varietatem
976 2366 1169 2402 temporum
1198 2363 1337 2393 Statuta
1367 2360 1646 2400 quandocumque

269 2408 448 2435 mutantur
473 2405 629 2444 humana,
654 2409 689 2437 et
713 2406 803 2446 quod
825 2406 1032 2437 necessitatis
1055 2409 1216 2445 tempore,
1233 2414 1300 2445 quo
1322 2404 1433 2434 onmia
1456 2407 1536 2434 sunt
1559 2413 1646 2433 com-

269 2448 393 2486 munia,
406 2448 567 2479 nonnulla
583 2459 648 2489 que
663 2449 742 2479 alias
754 2450 867 2480 forent
878 2449 993 2479 illicita
1005 2448 1235 2479 conceduntur
1250 2459 1257 2485 ;
1275 2450 1315 2478 ut
1328 2450 1476 2477 vestrum
1493 2446 1645 2486 quilibet,

268 2501 403 2530 presens
419 2495 454 2522 et
470 2492 617 2529 futurus,
629 2492 712 2523 duos
723 2493 874 2523 denarios
891 2492 1129 2531 sterlingorum
1142 2492 1231 2522 ultra
1244 2500 1437 2521 communas
1451 2490 1484 2520 in
1498 2489 1646 2521 Statutis

269 2534 388 2564 vestris
405 2534 583 2572 ordinatas,
601 2535 635 2565 in
651 2539 872 2575 augmentum
889 2545 1012 2572 earum,
1030 2535 1072 2565 de
1087 2535 1182 2565 bonis
1205 2534 1359 2574 ejusdem
1384 2533 1520 2573 Collegii
1544 2532 1642 2563 ebdo-

269 2577 432 2607 mad-atim
456 2577 623 2618 percipere
646 2579 755 2609 valeat
778 2582 813 2609 et
836 2579 968 2617 habere,
993 2578 1141 2610 Statutis
1163 2581 1199 2608 et
1222 2577 1541 2614 Consuetudinibus,
1558 2575 1645 2616 ejus-

269 2620 347 2650 dem
377 2620 515 2660 Collegii
546 2622 720 2652 contrariis
750 2622 1017 2662 quibuscumque
1048 2631 1113 2651 non
1152 2620 1375 2657 obstantibus,
1406 2620 1440 2650 in
1479 2623 1645 2659 quantum

268 2673 444 2703 possumus
468 2664 708 2703 dispensamus,
734 2669 769 2695 et
793 2665 977 2695 Licenciam
1001 2674 1061 2704 per
1085 2665 1259 2694 Presentes
1282 2663 1503 2702 concedimus,
1527 2672 1645 2703 quam-

269 2706 328 2736 diu
349 2706 444 2737 nobis
459 2707 622 2746 placuerit
638 2707 1003 2739 duraturam.—Dated
1019 2710 1055 2738 at
1071 2706 1268 2747 Chudleigh,
1286 2708 1326 2737 24
1343 2706 1435 2746 Sept.

226 2760 281 2797 St.
306 2761 605 2798 Perran-Uthno
626 2759 771 2813 [Udno,
794 2759 895 2813 MS.]
914 2775 923 2809 3
953 2762 1015 2798 Sir
1043 2761 1192 2801 Robert
1212 2760 1347 2807 Seeke‚
1367 2761 1408 2798 R.
1416 2784 1483 2807 ,-

227 2814 364 2845 Licence
380 2815 415 2845 of
429 2815 680 2846 non-residence
702 2816 755 2846 for
777 2825 796 2846 a
818 2825 907 2855 year,
926 2815 943 2830 ‘⁴
957 2815 1049 2855 dum,
1067 2818 1190 2854 tamen,
1208 2815 1242 2845 in
1267 2814 1496 2847 Universit-ate
1520 2814 1647 2846 Oxonie

269 2857 413 2897 studeat,
431 2861 470 2889 ut
487 2858 643 2899 proponit
655 2859 672 2871 ’³
691 2858 794 2897 (same
810 2859 911 2898 date).
