1987 3062
439 214 728 275 &mmmmm
754 242 1215 276 OOMMUNE—-ANNO
1243 231 1304 275 5⁰.
1577 227 1669 274 357

136 336 229 396 ἷὶ37ἳχ
289 342 439 382 Registra
456 347 489 375 et
506 345 651 385 sigillum
670 346 777 377 Officii
795 346 1092 377 Archidiaconatus
1117 345 1313 377 Exoniensis
1337 344 1479 385 predicti
1497 354 1504 382 3
1527 353 1666 381 necnon,

136 381 239 431 Vol-'‘I']
286 386 471 426 hospicium
488 389 595 419 eidem
613 389 903 421 Archidiaconatui
920 390 1071 420 debitum
1089 390 1130 420 ab
1146 390 1284 429 antiquo
1303 400 1309 427 ;
1326 389 1434 427 salvis,
1451 388 1485 418 in
1503 387 1668 425 omnibus,

286 431 426 470 receptis
444 432 598 470 primitus
616 443 673 471 per
690 433 795 463 dictos
812 433 1012 463 Nicholaum
1029 438 1062 464 et
1080 434 1276 470 Walterum,
1293 443 1358 472 que
1376 442 1475 471 penes
1492 431 1579 470 ipsos
1596 441 1665 470 pre-

285 472 376 504 fatus
393 475 556 505 Dominus
574 476 681 505 voluit
698 486 876 514 remanere,
894 487 1068 517 quousque
1092 477 1133 507 ab
1150 477 1265 506 eodem
1290 476 1433 506 Domino
1450 475 1541 505 aliud
1565 474 1668 504 habu-

286 516 373 547 erint
388 517 421 547 in
441 519 614 548 mandatis.
648 519 702 557 Et,
716 520 756 549 ad
769 521 924 559 premissa
939 520 1113 550 efficaciter
1129 520 1280 550 facienda
1295 522 1330 549 et
1346 519 1448 549 eciam
1466 518 1669 557 exequenda,

285 561 453 591 emanavit
482 562 677 592 Mandatum
707 563 871 593 directum
897 564 1041 593 Domino
1068 564 1194 594 Thome
1218 564 1259 593 de
1284 563 1414 602 Swaby,
1439 565 1473 592 et
1502 560 1669 600 Magistris

285 603 446 634 Nicholao
470 605 658 644 Braybroke
681 616 718 636 ac
737 606 881 636 waltero
908 608 1092 646 Bamptone
1114 606 1280 646 predictis,
1299 616 1425 636 necnon
1450 608 1485 635 et
1501 604 1668 635 willelmo

284 646 398 686 'lu-acy,
423 648 548 687 clerice,
574 649 798 679 communiter
821 654 855 680 et
878 650 1021 681 divisim.
1068 651 1113 680 Et
1137 650 1211 689 quis
1235 660 1348 679 eorum
1376 648 1572 678 Mandatum
1597 658 1667 677 sus-

284 691 408 729 ceperit
424 691 618 722 certificabit
634 693 818 722 Dominum
829 693 911 723 citra
928 694 1067 723 Festum
1080 693 1360 723 Annunciacionis
1374 691 1546 722 Dominice
1561 690 1667 731 proxi-

284 742 339 763 mo
354 733 424 773 jam
441 735 606 765 futurum.

244 775 431 808 Obedicncia
450 778 677 809 Arc-lcidiaconi
696 779 868 817 [ἱππῆς-

242 821 491 852 Allemorandnm
514 823 613 862 quod,
631 822 700 862 xxij
719 823 781 860 (lie,
798 823 831 853 in
858 823 995 854 Camera
1018 823 1190 863 principali
1215 821 1408 860 Reverendi,
1434 824 1506 859 etc.,
1531 820 1668 858 Thome,

286 867 359 902 etc„
376 865 465 904 apud
491 865 585 903 Clist,
605 876 716 896 coram
739 866 855 896 eodem
882 867 978 896 Patre
1002 867 1220 906 personaliter
1243 866 1408 896 existente
1430 865 1556 895 ibidem
1581 874 1666 894 com—

286 917 413 947 parens,
427 908 563 948 quidam
582 910 735 948 Magister
753 910 948 949 Radulphus
964 910 1133 950 Pyle-tone,
1148 910 1293 944 clericus,
1310 910 1560 939 Procuratorem
1579 907 1670 938 Petri

285 951 326 981 de
343 952 495 988 Everino,
512 956 585 990 etc,
602 963 636 982 se
653 963 809 991 asserens,
826 963 902 983 eum
921 957 1086 993 potestate
1110 953 1289 983 sufficienti
1312 952 1426 982 debite
1449 952 1667 988 constitutus,

287 995 385 1024 tactis
403 996 625 1026 Sacrosanctis
642 997 829 1036 Evangeliis
846 997 969 1027 ibidem
988 997 1201 1036 corporaliter
1217 1007 1275 1036 per
1299 996 1452 1032 eundem,
1469 994 1669 1026 Canonicam

288 1038 523 1069 Obedienciam
547 1040 676 1079 prefato
702 1040 853 1078 Domino,
873 1040 941 1070 vice
965 1044 997 1071 et
1022 1040 1156 1070 nomine
1174 1039 1295 1080 prefati
1320 1039 1456 1069 Domini
1473 1038 1573 1076 Petri,
1593 1038 1669 1068 Car-

287 1081 415 1119 dinalis‚
442 1085 475 1112 et
500 1083 731 1113 Archidiaconi
755 1083 891 1121 Exonie,
917 1089 956 1114 ut
980 1084 1155 1124 prefertur,
1179 1083 1306 1124 juravit
1337 1083 1400 1113 sul)
1427 1082 1488 1112 hac
1511 1081 1672 1119 formas*

137 1123 183 1150 fol·
198 1123 260 1150 591]-
286 1125 366 1163 Ego,
391 1125 589 1165 Radulphus
614 1126 785 1166 Pylatone,
810 1127 1018 1165 Procurator,
1044 1131 1119 1165 etc„
1138 1127 1207 1157 vice
1230 1130 1265 1157 et
1287 1127 1420 1156 nomine
1445 1125 1580 1156 Domini
1604 1124 1669 1154 mei

288 1168 438 1208 predicti,
465 1168 541 1208 juro
569 1170 609 1199 ad
636 1170 695 1199 hec
721 1170 842 1200 Sancta
872 1171 931 1200 Dei
965 1171 1152 1209 Evangelia,
1177 1170 1389 1209 corporaliter
1413 1179 1471 1209 per
1494 1179 1546 1198 me
1570 1171 1671 1206 tacta,

288 1211 499 1242 Fidelitatem
518 1216 551 1242 et
568 1212 812 1251 Obedienciam,
828 1217 929 1253 prout
942 1214 996 1244 alii
1007 1213 1102 1243 Sedis
1115 1213 1302 1253 Apostolice
1316 1213 1463 1253 predicte
1478 1211 1671 1243 cardinales

287 1255 321 1285 in
338 1255 457 1295 Anglia
475 1256 618 1294 promoti
635 1256 667 1286 in
685 1266 762 1286 casu
778 1256 940 1287 consimili
957 1257 1095 1295 faciunt,
1113 1261 1147 1287 et
1170 1257 1277 1286 facere
1294 1258 1549 1293 consueverunt,
1569 1254 1670 1293 vobis,

288 1299 479 1328 Reverende
492 1299 525 1328 in
540 1298 673 1329 Christo
686 1300 784 1329 Pater
797 1303 831 1329 et
842 1300 993 1339 Domine,
1003 1301 1145 1330 Domine
1158 1300 1295 1337 Thoma,
1310 1299 1469 1337 etc-„Loci
1484 1298 1670 1335 Diocesane,

291 1341 433 1371 fideliter
450 1342 611 1381 promitto
629 1353 636 1380 3
654 1353 791 1380 necnon,
809 1343 968 1373 Mandata
987 1347 1103 1381 vestra,
1122 1343 1224 1373 vestri
1242 1343 1405 1380 Officialis,
1420 1345 1673 1380 ceterorumque

290 1384 520 1415 Ministrorum
545 1392 733 1416 vestrorum
757 1386 845 1416 licita
870 1390 904 1416 et
928 1387 1076 1424 honesta,
1106 1386 1294 1417 execucioni
1319 1386 1430 1416 debite
1454 1385 1671 1422 demandalw,

292 1439 348 1458 seu
361 1428 461 1458 eciam
475 1428 591 1458 faciam
604 1429 805 1459 demandari
840 1430 884 1460 Et
897 1430 938 1459 de
950 1430 1030 1469 ipsis
1041 1440 1184 1469 congrue
1198 1429 1436 1460 certificab0.-—
1446 1429 1493 1459 Qee
1507 1438 1587 1468 page
1602 1429 1673 1459 198.

290 1470 461 1511 [Cardinal
487 1472 584 1501 Peter
606 1473 647 1502 de
671 1472 823 1510 EverinO,
848 1473 880 1503 in
908 1474 999 1512 1378,
1023 1474 1136 1514 joined
1160 1473 1218 1503 the
1243 1476 1339 1513 party
1364 1472 1438 1502 who
1463 1472 1590 1502 elected
1615 1471 1672 1501 the

291 1515 482 1554 Anti-pope,
501 1515 625 1546 Robert
644 1515 684 1545 de
703 1516 844 1554 Geneve,
863 1517 936 1546 who
960 1527 1025 1547 was
1049 1517 1100 1547 his
1125 1517 1484 1556 fellow-countryman.
1534 1515 1584 1545 He
1609 1525 1674 1544 was

289 1558 433 1598 deposed
461 1558 504 1597 by
533 1559 646 1589 Urban
674 1559 732 1597 VI,
765 1560 830 1589 and
855 1559 912 1590 the
936 1560 1188 1599 Archdeaconry
1214 1560 1347 1590 became
1365 1562 1482 1589 vac-ant
1505 1558 1539 1588 in
1563 1568 1673 1589 conse-

289 1611 416 1641 quence
433 1601 466 1631 of
483 1601 533 1632 his
550 1602 725 1632 defection.
777 1603 836 1641 He,
854 1604 931 1641 also,
944 1603 1058 1643 joined
1075 1604 1106 1633 in
1125 1603 1183 1633 the
1200 1603 1351 1633 Election
1369 1602 1402 1632 of
1418 1602 1476 1632 the
1493 1602 1675 1641 Anti-pope

287 1645 447 1675 Benedict
464 1645 562 1683 XIII,
580 1645 613 1675 in
632 1647 728 1676 1394.
774 1646 826 1676 He
843 1647 919 1676 died
943 1651 979 1677 at
997 1647 1148 1686 Avignon
1165 1647 1200 1676 in
1219 1646 1326 1685 1399}

247 1700 493 1737 Confessions
511 1713 520 1744 3
548 1700 613 1737 Ad
631 1700 867 1737 audiendum
890 1701 1215 1750 Cotqfessz'ones,——

247 1754 346 1791 Item,
374 1753 463 1793 apud
493 1753 585 1790 (nist,
617 1754 699 1794 xxiij
729 1755 791 1792 die,
820 1755 985 1786 Dominus
1012 1756 1173 1786 concessit
1200 1755 1328 1785 Literas
1357 1754 1467 1784 Fratri
1495 1754 1675 1784 Benedicto

292 1797 434 1836 Lugans‚
459 1797 556 1828 Sacre
584 1797 706 1837 Pagine
732 1798 919 1835 professori,
948 1799 1054 1829 Priori
1080 1799 1208 1829 Domus
1235 1799 1393 1829 Fratrum
1422 1797 1673 1828 Predicatorum

290 1841 332 1871 de
347 1841 466 1878 Truru,
484 1840 574 1881 qnod
598 1841 702 1880 possit
723 1842 838 1871 audire
863 1842 1093 1873 Confessiones
1117 1842 1268 1872 omnium
1292 1848 1326 1872 et
1349 1841 1557 1880 singulorum
1581 1851 1674 1880 paro-

291 1884 484 1914 chianorum
511 1895 648 1914 suorum
677 1885 718 1914 de
741 1885 1023 1916 Archidiaconatu
1049 1885 1278 1922 Cornubiensi,
1303 1885 1366 1915 sibi
1389 1884 1541 1915 confiteri
1563 1884 1671 1914 volen-

291 1927 391 1965 cium,
408 1927 563 1968 ipsisque,
581 1931 642 1958 etc.
662 1939 669 1966 ;
694 1939 752 1968 per
775 1939 881 1959 unum
906 1939 1031 1960 annum
1056 1940 1073 1960 a
1098 1930 1177 1960 data
1201 1928 1413 1959 Presencium
1437 1928 1674 1959 tantummodo

291 1971 480 2001 duraturas.

511 2030 555 2070 [A
579 2031 681 2062 blank
704 2042 800 2072 space
824 2034 878 2071 (29
903 2033 999 2072 lines)
1024 2043 1089 2064 was
1112 2033 1175 2064 left
1197 2032 1301 2071 hera]

135 2248 383 2309 fgss331tuu
438 2249 616 2301 {intumi
673 2250 926 2302 effliuffiimo
988 2251 1299 2292 trementessimo
1359 2250 1672 2303 septuagesimo

136 2317 239 2343 f01.eo.
297 2303 458 2355 quinto,
494 2305 535 2345 et
566 2305 916 2348 elonget-racionis
955 2304 1133 2357 {nonunt
1171 2305 1332 2356 quintu.

247 2379 493 2430 Concerning
531 2382 598 2419 the
637 2383 744 2419 office
782 2382 859 2419 and
898 2383 1028 2420 duties
1062 2383 1100 2420 of
1145 2383 1211 2420 the
1248 2381 1425 2431 Aquebaj
1434 2382 1522 2419 ulus
1538 2397 1548 2430 3
1591 2382 1670 2419 Pro

301 2435 436 2483 officiis
464 2436 835 2483 Aquebajulatus‚—

247 2488 401 2526 Thomas,
430 2492 504 2527 etc„
531 2490 769 2520 Archidiacono
799 2489 974 2527 Cornubie,
1000 2489 1051 2519 vel
1077 2489 1150 2530 ejus
1177 2489 1338 2526 Officiali;
1368 2500 1504 2528 necnon,
1533 2489 1672 2529 singulis

291 2531 441 2569 Decanis,
462 2532 665 2571 Rectoribus,
683 2533 829 2570 Vicariis‚
848 2543 884 2563 ac
902 2532 1086 2572 Capellanis
1111 2532 1357 2563 Parochialibus
1381 2543 1438 2572 per
1461 2532 1670 2563 Archidiaco-

290 2578 408 2605 natum
434 2575 692 2606 Cornubiensem
722 2576 863 2606 ubilibet
885 2576 1089 2613 constitutis,
1115 2576 1267 2613 salutem,
1291 2576 1505 2614 etc.,-Licet
1527 2576 1561 2606 in
1586 2577 1670 2608 Con-

289 2617 525 2648 stitucionibus
543 2619 755 2650 Sinodalibus
771 2630 788 2649 a
807 2619 928 2649 nostris
953 2619 1243 2649 Predecessoribus
1266 2619 1365 2649 editis
1390 2619 1534 2658 provide,
1551 2630 1589 2650 ac
1614 2630 1670 2659 per

288 2661 424 2692 (Herum
441 2664 475 2691 et
492 2662 653 2701 populum
677 2665 868 2693 nostrarum
893 2662 1047 2692 Civitatis
1071 2665 1106 2692 et
1128 2662 1275 2692 Diocesis
1299 2662 1491 2693 inconcusse
1515 2663 1668 2693 admissis

290 2707 324 2734 et
340 2704 501 2734 hactenus
526 2705 667 2743 usitatis,
685 2705 910 2735 invenerimus
933 2716 1002 2735 esse
1026 2709 1163 2735 cautum
1187 2705 1276 2744 quod
1303 2706 1456 2735 Rectores
1481 2706 1532 2736 vel
1550 2706 1671 2736 Vicarii

290 2747 325 2777 in
348 2747 417 2777 suis
440 2747 604 2786 Ecclesiis,
621 2748 709 2778 infra
732 2749 838 2778 dictas
862 2751 991 2778 nostras
1017 2748 1195 2778 Civitatem
1219 2752 1254 2778 et
1278 2748 1442 2778 Diocesim
1469 2749 1612 2787 situatis,
1630 2749 1670 2779 de

289 2790 415 2820 clericis
437 2790 576 2830 ydoneis
599 2792 641 2821 ad
667 2790 917 2831 aquibajulatns
945 2791 1050 2821 officia
1074 2790 1108 2821 in
1137 2791 1261 2821 eisdem
1291 2792 1444 2822 Ecclesiis
1460 2792 1669 2830 excercenda,

290 2833 488 2864 inconsultis
504 2834 537 2864 in
555 2844 592 2864 ea
608 2838 703 2874 parte
720 2834 936 2875 parochianis,
953 2834 1096 2865 debeant
1123 2834 1303 2874 providere,
1320 2834 1418 2875 juxta
1433 2845 1492 2866 sua
1509 2836 1672 2866 demerita
