1987 3062
388 257 480 299 532

388 367 462 393 A.D.

388 402 460 427 1384.

389 434 450 459 Vol.
466 434 487 458 Ι.

412 2787 458 2813 fol.

415 2822 470 2847 123.

601 265 699 298 ΤΗΕ
735 264 973 298 REGISTER
1009 264 1067 295 OF
1104 263 1278 296 BISHOP
1314 265 1710 299 BRANTYNGHAM.

546 369 724 409 Episcopo,
744 368 969 406 Suffraganeo
986 373 1114 399 nostro,
1133 376 1172 396 ae
1197 367 1340 397 officiali
1366 377 1427 398 suo
1452 369 1647 408 Principali.
1665 372 1697 399 ct
1729 369 1919 399 presidenti

545 413 627 443 dieti
653 412 866 443 Consistorii,
891 412 927 440 111
952 410 1075 450 specie,
1094 420 1133 441 ac
1157 411 1233 441 aliis
1257 412 1292 441 iu
1317 422 1453 451 genere,
1471 413 1595 452 quibus
1619 424 1680 442 nos
1698 416 1816 443 tenore
1842 413 1920 443 Pre-

545 457 699 487 scncium
717 456 826 486 eciam
843 455 1056 491 inhibcmus3
1074 455 1244 494 ipsosque,
1257 466 1375 486 omnes
1392 461 1425 486 ct
1445 457 1607 495 singulos.
1626 457 1746 496 111-11110,
1762 457 1921 490 secundo,

544 501 651 531 tercio
668 510 707 530 ac
724 499 954 539 peremptorie
971 499 1152 530 moneatis.
1170 509 1254 538 quos
1271 510 1333 529 nos
1350 500 1459 529 eciam
1476 501 1664 530 earundem
1682 504 1802 530 tenore
1819 500 1921 530 simili

544 545 645 575 modo
662 553 853 581 monemus,
870 553 913 572 110
930 543 1016 582 quis,
1035 542 1070 571 in
1087 542 1178 572 dicte
1196 543 1419 573 Visitacionis
1437 547 1553 574 nostre
1578 555 1638 574 seu
1661 544 1923 574 Jurisdiccionis

545 588 797 627 Metropolitice
828 587 1069 626 prejudicium,
1101 592 1161 616 aut
1201 587 1476 626 Privilegiorum,
1509 588 1736 622 Libertatum,
1775 588 1922 624 Jurium,

547 632 855 666 Consuetudinum,
867 631 921 660 vel
939 631 1161 668 Prerogative
1178 631 1423 669 predictorum,
1437 632 1527 661 circa
1543 633 1713 671 premissa
1728 635 1788 661 aut
1805 642 1924 662 eorum

546 676 684 716 aliquod
700 676 882 715 quicquam
901 676 1099 713 attemptet,
1113 677 1173 704 aut
1191 676 1394 714 attemptari
1411 675 1517 705 faciat
1535 677 1664 706 directe
1676 677 1728 706 vel
1746 676 1924 709 indirecte,

546 720 680 760 publice
698 720 751 749 vel
768 719 911 751 occulte.
930 728 990 748 8011
1014 718 1057 747 ad
1082 718 1145 748 hoc
1170 719 1351 748 consilium
1376 719 1518 758 prebeat
1536 720 1589 749 vel
1613 720 1779 750 favorem.
1827 720 1924 758 Quod

547 765 572 794 si
592 765 626 793 in
645 764 858 794 contrarium
883 763 918 792 111
943 763 1066 802 11110110,
1085 763 1175 802 (1110(1
1200 763 1300 801 absit,
1318 764 1440 793 fecerit
1465 764 1588 803 aliquis
1613 765 1810 797 eorundem,
1828 764 1923 799 illud,

546 808 638 838 infra
655 818 713 837 sex
730 808 803 837 dies
819 817 860 837 ex
877 810 961 836 tunc
984 807 1173 836 immediate
1198 810 1381 846 sequentes
1409 809 1570 847 (quorum
1596 808 1728 837 dierum
1755 809 1839 838 duos
1863 817 1925 847 pro

545 852 666 891 primo,
695 851 780 881 duos
806 861 868 890 pro
894 851 1053 885 secundo,
1079 855 1113 880 et
1138 851 1287 890 reliquos
1312 852 1396 881 duos
1420 862 1482 890 pro
1506 853 1613 882 tercio
1630 862 1669 882 ac
1693 852 1925 891 peremptorio

546 896 705 933 termino,
737 895 797 930 cis,
829 895 989 924 omnibus
1020 899 1055 923 ct
1086 894 1242 933 singulis,
1274 898 1393 925 tenore
1424 896 1645 926 Presencium
1678 893 1924 934 assignamus),

547 942 683 970 revocet
702 950 780 969 cum
797 939 934 975 effectu,
952 941 1055 978 atque
1073 939 1115 968 ab
1132 939 1390 977 impedimentis
1410 942 1445 969 et
1466 940 1790 978 perturbacionibus
1807 940 1923 978 hujus-

547 984 640 1015 modi
657 984 797 1013 0111111110
815 983 982 1019 desistat;
1007 986 1040 1011 et
1059 983 1149 1022 quod
1166 983 1284 1012 illicite
1309 987 1551 1023 presumptum
1576 988 1629 1013 est
1654 994 1714 1014 seu
1739 986 1924 1023 attempta-

520 1040 524 1043 *
546 1031 623 1058 tum
640 1028 675 1057 111
692 1028 757 1057 hac
773 1029 872 1066 parte
890 1027 931 1056 de
949 1029 1064 1056 cetero
1088 1036 1157 1056 non
1182 1027 1356 1064 defendat,
1375 1027 1438 1058 sub
1462 1038 1552 1067 pena
1577 1028 1759 1058 Sentencie
1784 1028 1925 1057 Excom-

546 1072 795 1102 municacionis
821 1071 972 1110 Majoris,
989 1080 1093 1109 quam
1118 1071 1153 1099 in
1178 1072 1490 1106 contravenientes,
1508 1082 1626 1102 omnes
1651 1078 1685 1101 et
1710 1072 1925 1109 singu1os‚‹=t

548 1116 650 1146 dictis
668 1115 919 1145 Monicionibus
936 1115 1064 1144 nostris
1089 1125 1157 1144 non
1181 1118 1354 1154 parentes,
1379 1126 1485 1150 mora,
1503 1116 1590 1149 dolo,
1608 1117 1718 1155 culpa,
1736 1118 1796 1145 aut
1820 1116 1925 1153 negli-

548 1160 671 1197 gencia*
687 1160 841 1198 ipsorum
860 1169 920 1188 scu
937 1158 1083 1198 alicujus
1100 1168 1218 1188 eorum
1236 1159 1512 1198 precedentibus,
1527 1167 1747 1199 preterquam
1760 1160 1794 1189 111
1812 1160 1925 1198 ipsum

551 1204 815 1242 Suffraganeum
833 1205 1002 1237 nostrum,
1020 1205 1098 1241 post
1116 1203 1251 1241 lapsum
1269 1203 1439 1233 dictorum
1458 1213 1515 1233 sex
1533 1204 1667 1233 dicrum
1684 1207 1866 1243 postquam
1884 1204 1927 1233 ad

549 1258 666 1278 eorum
684 1247 849 1277 noticiam
866 1249 1046 1286 presentes
1064 1246 1178 1276 Litere
1203 1248 1263 1276 aut
1288 1250 1453 1277 contenta
1477 1248 1512 1276 in
1537 1248 1585 1277 eis
1602 1248 1835 1287 pervenerint,
1853 1258 1926 1287 per-

549 1292 787 1331 emptoriaque
806 1291 980 1321 Canonica
998 1290 1191 1320 Monicione
1204 1294 1324 1320 nostra
1335 1292 1513 1330 premissa,
1531 1301 1666 1321 exnunc
1677 1294 1777 1331 prout
1790 1294 1927 1328 extunc,

549 1337 584 1366 in
601 1336 667 1365 hiis
686 1335 831 1375 Scriptis
849 1335 1229 1364 Excommuuicacionis
1255 1335 1474 1365 Scutenciani
1499 1336 1769 1375 promulgamus.
1818 1336 1927 1370 Dicto,

550 1390 641 1417 vero,
672 1379 899 1418 Suffraganeo
926 1381 1054 1416 nostro,
1080 1379 1134 1408 cui
1161 1379 1203 1408 ob
1231 1379 1465 1409 reverenciam
1494 1380 1707 1410 Pontificalis
1738 1380 1928 1419 Dignitatis

550 1423 740 1455 deferimus
768 1423 803 1452 in
836 1423 899 1452 hac
927 1424 1037 1462 parte,
1059 1423 1086 1451 si
1113 1425 1233 1452 contra
1256 1423 1424 1462 premissa
1440 1424 1494 1453 vel
1520 1424 1657 1463 aliquod
1681 1424 1927 1463 premissorum

550 1468 672 1499 fecerit
697 1478 758 1507 1101Ί
785 1477 830 1505 se,
857 1467 911 1496 vcl
943 1466 1151 1496 submissam
1177 1477 1370 1506 personam,
1396 1467 1531 1507 publice
1556 1468 1609 1497 vol
1635 1469 1778 1502 occulte,
1803 1468 1869 1497 nisi
1894 1468 1927 1497 id

550 1512 642 1542 infra
658 1511 847 1541 terminum
866 1511 1141 1550 suprascriptum
1154 1511 1385 1540 effectualiter
1401 1512 1624 1547 revocaverit,
1636 1512 1669 1541 in
1688 1512 1755 1541 hiis
1774 1512 1928 1551 Scriptis,

550 1556 706 1596 predicta
724 1555 898 1585 Canonica
913 1555 1105 1585 Monicione
1119 1557 1238 1584 nostra
1254 1556 1433 1593 premissa,
1445 1556 1641 1594 ingressum
1656 1556 1808 1586 Ecclesic
1825 1557 1927 1585 inter-

551 1601 708 1630 dicimus.
758 1599 802 1634 si,
830 1602 958 1635 autem,
987 1599 1187 1638 hujusmodi
1213 1599 1443 1629 Interdictum
1468 1610 1529 1638 per
1553 1600 1638 1629 alios
1671 1610 1728 1629 sex
1754 1600 1836 1633 dies,
1853 1610 1927 1638 pre-

552 1644 645 1675 fatos
663 1654 721 1674 sex
738 1643 927 1673 inmediatc.
945 1646 1138 1682 sequentes,
1156 1643 1370 1680 sustinuerit,
1389 1644 1501 1682 ipsum
1519 1644 1554 1673 in
1572 1644 1638 1673 hiis
1665 1644 1819 1683 Scriptis,
1837 1644 1930 1673 dicta

553 1692 673 1718 nostra
691 1688 866 1718 Canonica
884 1687 1077 1716 Monicione
1094 1687 1272 1726 premissa,
1292 1687 1535 1726 suspendimus
1552 1698 1572 1717 11
1596 1688 1741 1718 Divinis.
1788 1688 1928 1722 Verum,

554 1733 583 1762 si
614 1731 769 1771 prefatas
795 1731 979 1761 Interdicti
1004 1737 1039 1761 ct
1067 1731 1310 1770 Suspensionis
1338 1731 1540 1761 Sentencias
1566 1742 1627 1771 per
1654 1732 1739 1762 alios
1765 1742 1823 1761 sex
1847 1731 1930 1768 dies,

554 1776 709 1816 prefatos
733 1775 915 1805 duodecim
940 1775 1013 1804 dies
1037 1775 1238 1805 immediate
1263 1778 1456 1814 sequentes,
1483 1776 1697 1811 sustinuerit,
1715 1776 1805 1815 quod
1829 1776 1929 1811 absit,

555 1820 670 1851 animo
687 1820 868 1856 indurat03
894 1829 972 1848 cum
990 1819 1035 1848 sit
1052 1819 1196 1856 dignum
1213 1822 1251 1848 ut
1270 1820 1459 1849 secundum
1478 1820 1567 1859 quod
1592 1830 1752 1850 excessus
1777 1820 1931 1858 exegerit

555 1864 710 1895 vindicta
733 1863 907 1903 procedat,
932 1865 977 1899 et,
994 1863 1181 1893 rebellione
1206 1866 1391 1897 crescente,
1408 1873 1496 1903 pene
1521 1864 1687 1894 severitas
1711 1864 1860 1903 amplius
1876 1873 1930 1893 ex-

556 1909 742 1944 tendatur;
767 1907 801 1936 in
819 1907 933 1946 ipsum
957 1907 1176 1946 Episcopum,
1196 1907 1461 1946 Suffraganeum
1486 1910 1654 1945 nostrum,
1671 1918 1806 1937 exnunc
1830 1910 1931 1947 prout

556 1955 692 1989 extunc,
709 1951 866 1990 predicta
886 1953 1007 1980 nostra
1030 1950 1204 1980 Canonica
1229 1951 1421 1981 Monicione
1444 1952 1623 1990 premissa,
1650 1952 1932 1981 Excommuuica-

558 1996 666 2026 cionis
685 1995 905 2025 Sentenciam
922 1994 1132 2034 proferimus
1151 1995 1188 2024 in
1205 1994 1271 2025 hiis
1290 1994 1444 2034 Scriptis.
1493 1996 1546 2030 Et,
1564 2006 1607 2025 ne
1631 1996 1707 2035 quis
1731 2006 1833 2035 quem
1858 2005 1931 2035 pre-

558 2050 637 2071 sens
662 2039 776 2078 tangit
804 2039 990 2069 Processus
1020 2039 1256 2077 ignoranciam
1288 2039 1494 2078 pretendere
1524 2040 1639 2069 valeat
1670 2040 1704 2068 in
1738 2040 1801 2069 hac
1824 2042 1933 2079 parte,

558 2085 717 2115 volumus
734 2086 768 2113 et
793 2083 1010 2119 mandamus,
1028 2083 1175 2112 firmiter
1198 2082 1432 2122 injungentes
1450 2084 1513 2112 sub
1536 2093 1627 2123 1101111
1652 2084 1934 2113 Excommunica-

561 2128 669 2159 cionis
691 2127 857 2167 predicte,
874 2127 965 2166 quod
988 2127 1080 2156 hunc
1105 2127 1308 2156 Processum
1333 2127 1368 2156 in
1386 2128 1494 2157 valvis
1519 2128 1609 2157 dicte
1635 2128 1788 2157 Ecclesie
1813 2127 1934 2157 Cathe-

561 2172 668 2203 dralis
692 2171 822 2201 Exonie
847 2171 982 2210 publice
1005 2171 1165 2209 affigatis
1212 2171 1426 2209 Inhibemus,
1451 2172 1570 2206 eciam,
1596 2172 1877 2211 quibuscumque,
1902 2176 1935 2201 et

561 2226 619 2247 eos
655 2216 777 2256 primo,
811 2215 971 2252 secundo,
1004 2218 1038 2244 ct
1076 2215 1183 2244 tercio
1214 2224 1254 2244 ac
1284 2216 1526 2254 peremptorie,
1559 2216 1779 2245 Prcsencium
1818 2218 1935 2245 tenore

562 2269 754 2297 monemus,
771 2269 814 2289 ne
832 2259 907 2298 quis
924 2259 1070 2288 eundem
1091 2259 1139 2288 sic
1156 2258 1296 2288 affixum
1314 2259 1440 2289 evellat
1456 2260 1510 2289 vel
1535 2266 1742 2298 corrumpat,
1762 2260 1824 2289 sub
1848 2268 1935 2298 pena

564 2304 745 2335 Sentencie
763 2303 1142 2333 Excommunicacionis
1161 2303 1312 2342 Majoris,
1330 2313 1432 2342 quam
1450 2304 1484 2332 in
1502 2313 1667 2342 personas
1684 2304 1837 2341 singulas
1860 2313 1934 2333 con-

563 2349 711 2379 trarium
734 2347 914 2383 facientes,
946 2356 1081 2377 exnunc
1108 2350 1210 2386 prout
1236 2350 1372 2384 extunc,
1398 2347 1489 2377 dicta
1515 2350 1633 2377 nostra
1658 2347 1850 2377 Monicione
1876 2346 1935 2376 Ca-

563 2393 688 2423 nonica
710 2391 929 2431 precedente,
946 2390 1092 2420 ferimus
1116 2391 1152 2420 in
1176 2390 1243 2420 hiis
1269 2391 1423 2430 Scriptis.
1457 2391 1734 2423 Absolucionem.
1752 2401 1842 2428 vcro,
1868 2401 1935 2420 om-

564 2438 660 2467 nium
685 2439 719 2466 ct
745 2436 959 2474 singulorum
984 2435 1041 2474 qui
1066 2435 1319 2474 suprascriptas
1343 2441 1480 2465 nostras
1506 2435 1717 2470 Sentcucias,
1736 2445 1796 2465 scu
1819 2444 1935 2465 earum

565 2481 726 2520 aliquam,
744 2479 967 2519 quovismodo
983 2479 1203 2513 incurrerint,
1216 2479 1325 2515 nobis,
1339 2480 1391 2509 vel
1408 2479 1582 2518 Superiori
1599 2482 1727 2511 nostro.
1745 2479 1938 2518 specialiter

565 2525 793 2554 reservantes
840 2523 889 2553 De
907 2522 961 2552 die
978 2523 1189 2561 recepcionis
1206 2523 1439 2560 Prescncium,
1456 2523 1625 2563 modoque
1642 2526 1676 2553 et
1692 2523 1804 2552 forma
1821 2531 1937 2552 execu-

564 2568 672 2599 cionis
692 2577 822 2603 earum,
838 2576 911 2604 nos,
929 2566 1017 2597 citra
1045 2567 1187 2596 Festum
1203 2566 1426 2596 Ascensionis
1446 2567 1583 2597 Domini
1606 2567 1760 2606 proximo
1781 2567 1937 2596 futurum

568 2611 629 2652 [19
646 2609 758 2651 May],
777 2610 975 2641 certificetis
992 2620 1053 2649 per
1070 2610 1204 2640 Literas
1227 2614 1361 2641 vestras
1384 2613 1555 2650 patentes,
1573 2611 1695 2640 harum
1721 2611 1843 2640 seriem
1861 2619 1935 2639 con·

565 2655 904 2686 tinentes—Datum
917 2654 1009 2693 apud
1026 2654 1267 2693 Exemynstre,
1281 2654 1372 2685 dicte
1390 2655 1593 2684 Exoniensis
1608 2655 1770 2691 Dioccsis,
1788 2653 1868 2693 xviij
1884 2652 1937 2682 die

566 2699 706 2739 Aprilis,
731 2698 832 2728 Anno
857 2698 996 2728 Domini
1022 2698 1205 2728 Millesimo
1231 2698 1361 2728 CCC¹¹¹0
1385 2697 1557 2738 lxxxiiijtss,
1583 2707 1615 2728 et
1642 2702 1758 2728 nostre
1782 2696 1936 2727 Transla-

566 2743 674 2774 cionis
689 2742 807 2773 tercio.

519 2787 577 2824 St.
598 2785 752 2822 Breoke
766 2797 776 2831 ;
807 2784 966 2822 Licence
987 2790 1022 2821 to
1041 2784 1286 2829 celebrate,—

521 2841 622 2878 Item,
640 2839 733 2880 apud
750 2839 858 2880 Clyst,
875 2849 919 2869 xx
936 2838 990 2869 die
1014 2839 1143 2870 mensis
1166 2838 1306 2879 Aprilis,
1330 2839 1507 2869 Johannes
1532 2839 1618 2874 Udo,
1643 2839 1684 2869 de
1710 2837 1873 2869 Paroehia
1897 2836 1938 2868 de
