1987 3062
443 261 732 294 REGISTRUM
759 261 1222 295 COMMUNE—ANNO
1250 247 1348 297 4⁰:2ss
1584 253 1672 297 321

138 359 212 386 A.D.
289 364 389 395 Petro
413 364 651 405 Hardffiuigge,
670 365 803 396 Rectori
831 365 972 396 Ecclesie
988 365 1029 396 de
1046 366 1290 406 Dertyngtone,
1308 368 1446 406 propter
1459 365 1593 406 justum
1606 375 1673 397 me-

137 394 232 452 ξ’(ἷῗῐ
289 411 362 438 tum
378 418 516 438 suorum
534 409 744 439 inimicorum
761 409 793 438 in
809 409 966 439 parochia
983 409 1024 439 de
1041 409 1277 449 Dertyngtone
1291 409 1439 449 predicta
1451 409 1672 440 existencium

195 447 201 452 ’
235 447 241 453 ”
288 451 350 481 sibi
368 456 494 482 temere
518 452 659 484 illatum.
684 452 775 491 quod
799 452 912 492 possit.
929 462 989 492 per
1011 462 1046 483 se
1064 453 1112 482 vel
1129 452 1234 483 alium
1257 452 1417 483 idoneum
1442 452 1670 492 Capellannm,

291 494 411 525 Divina
436 495 612 531 celebrare,
631 495 680 525 vel
705 495 813 525 facere
835 495 1003 532 celebrari,
1028 496 1060 526 in
1086 495 1228 536 Capella,
1245 496 1314 526 sive
1338 496 1502 534 Oratorio,
1521 496 1674 527 Rectorie

289 548 358 575 sne,
375 538 519 569 durante
536 538 568 568 vi
584 542 619 569 et
635 542 728 568 metu
747 539 958 569 inimicorum
975 539 1235 570 antedictorum.

247 581 345 619 Item,
362 581 498 619 ibidem,
517 584 552 612 et
567 581 684 612 eodem
700 581 762 618 die,
784 582 945 612 Dominus
961 583 1123 614 concessit
1150 583 1292 613 Roberto
1317 581 1469 620 Chalons,
1487 582 1672 621 domicello,

289 628 325 656 et
341 624 414 664 ejus
429 625 523 655 uxori
541 625 736 661 Licenciam,
751 629 824 661 etc„
839 626 872 656 in
888 625 1021 665 Capella
1037 626 1124 656 infra
1143 626 1328 656 Manerium
1340 636 1441 656 suum
1453 626 1495 656 de
1512 626 1670 657 Chalous-

289 668 384 708 leghe
396 668 445 707 [in
466 667 699 708 Plympcon-Sc.
721 668 841 707 Mar-yffi
861 679 919 708 per
935 679 1040 699 unum
1057 679 1184 700 annum
1200 669 1409 700 duraturam.

248 711 346 748 Item,
359 711 492 749 ibidem,
506 716 541 742 et
553 711 670 742 eodem
683 710 745 748 die,
761 711 882 752 Guydo
899 713 957 752 ssry
966 716 1017 743 tte
1030 716 1065 743 et
1077 712 1152 752 ejus
1164 723 1248 743 uxor
1261 712 1454 744 habuerunt
1465 712 1673 743 consimilem

291 754 474 786 Licenciam
490 765 510 785 a
528 755 670 785 Domino
686 765 745 794 pro
764 755 910 786 Manerio
926 765 986 786 suo
1005 756 1047 786 de
1067 755 1274 796 Halghwylle
1289 755 1342 795 [in
1355 755 1516 796 BrlxconJ,
1527 755 1675 787 durante

288 798 487 830 infirmitate
505 798 678 838 Guydonis
694 798 846 838 predicti,
863 802 925 829 etc.

135 850 183 877 s0¹·
199 852 239 877 44·
250 853 705 902 Lette=·s-Dimissory‚—

246 907 346 938 Peter
362 906 534 946 Pengylly,
550 906 650 944 clerk,
668 906 686 921 “
698 906 741 937 ad
757 916 873 937 omnes
885 906 904 918 ”
922 906 1135 946 (Chudleigh,
1155 907 1195 938 18
1213 906 1315 945 Dee).

247 949 337 981 John
354 950 489 988 Tolven,
506 950 639 987 deacon,
658 950 676 965 ‘⁵
689 950 731 981 ad
748 950 908 981 Ordinem
933 950 1180 980 Presbiteratus
1202 953 1338 981 tantum
1352 950 1371 962 '¹
1390 949 1495 990 (same
1510 949 1613 988 date).

247 994 334 1026 John
361 994 484 1033 Hoper,
509 993 544 1024 of
574 993 824 1030 Southmolton,
848 993 1027 1024 “Primam
1051 993 1237 1024 Tonsuram
1260 993 1498 1024 tantummodo
1526 993 1675 1032 habenti,

287 1037 330 1068 ad
345 1047 460 1068 omnes
473 1037 625 1068 Minores.
639 1040 673 1068 et
683 1037 786 1068 eciam
797 1037 838 1067 ad
850 1047 964 1067 omnes
978 1037 1094 1067 Sacros
1109 1037 1270 1067 Ordines’'
1288 1037 1501 1077 (Chudleigh,
1515 1038 1557 1068 22
1570 1037 1675 1074 Dec.)-

248 1093 573 1141 'Festamentary3
601 1092 663 1128 Sir
687 1092 819 1141 Henry
839 1091 887 1128 de
908 1091 942 1128 le
963 1092 1187 1141 Pomera5e‚
1212 1091 1435 1140 Knight,—

247 1147 345 1182 Item,
369 1146 495 1176 eisdem
517 1146 571 1176 die
593 1149 628 1176 et
650 1145 731 1182 1000,
757 1145 928 1176 emanavit
952 1145 1149 1176 Mandatum
1176 1145 1310 1176 Domini
1332 1146 1374 1176 ad
1402 1145 1676 1176 denunciandum

290 1189 402 1220 omnia
426 1189 511 1219 bona
533 1199 597 1228 que
623 1189 765 1219 fuerunt
788 1189 917 1219 Nobilis
942 1188 1023 1225 Viri,
1050 1189 1185 1219 Domini
1210 1189 1346 1219 Henriei
1362 1189 1404 1219 de
1426 1189 1457 1219 le
1481 1189 1673 1229 Pomeraye‚

295 1232 419 1271 Militis,
435 1232 597 1269 defuncti,
617 1232 720 1263 fuisse
742 1235 777 1263 et
801 1242 870 1262 esse
893 1235 1105 1271 sequestrata
1129 1242 1186 1271 per
1213 1232 1406 1270 Dominum,
1430 1232 1535 1262 donec
1561 1232 1676 1263 Testa-

293 1279 455 1313 mentum,
472 1275 499 1305 si
515 1275 603 1315 quod
620 1275 732 1306 fuerit,
753 1275 914 1315 probetur
930 1275 961 1305 in
979 1275 1087 1305 forma
1103 1275 1217 1306 debita
1234 1278 1269 1306 et
1282 1279 1441 1306 consueta
1456 1286 1465 1312 ;
1489 1275 1588 1316 quod,
1602 1276 1675 1316 qui-

292 1319 378 1353 dem,
405 1319 601 1349 Mandatum
625 1319 742 1349 extitit
765 1319 931 1349 directum
958 1319 1099 1348 Domino
1125 1319 1306 1358 lteginaldo
1329 1318 1385 1357 [de
1412 1319 1672 1359 HorsyngtoneJ,

292 1362 422 1393 vicario
437 1363 479 1392 de
499 1363 586 1402 Byry
606 1362 795 1401 pomer-aye,
813 1366 849 1392 et
864 1361 906 1392 ad
929 1361 1194 1392 conservandum
1218 1361 1304 1392 bona
1328 1362 1488 1401 premissa
1510 1362 1679 1393 directum

293 1406 401 1436 eidem
422 1404 611 1445 Reginahlo.
630 1415 695 1435 una
711 1415 787 1435 cum
801 1405 966 1435 Willelmo
978 1405 1060 1435 dele
1073 1405 1255 1444 Pomeraye
1270 1408 1305 1436 et
1317 1405 1444 1436 'rhoma
1459 1405 1501 1436 de
1516 1405 1548 1436 le
1562 1406 1675 1436 Pome-

291 1459 380 1490 mye,
398 1452 439 1479 ut
454 1449 488 1479 in
509 1449 666 1479 Mandato
683 1448 834 1488 predicto
852 1448 983 1488 plenius
1000 1449 1206 1479 continetur.

141 1503 462 1562 QssssResidence
482 1504 520 1539 in
546 1502 740 1540 Benefices
760 1509 802 1539 to
818 1503 866 1539 be
886 1502 1066 1539 enforced
1082 1515 1091 1548 ;
1121 1502 1290 1539 Monicz'o
1308 1501 1504 1539 Generalis
1519 1502 1572 1539 ad
1589 1503 1680 1540 resi-

141 1570 239 1603 Jmu-
300 1558 465 1594 (lendum
486 1557 523 1592 in
546 1556 744 1597 Beneficiis
763 1562 928 1605 quatuor
947 1555 1395 1601 Archdiaconatuum,—

143 1611 402 1648 Amusffhomas,
419 1613 492 1647 etc„
509 1610 751 1641 Archidiacono
775 1610 911 1648 Exonie,
936 1609 988 1640 vel
1011 1609 1086 1650 ejus
1110 1609 1259 1647 Offieiali,
1285 1610 1441 1648 salutem,
1459 1613 1522 1642 etc.
1532 1609 1678 1641 —Sacris

293 1654 484 1686 canonibus
495 1654 649 1684 novimus
665 1663 735 1684 esse
751 1657 887 1684 cautum
900 1653 990 1693 quod
1003 1653 1049 1683 hii
1062 1653 1119 1693 qui
1130 1653 1171 1683 ad
1184 1653 1330 1693 regimen
1343 1653 1565 1684 Ecclesiarum
1580 1653 1677 1684 Paro-

292 1697 448 1728 chialium
465 1701 694 1733 assumuntur,
713 1700 752 1727 ut
769 1697 886 1737 Gregis
901 1696 963 1727 sibi
980 1696 1099 1727 traditi
1122 1706 1236 1726 curam
1255 1700 1389 1735 possent
1405 1707 1519 1737 gerere
1536 1697 1676 1737 diligen-

291 1741 362 1772 cius
385 1741 582 1778 animarum,
607 1743 769 1771 tenentur
784 1740 817 1770 in
835 1740 961 1770 eisdem
984 1739 1204 1779 personaliter
1228 1739 1398 1777 residere;
1421 1740 1677 1780 fidedignorum,

292 1789 417 1820 tamen,
435 1784 671 1820 insinnacione,
687 1783 777 1814 fama
793 1783 926 1823 publiea
941 1783 1117 1821 referente,
1131 1783 1172 1813 ad
1190 1786 1344 1814 nostrum
1358 1783 1510 1823 pervenit
1521 1783 1678 1814 auditum

290 1827 381 1868 quod
398 1827 549 1858 nonnulli
566 1827 724 1858 Rectores
742 1827 963 1858 Ecclesiarum
983 1826 1223 1856 Parochialium
1248 1830 1439 1857 nostrarum
1463 1827 1620 1858 Civitatis
1643 1830 1678 1858 et

291 1871 447 1902 Diocesis.
464 1881 501 1901 ac
525 1871 680 1910 precipue
704 1870 1004 1901 Archidiaconatus
1027 1869 1140 1906 vestri,
1161 1879 1306 1910 quorum
1330 1870 1466 1900 nomina
1490 1870 1524 1901 in
1551 1870 1678 1902 Cedula

291 1914 507 1945 Presentibus
522 1924 652 1944 annexa
667 1914 814 1954 plenarie
830 1914 1059 1951 continentur,
1079 1917 1242 1953 tanquam
1255 1913 1450 1944 mercenarii
1467 1913 1591 1954 Greges
1604 1924 1677 1954 pro-

288 1958 378 1998 prios
400 1957 601 1993 deserentes,
617 1967 713 1988 curas
727 1957 914 1988 animarum
939 1957 1064 1987 eisdem
1080 1956 1281 1994 commissas,
1299 1956 1548 1996 hospitalitates
1563 1957 1677 1997 eciam,

288 2012 326 2032 ac
341 2004 452 2032 cetera
467 2010 532 2041 que
547 2001 590 2031 ad
613 2001 746 2031 eosdem
768 2000 868 2041 juxta
892 2000 1072 2031 Canonioas
1095 2000 1299 2036 Sancoiones,
1317 2004 1388 2030 tam
1411 2000 1453 2030 de
1474 2000 1551 2040 jure
1575 2010 1675 2041 quam

288 2044 540 2082 cousuetudine,
556 2044 805 2084 pertinuerunt.
822 2048 859 2075 et
875 2044 1047 2084 pertinent
1063 2043 1096 2074 in
1108 2043 1265 2083 present-i,
1280 2046 1394 2074 tenere
1404 2046 1440 2074 et
1451 2044 1676 2075 effectualiter

290 2088 465 2119 observare
489 2087 660 2127 necligunt
682 2097 719 2118 ac
742 2087 919 2118 omittunt.
968 2087 1076 2126 Super
1091 2086 1224 2126 quibus,
1241 2086 1354 2125 eciam,
1371 2086 1497 2127 inquiri
1519 2087 1581 2117 hac
1603 2087 1674 2118 vice

293 2131 434 2162 fecimus
450 2131 638 2170 diligenter,
656 2134 691 2162 et
707 2131 868 2170 premissa
890 2130 937 2161 sic
949 2130 1053 2161 fuisse
1069 2133 1105 2161 et
1119 2140 1190 2160 esse
1207 2140 1285 2160 vera
1302 2139 1359 2170 per
1375 2130 1515 2161 eandem
1533 2130 1676 2171 Inquisi-

291 2175 430 2213 cionem,
457 2174 499 2204 de
528 2174 686 2204 Mandato
708 2177 824 2205 nostro
850 2176 993 2214 captam,
1017 2173 1240 2213 comperimus
1267 2173 1454 2204 manifeste.
1502 2173 1533 2204 N
1536 2173 1674 2213 olentes,

291 2218 406 2257 igitur,
425 2217 593 2257 premissa,
611 2220 713 2256 prout
730 2227 810 2247 sana
824 2217 1027 2248 consciencia
1042 2227 1102 2247 nec
1117 2226 1305 2256 possumus,
1322 2216 1386 2246 sub
1408 2216 1676 2247 dissimulaeione

291 2261 548 2292 conniventibus
571 2260 674 2291 oculis
690 2260 832 2291 ulterius
855 2260 1070 2300 pertransire,
1089 2259 1181 2290 vobis
1197 2259 1405 2297 mandamu8‚
1422 2262 1496 2296 etc„
1512 2260 1674 2300 quat-inus

294 2304 467 2341 moneatis,
485 2307 559 2342 etc,
576 2304 709 2334 eosdem
735 2304 900 2339 Rectores,
921 2304 955 2334 in
971 2313 1087 2334 eorum
1106 2302 1247 2342 propriis
1264 2303 1411 2342 personis
1428 2302 1455 2333 si
1471 2303 1517 2333 sic
1539 2303 1675 2334 valeant

292 2347 506 2388 apprehendi.
531 2347 620 2387 quod
644 2347 677 2377 in
704 2347 858 2378 Ecclesiis
881 2347 959 2384 suis,
975 2346 1063 2377 infra
1086 2356 1234 2376 mensem
1258 2356 1277 2375 a
1300 2350 1451 2385 tempore
1479 2346 1675 2377 Monicionis

291 2394 402 2422 vestre
417 2390 575 2421 continue
591 2390 846 2422 numerandum.
864 2390 1083 2430 personaliter
1094 2392 1129 2420 et
1141 2388 1375 2426 effectualiter,
1388 2399 1425 2419 ac
1440 2388 1584 2426 divisim,
1594 2389 1673 2420 resi-

293 2434 404 2470 deant,
419 2437 459 2464 ut
469 2436 640 2470 tenentur,
653 2434 716 2464 sub
729 2444 813 2474 pena
824 2433 923 2474 juris;
939 2433 1085 2473 alioquin
1099 2433 1186 2472 ipsos
1198 2432 1232 2462 in
1245 2432 1394 2471 personis
1405 2435 1672 2472 procuratorum,

299 2477 426 2517 siquos
449 2477 640 2507 dimiserint
658 2477 692 2506 in
709 2477 770 2507 hac
793 2481 887 2516 parte
906 2487 913 2514 ;
937 2476 1026 2511 alias.
1045 2479 1169 2515 autem,
1194 2475 1326 2515 publice
1350 2475 1531 2506 Citacionis
1553 2475 1673 2514 edicto,

297 2520 330 2550 in
350 2520 503 2550 Ecclesiis
520 2519 588 2550 suis
605 2520 770 2559 predictis,
787 2530 895 2550 coram
914 2519 1119 2560 parochianis
1136 2518 1326 2556 eorundem,
1345 2518 1472 2549 Diebus
1490 2518 1674 2550 Dominicis

298 2567 332 2593 et
358 2563 498 2593 Festivis
523 2563 654 2602 publice
677 2563 846 2603 proposito
874 2563 997 2603 pariter
1022 2566 1058 2593 et
1082 2561 1202 2599 affixo;
1229 2561 1319 2602 qnod
1347 2564 1572 2602 compareant,
1600 2565 1674 2600 etc.¹

297 2616 406 2636 coram
425 2605 521 2636 nobis
545 2605 595 2636 vel
620 2611 773 2636 nostrum
798 2606 906 2636 locum
932 2609 1079 2643 tenente,
1104 2605 1307 2644 ubicumque
1330 2604 1494 2635 fuerimus
1510 2604 1543 2635 in
1561 2608 1676 2636 nostra

300 2649 446 2680 Civitate
465 2649 514 2678 vel
532 2649 660 2680 Diocesi
683 2649 820 2687 Exonie,
843 2649 945 2680 tercio
961 2649 1015 2679 die
1031 2647 1182 2679 Juridico
1198 2651 1274 2688 post
1289 2646 1420 2686 lapsum
1444 2647 1526 2678 dicti
1542 2648 1676 2687 mensis,

299 2702 413 2723 causas
430 2691 653 2731 racionabiles,
669 2692 696 2722 si
713 2703 796 2732 quas
812 2703 871 2732 pro
884 2702 918 2722 se
934 2691 1090 2729 habeant,
1103 2701 1205 2730 quare
1217 2691 1259 2721 ad
1272 2689 1466 2731 hujusmodi
1479 2691 1679 2723 residencias

301 2735 489 2776 personales
519 2735 657 2765 minime
681 2735 826 2766 debeant
849 2735 1011 2775 compelli,
1035 2734 1220 2764 secundum
1245 2733 1411 2764 Canonica
1435 2733 1611 2774 Instituta,
1643 2735 1678 2766 in

149 2818 168 2835 *
190 2819 311 2850 Errata
325 2832 374 2852 :—
382 2819 552 2858 Headings
564 2819 598 2850 of
609 2819 667 2850 the
679 2819 880 2860 right-hand
991 2818 1069 2850 read
1101 2818 1117 2833 ‘⁶
1132 2818 1232 2849 Anno
1254 2818 1323 2851 4⁰.”

210 2872 320 2903 pages,
353 2862 534 2901 301-319,
563 2861 619 2903 for
647 2863 666 2878 “
683 2863 782 2894 Anno
812 2864 849 2895 3⁰
861 2862 880 2875 ''

353 2920 390 2953 X
