1987 3062
456 258 745 291 REGISTRUM
786 257 1244 291 OOMMUNE—ANNO
1287 249 1377 290 150.
1585 252 1672 292 561

145 360 219 386 A-D·
294 364 330 393 in
359 364 478 394 decem
506 364 602 393 libris
629 363 886 402 sterlingorum,
912 362 1085 392 solvendis
1111 361 1223 391 eidem
1250 362 1397 391 Domino
1426 362 1593 401 Episcopo
1622 365 1675 393 vel

143 395 235 453 {1354}
297 408 559 438 Suocessoribus
588 408 668 441 suis,
702 407 764 436 Die
792 407 974 436 Dominica
1004 406 1162 444 proxima,
1194 408 1377 444 postquam
1411 407 1595 445 contigerit
1629 408 1677 437 sio

201 447 207 452 ⁶
240 447 246 452 '
295 452 427 482 dictum
445 452 631 481 Dominum
651 451 871 490 Episcopum,
891 450 943 479 vel
964 450 1186 479 Suc-cessores
1204 460 1292 485 suos,
1311 450 1451 479 indicta
1465 452 1676 485 tenementa,

297 496 426 529 domos,
453 498 488 525 et
516 495 692 534 Capellam
719 505 797 524 cum
814 494 1049 533 pertinenciis,
1072 494 1114 523 ob
1132 503 1253 523 causas
1270 494 1480 533 prescriptas
1497 495 1677 525 reintrare.

297 540 338 568 In
356 539 455 579 cujus
471 539 520 569 rei
538 539 777 568 testimonium
796 539 918 568 Partes
934 538 1089 577 predicte
1114 537 1180 567 hiis
1206 537 1331 567 Literis
1356 538 1546 567 indentntis
1564 539 1677 576 sigilla

296 593 358 613 sua
375 583 575 613 alternatim
593 586 848 622 apposuerunt3
865 582 933 612 hiis
957 582 1316 617 testibus-—WValtero
1334 582 1511 620 Cloptone,
1532 583 1677 612 Ricardo

298 626 495 660 Sidenham,
513 627 671 657 Johanue
691 627 804 666 Hylle,
821 626 980 656 Johanne
995 626 1174 659 WVadham,
1190 626 1386 655 Alexandro
1403 626 1517 659 Mei-le,
1530 627 1676 657 Domino

296 671 467 701 willelmo
496 672 628 709 Crosse,
658 671 803 701 Rectore
829 671 980 700 Ecclesie
1005 670 1217 699 Parochialis
1236 669 1352 699 Sancti
1372 670 1561 699 Clementis
1579 675 1677 700 extra

297 714 441 745 Barram
470 715 558 745 Novi
588 715 720 754 Templi
751 715 1019 751 Londoniarum,
1046 714 1216 743 willelmo
1242 714 1433 748 Pc‹·cl1e,et
1453 714 1677 744 aliisrrljata

297 759 484 789 Londoniis
501 759 535 788 in
555 760 657 789 Festo
675 759 811 789 Natalis
829 758 977 793 Domini,
1003 758 1104 787 Anno
1123 758 1231 795 Regni
1250 758 1354 795 Regis
1373 758 1509 787 Ricardi
1529 758 1677 788 Secundi

295 806 373 842 post
402 803 637 843 Conquestum
666 803 823 842 septimo.
872 803 915 831 Et
942 812 1014 837 nos,
1044 802 1202 831 Decanus
1228 804 1263 831 ct
1293 802 1491 840 Capitulum
1526 803 1676 833 Ecclesie

298 847 515 877 Catliedralis
547 847 688 883 Exonie,
720 847 876 886 prefatas
908 846 1137 875 tradicionem
1169 849 1203 875 et
1237 846 1473 875 dimissionem
1506 849 1600 875 ratas
1641 851 1675 877 et

297 892 414 922 firmas
430 891 608 927 habentes,
626 891 823 930 eisdemque
842 900 1047 920 eonsensum
1069 893 1103 919 ct
1127 900 1307 919 assensum
1326 892 1463 919 nostros
1482 891 1675 929 prebentes,

297 935 449 974 sigillum
482 938 641 965 nostrum
673 945 856 964 commune
889 934 1108 973 presentibus
1141 934 1265 963 Literis
1296 934 1487 963 indentatis
1516 935 1676 965 duximus

296 980 549 1018 apponendum,
575 980 609 1008 in
635 979 738 1009 tidem
763 981 797 1009 et
822 978 1059 1008 testimonium
1082 978 1529 1017 premissorum.ss†Datum,
1548 980 1675 1018 quoad

296 1023 553 1062 apposicionem
571 1023 673 1061 sigilli
691 1023 811 1059 nostri,
829 1023 865 1052 in
883 1023 993 1052 Domo
1015 1026 1135 1052 nostra
1153 1022 1345 1061 Capitulari
1365 1022 1494 1052 Exonie
1516 1022 1583 1061 (the
1601 1024 1675 1052 «late

300 1068 325 1096 is
343 1067 503 1103 omitted).

250 1142 400 1178 Exetei·
419 1141 633 1179 Cathedral
651 1155 659 1187 3
690 1142 931 1178 illaudatum
952 1141 1006 1178 ad
1022 1141 1322 1189 rcy‘brmandzmz
1355 1141 1491 1190 Officia
1519 1142 1675 1179 Divina

306 1195 352 1231 in
372 1196 545 1232 Ecclesia
568 1195 866 1240 Carmentali,—

253 1250 412 1284 Thomas,
430 1253 505 1287 etc.,
524 1251 664 1280 Decano
689 1251 841 1280 Ecclesie
864 1252 983 1279 nostre
1009 1250 1224 1287 Exoniensis,
1250 1260 1319 1281 seu.
1344 1250 1380 1279 in
1405 1250 1480 1290 ejus
1505 1251 1676 1287 absencia,

297 1294 492 1324 Presidenti
510 1295 662 1334 Capituli
680 1295 836 1334 ejusdem
855 1294 1019 1331 Ecclesie,
1038 1294 1197 1329 salutem,
1215 1294 1552 1325 etejSubditorum
1578 1296 1677 1325 nobis

297 1339 507 1377 periculosas
524 1339 771 1377 negligencias,
796 1348 881 1378 quas
905 1339 1051 1368 ulterius
1075 1338 1237 1367 tollerare
1263 1348 1347 1368 sana
1373 1340 1587 1369 consciencia
1608 1350 1675 1369 non

296 1382 462 1417 valemus
480 1393 523 1412 ne
540 1383 694 1422 ipsorum
720 1383 861 1421 sanguis
886 1382 927 1412 de
951 1382 1112 1411 manibus
1136 1382 1265 1411 nostris
1282 1383 1489 1421 requiratur,
1507 1394 1547 1413 ex
1566 1383 1676 1413 Officii

298 1427 407 1456 nostri
425 1427 542 1457 debito
554 1427 711 1465 cogimur
722 1427 911 1465 increpare.
960 1426 1064 1456 Gravi
1082 1436 1125 1456 ne
1144 1427 1269 1456 mirum
1284 1427 1549 1465 perturbacione
1563 1437 1676 1457 move-

296 1480 374 1499 mur
391 1471 480 1510 quod
498 1471 699 1507 residencia,
717 1471 816 1510 juxta
833 1471 941 1509 ipsius
966 1470 1118 1500 Ecclesie
1142 1473 1259 1500 nostre
1280 1470 1429 1507 Statutn,
1449 1472 1676 1501 Consuetudi-

297 1524 367 1549 neS,
385 1524 424 1544 ac
442 1515 690 1544 Ordinaciones
709 1515 900 1545 Canonicas
917 1515 1032 1544 debite
1050 1515 1220 1550 facienda,
1237 1525 1299 1553 per
1317 1514 1508 1545 Canonicos
1520 1516 1675 1555 ejusdem

298 1558 450 1588 Ecclesie
474 1559 548 1588 fieri
574 1559 684 1595 solita,
710 1559 956 1589 miserabiliter
988 1558 1214 1593 subtrahitur,
1242 1558 1468 1598 Officiumque
1501 1560 1676 1595 Divinum,

296 1602 460 1632 diurnum
476 1603 608 1642 pariter
625 1606 660 1633 et
676 1606 895 1640 nocturnum,
914 1603 948 1632 in
967 1602 1121 1632 Ecclesia
1146 1605 1265 1632 nostra
1289 1603 1446 1641 predicta
1470 1604 1547 1642 plus
1565 1604 1675 1641 solito,

295 1649 398 1684 prout
415 1657 455 1676 ex
475 1647 679 1685 Magnatum
696 1650 731 1677 et
747 1647 893 1676 aliorum
910 1647 1163 1685 fidedignorum
1182 1647 1352 1676 relacione
1370 1648 1576 1686 accepimus,
1594 1658 1675 1686 neg-

296 1690 438 1729 ligitur;
464 1691 549 1721 adeo
566 1691 656 1730 quod
675 1691 779 1720 Horis
797 1691 1062 1721 Matutinalibus
1079 1691 1115 1720 in
1132 1691 1253 1720 eadem
1272 1691 1424 1721 Ecclesia
1442 1692 1596 1721 dicendis
1620 1693 1676 1721 vix

296 1734 364 1764 (luo
381 1737 441 1764 aut
458 1737 529 1764 tres
546 1735 675 1765 Vicarii
693 1745 733 1765 ex
750 1745 820 1765 uua
835 1738 944 1774 parte,
963 1737 998 1764 et
1014 1735 1161 1764 totidem
1179 1745 1219 1764 ex
1237 1734 1356 1769 altera,
1374 1736 1559 1775 aliquando
1570 1737 1675 1766 inter·

297 1781 388 1814 sunt,
406 1779 463 1818 qui
482 1779 639 1809 Officium
658 1779 874 1816 Matutinale,
899 1782 1042 1818 propter
1065 1779 1219 1817 ipsorum
1236 1779 1458 1817 paucitatem,
1477 1780 1676 1811 nullatenus

296 1823 459 1861 perficere
476 1826 638 1862 poterant
654 1826 694 1852 ut
711 1823 887 1860 debere-nt,
912 1823 1136 1862 nonnullique
1162 1823 1326 1853 Canonici
1344 1833 1383 1853 ao
1400 1824 1540 1862 Vicarii‚
1565 1827 1600 1854 et
1625 1834 1675 1855 ce-

295 1866 360 1896 teri
380 1867 530 1897 Ministri
546 1867 703 1907 ejusdem
730 1867 892 1903 Ecclesie,
910 1867 992 1896 dum
1009 1867 1045 1896 in
1064 1866 1178 1896 Missis
1202 1869 1237 1896 ct
1261 1867 1337 1897 aliis
1364 1868 1468 1897 Horis
1493 1868 1676 1898 Canonicis

295 1910 330 1939 in
348 1911 424 1949 ipsa
441 1911 595 1942 Ecclesia
611 1911 827 1941 celebrandis
843 1911 1021 1948 interesse,
1040 1914 1074 1940 et
1092 1911 1216 1940 offerre
1234 1911 1305 1941 Deo
1331 1912 1538 1942 sacrificium
1564 1913 1675 1943 laudis

295 1954 517 1994 fructumque
534 1955 705 1985 labiorum
730 1966 880 1993 suorum,
899 1955 935 1984 in
950 1955 1103 1994 puritate
1129 1955 1342 1985 consciencie
1359 1966 1399 1985 ac
1415 1957 1523 1985 animi
1541 1957 1674 1986 devoci-

296 2008 360 2028 one
378 1999 555 2036 deberent,
572 2002 671 2029 extra
694 1999 845 2029 Chorum
868 2000 904 2029 in
923 1999 1022 2036 Navi,
1039 2009 1079 2029 ac
1103 1999 1314 2038 aliquociens
1334 2000 1369 2028 in
1395 2000 1574 2030 Cimiterio
1596 2001 1675 2039 ipsi-

296 2052 337 2072 us
351 2042 513 2078 Ecclesie,
528 2044 613 2073 acin
625 2044 772 2073 circuitu
785 2044 888 2073 Chori
900 2043 1066 2083 ejusdem,
1079 2043 1200 2073 diebus
1212 2044 1446 2082 solempnibus
1460 2047 1493 2074 et
1507 2045 1594 2081 aliis,
1609 2045 1675 2075 dis-

297 2089 442 2116 currunt
457 2087 589 2126 pariter
606 2090 641 2118 et
657 2090 850 2127 vagantum
875 2091 1050 2123 extranea,
1076 2089 1111 2117 et
1134 2087 1336 2127 plerumque
1361 2098 1459 2125 vana,
1484 2089 1674 2127 prophana,

296 2131 331 2158 et
348 2130 542 2167 inhonesta,
559 2131 669 2161 eciam
692 2142 770 2161 cum
795 2131 892 2161 laicis
916 2134 951 2161 et
975 2131 1179 2161 mulieribus
1202 2131 1472 2162 intermiscendo
1497 2133 1675 2172 colloquia,

1 2184 2 2197 π
298 2174 397 2203 tarde
416 2175 459 2203 ad
485 2174 636 2204 Chorum
658 2176 904 2213 conveniendo,
923 2176 1114 2205 Ecclesiam
1142 2175 1265 2214 ipsam,
1289 2176 1417 2215 absque
1441 2187 1545 2206 causa
1568 2178 1674 2207 racio-

295 2217 412 2254 nabili,
430 2220 512 2248 ante
529 2219 633 2248 finem
652 2219 761 2249 Officii
779 2219 945 2257 exeundo,
962 2219 1239 2258 aliquociensque
1257 2220 1339 2249 dum
1358 2220 1484 2249 Divina
1500 2221 1536 2250 in
1554 2221 1673 2251 eadem

297 2264 451 2298 aguntur
486 2272 521 2291 se
553 2263 693 2302 penitus
724 2263 950 2301 absentando,
982 2263 1017 2292 in
1051 2263 1175 2292 Divine
1209 2263 1405 2303 Majestatis
1437 2264 1603 2294 offensam
1636 2276 1676 2295 ac

299 2305 439 2335 Ordinis
461 2306 638 2336 Clericalis
666 2311 701 2336 et
727 2307 920 2336 astancium
946 2307 1175 2346 plurimorum
1201 2307 1402 2337 scandalum
1427 2308 1675 2346 manifestuum

298 2349 490 2379 cotidianas
507 2351 774 2381 distribuciones
801 2361 840 2380 ac
864 2351 932 2380 alia
956 2351 1130 2390 stipendia
1152 2351 1187 2380 in
1210 2351 1331 2380 eadem
1355 2352 1509 2381 Ecclesia
1531 2353 1590 2389 eis,
1613 2363 1675 2391 pro

297 2394 475 2431 premissis
486 2394 678 2424 residencia
689 2398 724 2424 et
742 2394 870 2425 Officiis
887 2395 1021 2424 Divinis
1039 2395 1154 2424 debite
1172 2395 1256 2424 inibi
1274 2395 1453 2431 faciendis,
1471 2396 1514 2425 ab
1532 2397 1674 2436 antiquo

299 2437 499 2475 constituta,
517 2438 653 2476 integre
670 2439 916 2469 nichilominus
932 2439 1167 2469 vendicantes.
1215 2439 1296 2476 Nos,
1310 2439 1427 2476 igitur,
1446 2443 1497 2469 tot
1515 2446 1547 2469 et
1566 2442 1674 2471 tantis

297 2480 398 2510 malis
415 2491 455 2511 ac
472 2482 643 2520 periculis,
661 2493 726 2522 que
743 2483 865 2512 exinde
889 2485 1054 2521 poterunt
1072 2483 1308 2512 verisimiliter
1327 2484 1475 2518 evenire,
1494 2486 1674 2523 oportunis

296 2523 434 2554 obviare
462 2526 624 2556 remediis
646 2526 861 2563 affectantes,
887 2527 984 2556 vobis
1007 2527 1260 2557 committimus
1287 2530 1321 2556 et
1350 2528 1566 2564 mandamus,
1595 2532 1670 2565 ete,

296 2568 460 2605 quatinus
485 2570 656 2600 moneatis
678 2572 713 2600 et
735 2571 921 2600 efficaciter
943 2571 1117 2600 inducatis
1145 2580 1266 2601 omnes
1294 2574 1328 2600 et
1357 2571 1511 2611 singulos
1535 2572 1671 2611 prefate

297 2610 450 2642 Ecclesie
468 2612 669 2651 Canonicos,
687 2614 853 2651 VicariOS,
872 2615 1126 2649 Annuellarios,
1153 2616 1187 2643 ct
1205 2618 1338 2644 ceteros
1366 2615 1553 2652 Ministros,
1580 2618 1669 2656 quod

297 2654 380 2684 dicti
404 2656 568 2687 Canonici
588 2658 815 2688 residenciam
841 2658 994 2687 debitam
1022 2658 1165 2694 faciant,
1186 2658 1319 2697 ipsique
1342 2661 1376 2688 et
1397 2659 1454 2688 alii
1479 2661 1669 2698 supradicti

296 2698 430 2729 Divinis
457 2700 595 2738 Officiis,
618 2701 721 2731 Horis
745 2702 878 2731 diurnis
900 2702 1010 2731 eciam
1031 2704 1066 2731 et
1088 2702 1278 2739 nocturnis,
1304 2702 1339 2731 in
1365 2703 1486 2732 eadem
1517 2704 1671 2734 Ecclesia

295 2742 520 2781 celebrandis,
537 2744 712 2782 intersint,
730 2747 768 2774 ut
785 2748 959 2782 tenentur,
976 2745 1076 2784 juxta
1101 2745 1293 2775 Canonicas
1316 2746 1522 2777 Sancciones
1540 2757 1579 2777 ac
1595 2759 1670 2787 pre-

296 2784 368 2815 fate
401 2787 553 2818 Ecclesie
583 2788 733 2826 Statuta,
758 2788 1044 2827 consuetudines,
1068 2791 1103 2818 et
1131 2789 1389 2827 Ordinaciones,
1414 2790 1449 2819 in
1476 2791 1540 2820 hac
1570 2795 1669 2831 parte

296 2829 465 2861 hactenus
490 2832 621 2862 usitata
648 2835 683 2862 et
708 2832 862 2871 legitime
891 2833 1091 2872 approbata,
1115 2833 1178 2863 sub
1202 2843 1293 2872 pena
1318 2834 1569 2865 subm-accionis
1594 2846 1668 2875 por-

259 2877 342 2920 ΖΝ
