1987 3062
281 199 375 242 264
484 210 586 242 THE
621 210 862 243 REGISTER
898 209 958 241 oF
994 207 1169 240 BISHOP
1205 208 1602 241 BRANTYNGHAM.

282 310 357 351 Α-Ρ·
434 312 672 343 Prebendarios
690 312 833 342 Ecclesie
857 314 970 341 nostre
996 310 1193 341 Exoniensis
1217 311 1257 340 ad
1281 312 1542 350 comparendum
1566 321 1676 341 coram
1702 309 1807 346 nobis,

282 345 377 403 {730‘12'1
433 356 531 386 certis
554 356 607 386 die
624 359 658 387 et
674 355 752 394 loco,
770 356 811 385 ad
835 354 1048 385 subeundum
1072 353 1307 384 Visitacionem
1333 358 1479 385 nostram
1503 354 1711 391 ordinariam,
1736 352 1812 393 jure

342 397 347 403 “
380 397 385 403 ”
434 402 557 438 nostro,
575 404 675 438 prout
691 399 724 429 in
743 398 911 429 Citatoriis
928 397 1050 427 nostris
1069 397 1189 427 Literis
1207 397 1298 427 vobis
1315 398 1348 428 in
1366 408 1403 428 ea
1421 402 1515 438 parte
1531 397 1665 428 directis
1680 396 1811 436 plenius

435 443 650 479 continetnr3
676 453 742 480 vos,
760 446 882 479 tamen,
900 451 959 471 nos
983 440 1187 471 cercior-cistis
1210 441 1299 481 qnod
1324 440 1505 472 Canonicos
1522 444 1556 471 et
1574 439 1813 471 Prehendarios

436 486 470 516 in
489 486 613 516 Cedula
630 486 693 516 11110
709 496 836 516 annexa
847 485 1045 521 nominatos,
1063 484 1239 524 diligenter
1257 495 1313 523 per
1330 495 1386 515 vos
1403 485 1559 525 quesitos,
1578 483 1727 514 invenire
1745 493 1811 513 non

437 530 602 570 potuistis,
620 533 654 559 et
670 530 790 559 idcirco
807 529 939 558 eosdem
956 538 1020 557 non
1038 527 1164 558 citastis
1181 537 1188 565 3
1206 528 1294 557 unde
1310 527 1468 558 Visitacio
1480 531 1592 558 nostra
1608 526 1813 567 hujusmodi,

439 578 573 612 propter
600 583 665 603 non
694 572 896 604 Citacionem
922 571 1114 609 eorundem,
1143 571 1316 611 hucusque
1347 571 1449 602 dilata
1480 571 1603 608 extitit,
1630 574 1664 600 et
1688 570 1811 600 existit.

437 617 573 654 Verum,
591 616 669 656 quia
685 616 828 656 quedam
845 615 1066 655 comperimus
1076 614 1108 644 in
1122 615 1235 644 eadem
1249 625 1323 654 que,
1340 614 1409 644 sine
1425 615 1591 645 Citacione
1604 613 1811 653 singulorum

437 660 678 691 Canonicorum
697 663 730 690 et
746 658 1045 690 Prebendariorum
1059 658 1295 698 predictorum,
1306 659 1346 688 ad
1366 658 1522 688 honorem
1540 657 1599 687 Dei
1616 660 1649 687 et
1668 656 1812 687 Ecclesie

438 706 550 734 nostre
574 703 728 742 expedire
752 706 925 742 nequeunt
948 705 986 732 ut
1011 702 1179 739 deberent,
1205 702 1336 732 eosdem
1361 701 1598 732 Prebendarios
1621 701 1684 731 sub
1707 700 1814 730 forma

438 758 503 786 que
526 747 680 787 sequitur
703 746 912 776 decernimus
937 745 1126 775 evocandos.
1176 745 1335 783 Quocirca
1358 745 1460 783 vobis,
1484 745 1517 775 in
1544 745 1669 774 virtute
1693 744 1813 774 Sancte

438 790 646 828 Obediencie,
664 789 906 820 committimus
923 792 956 819 et
974 789 1171 818 mandamus
1188 789 1348 828 quatinus
1365 788 1509 828 prefatos
1521 787 1713 824 canonicos,
1732 796 1811 826 quo-

437 844 512 864 rnm
531 833 664 864 nomina
688 833 721 863 in
739 833 828 863 dicta
843 832 968 863 Cedula
985 832 1210 870 continentur,
1227 832 1255 862 si
1273 831 1489 871 personaliter
1509 831 1649 861 inveniri
1667 830 1809 866 valeant;

438 877 487 907 sin
501 880 613 907 autern
629 878 860 907 Procuratores
877 886 963 913 suos,
978 875 1004 905 si
1021 886 1104 915 quos
1120 875 1317 913 dimiserint,
1331 875 1476 914 alioquin
1493 875 1622 914 publice
1635 872 1812 904 Citacionis

438 921 546 951 edicto
563 921 597 950 in
616 920 760 950 Ecclesia
777 923 891 950 nostra
915 919 1071 958 predicta,
1089 929 1126 949 ac
1149 919 1182 948 in
1208 918 1317 949 Choro
1341 922 1375 948 et
1402 918 1514 949 Stallis
1540 917 1720 948 Prebeudis
1744 916 1812 946 suis

438 964 714 994 concernentibus
750 963 881 1002 publice
912 962 1090 1002 proposito,
1123 961 1242 999 citetis,
1275 972 1331 992 seu
1365 961 1459 992 citari
1490 961 1629 998 faciatis,
1664 970 1809 999 peremp-

437 1008 531 1045 torie,
549 1007 638 1046 quod
662 1010 884 1046 compareant,
909 1009 943 1036 et
967 1015 1080 1035 eorum
1105 1005 1248 1044 quilibet
1270 1012 1469 1044 compareat,
1488 1015 1596 1035 coram
1622 1003 1727 1041 nobis,
1753 1005 1813 1033 aut

438 1054 551 1081 nostro
567 1051 599 1080 in
618 1051 678 1080 hac
696 1054 788 1089 parte
812 1049 1045 1081 Commissario
1069 1058 1292 1088 quocumque,
1312 1048 1344 1078 in
1367 1049 1470 1078 Domo
1494 1051 1607 1077 nostra
1631 1046 1812 1087 Capitulari

440 1094 576 1131 Exonie,
612 1094 762 1134 proximo
790 1093 842 1123 die
868 1091 1020 1122 Juridico
1045 1096 1120 1131 post
1146 1092 1281 1122 Festum
1307 1091 1530 1122 Exaltacionis
1554 1092 1674 1121 Sancte
1700 1089 1814 1120 Crucis
1980 1069 1987 1123 1

438 1138 588 1177 proximo
616 1148 703 1167 nunc
727 1137 894 1173 futurum,
918 1135 1154 1166 Visitacionem
1187 1140 1345 1173 nostram,
1369 1135 1468 1175 juxta
1493 1135 1570 1171 vim,
1598 1133 1750 1171 formam,
1780 1135 1813 1163 et

438 1181 591 1211 effectum
610 1180 760 1210 Mandati
779 1180 883 1209 nostri
902 1179 993 1208 vobis
1017 1179 1108 1218 prius
1132 1178 1257 1216 directi,
1278 1182 1314 1208 ut
1331 1178 1483 1218 superius
1507 1178 1650 1208 habetur
1674 1175 1810 1214 mencio,

435 1224 613 1254 actualiter
629 1223 773 1253 subituri
791 1234 798 1259 ;
816 1223 937 1253 facturi
955 1222 1096 1252 ulterius
1112 1232 1148 1252 ac
1165 1221 1347 1251 exhibituri
1364 1225 1398 1251 et
1414 1221 1588 1261 recepturi,
1606 1221 1639 1250 iu
1657 1220 1812 1250 omnibus

436 1270 470 1298 et
487 1278 544 1307 per
560 1267 681 1304 omnia,
699 1277 763 1306 que
780 1266 812 1296 in
832 1267 922 1296 dicto
941 1265 1099 1296 Mandato
1117 1269 1229 1295 nostro
1246 1265 1361 1304 primo,
1379 1265 1420 1294 ad
1438 1265 1528 1304 quod
1545 1264 1599 1294 hic
1615 1274 1674 1294 nos
1691 1268 1724 1293 et
1737 1273 1812 1293 con-

436 1314 531 1341 tenta
552 1311 584 1340 in
610 1311 725 1340 eodem
750 1309 935 1346 referimus,
962 1312 995 1339 et
1025 1320 1081 1348 pro
1112 1308 1165 1338 1110
1196 1308 1329 1338 insertis
1353 1308 1467 1338 haberi
1492 1307 1656 1344 volumus,
1683 1306 1812 1346 plenius

435 1355 650 1385 continentur
665 1364 671 1390 3
700 1359 733 1384 et
749 1364 786 1383 ea
810 1353 843 1383 in
868 1353 984 1383 eodem
1013 1353 1170 1382 Mandato
1186 1355 1345 1382 contenta
1369 1351 1492 1381 eisdem
1509 1362 1567 1391 per
1585 1361 1640 1381 vos
1658 1350 1812 1380 volumus

435 1398 536 1428 eciam
552 1397 682 1437 exponi.
731 1398 774 1427 Et
789 1395 869 1436 quid
883 1397 916 1426 in
931 1395 1097 1435 premissis
1114 1395 1266 1432 feceritis,
1280 1400 1315 1425 et
1331 1395 1459 1425 factum
1473 1395 1575 1424 fuerit
1588 1394 1619 1424 111
1635 1393 1812 1433 premissis,

437 1452 505 1478 nos,
522 1445 582 1471 aut
606 1444 758 1471 nostrum
785 1439 1070 1477 commissarium,
1087 1439 1128 1469 ad
1153 1438 1259 1469 dictos
1283 1439 1371 1468 diem
1395 1442 1429 1468 et
1453 1438 1573 1470 locum.
1598 1436 1756 1467 distincte
1780 1440 1813 1466 et

436 1488 550 1525 aperte
574 1484 760 1514 certificetis
785 1494 842 1523 per
866 1483 992 1513 Literas
1018 1485 1143 1512 vestras
1168 1486 1329 1521 patentes,
1355 1482 1474 1512 harum
1499 1480 1656 1519 [seriem]‚
1674 1491 1710 1511 ac
1733 1480 1811 1510 cita-

436 1532 548 1558 torum
574 1528 709 1558 nomina
732 1530 766 1557 et
789 1526 984 1565 cognomina
1008 1526 1124 1556 cedule
1148 1525 1211 1555 hiis
1228 1536 1355 1555 annexe
1372 1528 1523 1555 tenorem
1547 1524 1814 1555 continentes--

436 1572 547 1602 Dated
564 1572 597 1601 in
615 1571 672 1602 the
691 1571 814 1607 Palace,
834 1571 965 1608 Exeter,
985 1571 1024 1600 29
1043 1569 1129 1609 May.

283 1647 329 1673 s01‘
392 1649 694 1697 Testamentary
716 1661 725 1693 3
763 1647 920 1684 Finalz's
952 1646 1218 1694 acquietancia
1246 1646 1348 1682 infer
1374 1644 1586 1681 Dominum
1614 1651 1647 1681 et
1676 1644 1816 1681 Execu-

282 1683 379 1765 ζέω,
448 1710 543 1739 tores
563 1701 756 1739 <Iohannis
774 1702 819 1738 de
842 1700 1168 1745 Grandis-sono,—

285 1767 344 1796 us.]
398 1757 567 1787 Universis
582 1759 694 1795 pateat
706 1766 764 1795 per
778 1755 951 1785 Presentes
962 1754 1050 1794 quod
1062 1764 1130 1784 nos.
1146 1754 1298 1790 Thomas,
1311 1757 1382 1791 etc.,
1396 1754 1579 1793 recepimus
1591 1756 1625 1782 et
1637 1751 1815 1782 habuimus

437 1801 477 1829 de
494 1799 606 1829 Nobili
627 1799 713 1833 Viro,
727 1798 869 1828 Domino
883 1797 1034 1828 Johanne
1048 1798 1088 1827 de
1104 1797 1217 1827 Monte
1231 1800 1338 1834 acuto,
1352 1797 1468 1835 Milite,
1484 1795 1651 1835 Magistris
1671 1795 1814 1825 Roberto

437 1843 478 1873 de
494 1842 677 1882 XVykforde
701 1845 734 1871 et
752 1841 911 1871 Nicholao
927 1841 968 1870 de
988 1840 1184 1880 Braybroke,
1203 1840 1376 1870 Canonicis
1396 1840 1529 1877 Exonie,
1543 1849 1580 1869 ac
1596 1838 1758 1868 willelmo
1775 1839 1815 1868 de

438 1886 636 1924 Braybroke,
657 1885 841 1922 domicello,
861 1884 1101 1914 Exeeutoribus
1125 1883 1331 1914 Testamenti
1355 1887 1389 1912 et
1411 1883 1575 1913 bonorum
1594 1882 1814 1912 Administra-

436 1929 565 1959 toribus
583 1929 665 1958 bone
683 1928 840 1958 memorie
859 1927 992 1957 Domini
1016 1926 1179 1957 ,Iohannis
1203 1927 1244 1956 de
1268 1926 1502 1959 Grandissono.
1524 1925 1675 1964 Episcopi
1693 1925 1813 1955 Exoni-

438 1973 534 2010 ensis,
553 1972 714 2009 defuncti,
735 1971 977 2001 Predecessoris
995 1970 1100 2000 nostri
1116 1969 1299 2007 immediati,
1325 1970 1392 2000 duo
1412 1969 1504 2000 milia
1521 1978 1708 1999 marcarum
1732 1968 1816 1998 bone

438 2020 472 2046 et
489 2015 600 2055 legalis
617 2019 760 2049 monete,
777 2024 814 2044 ac
830 2013 932 2044 eciam
953 2013 1083 2043 Mitram
1102 2016 1135 2042 et
1153 2012 1313 2042 Baculum
1334 2013 1534 2043 Pastoralem
1559 2011 1710 2052 ejusdem
1737 2011 1814 2041 Pre—

438 2059 615 2089 decessoris
632 2057 737 2088 nostri
754 2057 914 2092 1110110100,
933 2067 998 2086 una
1015 2066 1090 2087 cum
1107 2058 1179 2086 toto
1196 2056 1346 2086 instauro
1363 2058 1497 2086 mortno
1519 2056 1623 2095 ipsius
1641 2055 1814 2085 Predeces-

437 2102 518 2133 soris
542 2101 646 2132 nostri
667 2102 707 2131 ad
733 2100 988 2130 husband-ariam
1018 2099 1214 2139 pertinente,
1240 2102 1274 2128 et
1296 2099 1329 2128 in
1355 2099 1507 2129 Maneriis
1531 2109 1568 2129 ac
1592 2098 1750 2128 membris
1773 2098 1814 2127 ad

443 2146 676 2186 Episcopatum
696 2145 916 2174 Exoniensem
934 2143 1076 2173 ubilibet
1101 2142 1331 2181 spectantibus
1348 2142 1522 2180 existente,
1542 2152 1599 2181 pro
1623 2141 1814 2171 omnimoda

438 2189 646 2228 repar-acione
663 2197 953 2228 quorumcumque
969 2187 1190 2225 dampnorum
1215 2188 1248 2215 et
1272 2185 1464 2215 defectuum
1489 2185 1522 2215 in
1547 2185 1814 2224 quibuscumque

440 2232 592 2262 Maneriis
606 2235 640 2261 et
651 2230 818 2268 membris,
833 2240 868 2260 ac
882 2229 968 2267 locis,
983 2229 1121 2268 aliisque
1137 2229 1236 2258 rebus
1249 2229 1408 2259 universis
1421 2229 1461 2258 ad
1476 2228 1714 2268 Episcopatum
1728 2228 1812 2257 Exo-

438 2276 586 2306 niensem
612 2275 815 2313 ubicumque
831 2277 865 2303 et
882 2273 1168 2313 qualitercumque
1185 2272 1422 2311 spectantibus,
1440 2282 1582 2311 quorum
1600 2270 1817 2310 reparacionis
1971 2267 1987 2324 ¹4

437 2329 521 2349 onus
537 2319 579 2349 ad
595 2318 724 2348 dictum
742 2317 1007 2347 Fre—decessorem
1027 2320 1187 2352 nostrum,
1205 2315 1286 2344 dum
1306 2315 1397 2352 vixit,
1416 2315 1614 2354 pertinebat,
1635 2324 1692 2344 seu
1709 2313 1751 2344 ad
1767 2313 1813 2353 ip·
1975 2317 1985 2326 ¹*

438 2363 506 2393 sius
534 2363 734 2392 Executores
761 2360 925 2400 pertinere
951 2359 1062 2398 potuit
1088 2361 1147 2388 aut
1174 2358 1291 2388 debuit
1316 2358 1544 2398 quovismodo.
1603 2358 1651 2387 De
1678 2357 1812 2397 quibus,

438 2406 584 2446 quidem,
612 2404 744 2435 duobus
772 2403 907 2433 milibus
932 2412 1128 2439 marcarum,
1156 2401 1266 2439 Mitra,
1291 2405 1324 2431 et
1350 2401 1470 2431 Baculo
1488 2400 1657 2438 Pastor-ali,
1681 2410 1718 2430 ac
1740 2402 1814 2430 toto

437 2452 570 2479 mortuo
586 2449 745 2483 instauro,
763 2447 851 2477 sicut
868 2445 1088 2486 premittitur,
1115 2444 1209 2474 nobis
1233 2455 1291 2484 per
1314 2444 1479 2484 predictos
1498 2445 1699 2474 Executores
1718 2443 1812 2482 plene

438 2497 472 2522 et
487 2492 614 2531 integre
631 2491 748 2521 solutis
773 2493 806 2520 et
830 2489 986 2526 liberatis,
1003 2491 1038 2518 et
1060 2499 1116 2528 per
1140 2498 1199 2517 nos
1222 2487 1371 2527 receptis,
1397 2498 1454 2527 pro
1479 2487 1668 2517 omnimoda
1684 2496 1810 2526 repara-

437 2536 529 2566 cione
547 2535 769 2574 dampnorum
787 2536 821 2563 et
844 2532 1036 2563 defectuum
1061 2530 1259 2570 supradicta,
1279 2541 1336 2570 per
1357 2541 1417 2560 nos
1434 2534 1493 2561 aut
1519 2531 1719 2560 Executores
1736 2539 1810 2559 nos-

439 2583 506 2608 tros
523 2580 750 2618 competenter
766 2580 801 2606 et
817 2576 928 2605 debite
945 2574 1102 2611 facienda,
1121 2574 1268 2604 fatemur
1292 2584 1350 2603 nos
1374 2574 1509 2604 omnino
1525 2574 1595 2604 fore
1611 2576 1785 2603 contentos
1802 2582 1810 2607 ;

438 2632 474 2652 ac
492 2622 694 2651 Executores
710 2630 823 2649 omnes
840 2622 874 2648 et
890 2618 1036 2657 singulos
1059 2617 1265 2656 supradictos
1288 2617 1365 2646 iude
1389 2617 1520 2657 quietos
1537 2621 1570 2646 et
1587 2616 1719 2655 penitus
1736 2626 1809 2645 exo-

438 2668 579 2695 neratos.
626 2664 704 2701 Nos,
722 2663 868 2702 insuper,
896 2662 1039 2691 Thomas
1063 2660 1245 2700 Episcopus
1262 2660 1463 2698 antedictus,
1481 2659 1618 2699 prefatis
1636 2659 1809 2689 Predeces-

436 2708 502 2738 sori
527 2711 641 2737 nostro
668 2717 704 2736 ac
733 2705 975 2736 Executoribus
999 2703 1067 2734 suis
1090 2702 1296 2733 omnimodas
1327 2703 1485 2741 acciones,
1510 2702 1671 2743 querelas,
1698 2705 1733 2732 et
1755 2702 1808 2731 de-

436 2751 584 2789 mandas,
612 2753 681 2780 tam
708 2749 811 2779 reales
835 2758 935 2788 quam
963 2746 1158 2787 personales,
1182 2756 1264 2785 quas
1287 2749 1403 2776 contra
1426 2756 1513 2784 eum,
1538 2745 1588 2776 vel
1613 2755 1728 2775 eorum
1751 2744 1809 2774 ali-

435 2804 544 2833 quem,
570 2805 586 2823 a
612 2796 760 2832 tempore
787 2790 970 2821 Cre-acionis
994 2793 1115 2827 nostre,
1140 2789 1268 2819 racione
1291 2790 1513 2829 dampnorum
1537 2788 1586 2818 vel
1615 2787 1808 2818 defectuum
