1987 3062
295 244 388 288 282

291 357 367 384 A.D.

293 391 365 417 1372.

292 425 353 451 Vol.
369 426 392 451 1.

492 255 591 287 THE
626 253 869 287 REGISTER
904 254 965 285 OF
999 252 1176 286 BISHOP
1211 251 1616 285 BRANTYNGHAM.

449 358 548 396 modi,
578 360 676 398 prout
703 358 860 398 premissa
890 357 977 397 ipsos
1000 359 1213 395 concernunt,
1237 357 1457 388 communiter
1480 356 1531 387 vel
1554 357 1697 396 divisim,
1723 357 1818 388 nobis

448 402 593 441 plenarie
608 402 819 440 satisfacturi,
837 401 887 431 vel
911 411 1024 431 causas
1047 400 1269 436 racionabiles‚
1286 400 1313 430 si
1337 411 1419 440 quas
1442 400 1598 439 habeant,
1616 401 1819 441 proposituri

446 446 478 475 in
511 445 618 476 forma
651 445 736 485 juris
767 455 868 485 quare
899 444 939 474 ad
971 444 1231 474 satisfaccionem
1262 443 1458 483 hujusmodi
1488 444 1599 474 debite
1631 444 1816 474 faciendam

443 488 583 518 minime
599 491 787 526 teneantur,
805 488 867 518 snb
884 498 968 527 pena
992 486 1355 517 Excommunicacionis
1379 487 1525 526 Majoris,
1550 497 1650 527 quam
1674 487 1708 517 in
1732 487 1816 527 ipso-

442 542 517 562 rum
530 532 712 571 singulares
730 542 892 570 personas,
909 530 1003 570 culpa
1017 541 1074 560 seu
1093 540 1184 560 mora
1201 540 1313 560 eornm
1332 530 1584 570 precedentibus
1596 530 1630 560 in
1643 530 1704 561 hac
1714 534 1817 570 parte,

442 575 598 615 dictaque
628 575 792 605 Canonica
819 578 853 604 et
883 575 971 604 trina
1003 573 1186 603 Monicione
1213 573 1380 612 premissa,
1406 583 1537 603 exnunc
1565 576 1665 613 prout
1691 576 1816 604 extunc

442 617 579 648 ferimus
608 618 640 648 in
673 618 736 647 hiis
768 618 931 657 Scriptis3
970 617 1177 656 ulteriusque
1208 616 1339 654 facturi,
1372 619 1432 647 etc.
1491 617 1540 646 De
1570 616 1697 655 diebus,
1728 627 1815 654 vero,

441 662 639 701 recepcionis
660 661 880 698 presencium,
898 671 933 690 ac
953 660 1143 690 Monicionis
1161 663 1194 690 et
1218 659 1433 690 Execucionis
1448 662 1557 689 vestre
1580 659 1613 689 in
1638 659 1698 690 hac
1721 663 1815 699 parte

440 705 538 735 modo
564 712 598 734 et
622 705 729 734 forma.
756 704 917 744 ejusdem,
944 706 978 734 et
1004 704 1031 733 si
1062 703 1183 743 prefati
1214 713 1414 742 possessores
1444 713 1502 733 seu
1530 706 1757 741 procuratores
1781 706 1816 733 et

440 748 630 778 detentores
648 748 864 787 personaliter
879 746 1073 787 apprehensi
1091 747 1226 784 fuerint,
1241 746 1497 786 nominibusque
1514 749 1548 777 et
1564 746 1815 786 cognominibus

439 791 629 829 eorundem,
647 801 716 828 nos,
733 791 829 821 dictis
846 791 898 821 die
915 795 949 820 et
964 790 1042 828 loco,
1061 790 1218 820 distincte
1234 793 1268 820 et
1283 793 1396 829 aperte
1412 789 1600 820 certificetis
1616 800 1674 829 per
1688 789 1814 820 Literas

440 838 565 864 vestras
582 838 743 874 patentes,
761 834 879 864 harum
905 834 1030 872 seriem,
1049 836 1083 863 et
1106 833 1311 863 execucionis
1336 837 1444 863 vestre
1467 833 1499 862 in
1526 832 1585 863 hac
1609 835 1702 872 parte
1725 832 1812 863 facte

438 878 574 907 modun]
602 881 636 908 et
662 878 814 915 formam,
839 877 968 916 plenius
993 876 1382 907 continentes—Datum
1408 875 1596 913 Londoniis‚
1621 876 1683 906 sub
1707 876 1814 915 sigillo

438 924 552 951 nostro
577 921 718 960 p1·opri0‚
740 925 800 951 xxo
823 921 875 950 die
899 920 1020 950 mensis
1044 920 1138 957 Julii,
1166 920 1248 950 A.D.
1277 919 1336 949 ΜΟ.
1357 919 1486 950 CCCfflO
1509 916 1638 959 lxxide.
1686 919 1814 950 certifi-

438 968 550 994 cantes
563 974 632 1001 nos,
650 964 676 994 si
695 964 810 1004 placet,
828 964 868 994 de
886 963 1072 1003 recepcione
1086 962 1281 1003 hujusmodi
1297 963 1447 993 Mandati
1460 973 1517 1002 per
1530 962 1725 1003 portitorem
1740 963 1815 992 Pre-

439 1017 596 1037 sencinm.

393 1050 582 1080 -Nomina
598 1050 823 1089 Beneficiorum
847 1050 884 1080 de
901 1049 1014 1090 quibus
1029 1050 1181 1089 suprafit
1198 1050 1326 1087 mencio,
1343 1053 1371 1079 et
1387 1059 1506 1079 summe
1523 1048 1561 1078 de
1573 1048 1685 1079 eisdem
1702 1048 1809 1086 debite,

439 1095 450 1122 i
453 1093 579 1133 ruferius
594 1093 870 1130 describuntur,—

395 1136 514 1173 Prhno,
533 1137 573 1167 (le
592 1137 762 1167 prebenda
774 1136 916 1167 Ecclesie
935 1136 1114 1175 Collegiate
1131 1135 1171 1165 de
1189 1135 1361 1175 Glafflieye,
1379 1145 1478 1175 qnam
1506 1135 1654 1174 optinuit
1671 1134 1808 1175 Stepha-

435 1189 498 1209 nns
524 1180 657 1219 Pempel
682 1180 713 1209 in
740 1180 865 1217 eadem,
885 1180 1014 1209 racione
1040 1178 1237 1209 Provisionis
1261 1178 1348 1208 facte
1371 1179 1497 1209 Thome
1520 1181 1560 1208 de
1586 1179 1812 1208 Woderone—

434 1222 572 1254 fructus.

394 1266 441 1295 De
468 1266 637 1296 prebenda
661 1265 694 1295 in
720 1265 862 1296 Ecclesia
888 1265 983 1296 Beati
1006 1265 1141 1303 Thome,
1166 1264 1320 1303 Martiris‚
1344 1264 1515 1305 Glasneye,
1539 1275 1639 1305 qnam
1663 1265 1812 1304 optinuit

435 1310 545 1339 dictus
569 1309 759 1347 Stephanus
782 1309 815 1339 in
840 1309 964 1346 eadem,
988 1309 1118 1339 racione
1144 1307 1359 1349 [Provisionis
1384 1308 1484 1347 facte]
1508 1308 1548 1338 de
1572 1308 1685 1338 eadem
1712 1309 1810 1339 Petro

437 1353 575 1393 Crngow
591 1353 762 1383 —frnctns.

392 1395 441 1426 De
455 1396 626 1426 prebenda
641 1396 784 1426 Ecclesie
799 1396 912 1427 Sancti
930 1395 1119 1433 Km-entoci,
1134 1395 1174 1425 de
1191 1405 1255 1435 qua
1273 1395 1337 1425 fuit
1356 1394 1527 1435 provisum
1538 1394 1715 1433 Willelmo,
1730 1395 1808 1425 alias

434 1439 746 1470 Thome—frnctuS.

392 1482 441 1512 De
458 1482 684 1520 Thesauraria,
704 1481 918 1520 Canonicatu,
936 1485 970 1512 et
995 1481 1176 1519 Prehensia⁷
1196 1481 1338 1511 Ecclesie
1362 1480 1567 1519 Exoniensis,
1584 1480 1714 1511 racione
1731 1481 1808 1511 Pro-

434 1526 569 1556 visionis
586 1526 672 1556 facte
691 1526 829 1556 Ricardo
845 1525 1147 1555 'fischo—fruetus.

393 1569 442 1598 De
469 1569 671 1599 Canonicatu
697 1573 731 1598 et
756 1569 927 1599 Prebensla
954 1569 987 1599 in
1015 1568 1154 1598 Ecclesia
1180 1568 1293 1598 Sancti
1319 1567 1506 1605 Karentoci,
1531 1567 1571 1597 de
1595 1567 1718 1607 quibus
1741 1567 1809 1598 fnit

434 1613 603 1651 provisum
622 1612 775 1652 Philippo
793 1612 1120 1642 Homeie—fructns¹

391 1656 440 1685 De
454 1656 599 1686 Ecclesia
615 1657 655 1686 de
674 1655 897 1695 Blaktyntone
912 1655 992 1694 (sic),
1009 1655 1138 1685 racione
1157 1653 1354 1684 Provisionis
1367 1654 1452 1684 facte
1469 1654 1509 1684 de
1522 1653 1634 1684 eadem
1651 1654 1810 1684 Nicholao

434 1699 750 1729 Thobre-frnctus,

392 1742 441 1771 De
459 1742 671 1781 Prepositura
688 1742 832 1772 Ecclesie
849 1741 961 1772 Sancti
979 1742 1105 1771 'rhome
1123 1742 1163 1771 de
1181 1741 1334 1781 Glasney,
1360 1740 1488 1770 racione
1506 1740 1705 1771 Provisionis
1722 1741 1808 1771 facte

435 1785 475 1814 de
493 1786 605 1815 eadem
626 1785 770 1815 Roberto
787 1786 828 1815 de
846 1785 929 1821 Eoo,
946 1785 1112 1814 debentur
1127 1784 1268 1814 fructus.

391 1828 441 1858 De
468 1828 636 1858 Prehenda
653 1828 796 1858 Ecclesie
813 1828 1017 1866 Exoniensis,
1035 1828 1075 1857 ‹le
1098 1838 1164 1867 qua
1187 1827 1253 1857 fnit
1276 1826 1443 1866 provisum
1468 1826 1613 1857 Johauni
1630 1826 1809 1868 Cheyne—

433 1871 572 1902 fructus.

391 1915 440 1945 De
457 1914 599 1944 Ecclesia
614 1925 678 1954 qne
695 1914 818 1944 dicitnr
835 1913 959 1943 Bascbe
977 1913 1058 1951 (sic),
1076 1913 1127 1943 vel
1144 1913 1239 1942 aliter
1256 1915 1460 1952 nuncupata,
1474 1923 1574 1952 qnam
1588 1913 1699 1943 tenuit
1718 1914 1804 1944 Hen-

434 1957 519 1987 ricns
536 1958 577 1987 de
596 1958 709 1988 Monte
726 1956 791 1997 vth
807 1957 972 1987 Kalendas
989 1957 1081 1994 Julii,
1100 1957 1197 1986 Anno
1220 1966 1306 1985 nono
1324 1955 1511 1985 Innocencii
1538 1956 1624 1995 l’ape
1641 1954 1693 1985 Vti
1710 1957 1780 1995 (sic)
1799 1967 1807 1995 3

432 2011 498 2040 qua
514 2001 566 2030 slie
584 2001 649 2031 fuit
668 2001 832 2039 provisum
852 2000 893 2030 de
910 2000 1036 2037 eadem,
1054 2010 1111 2039 per
1128 1999 1269 2029 eundem
1292 1999 1537 2037 innocencium,
1557 2000 1749 2030 Crenezerio
1765 2001 1806 2030 de

439 2044 564 2077 Lause:
599 2048 735 2074 vacante
759 2044 799 2073 cle
832 2043 919 2083 jure,
945 2054 982 2072 eo
1016 2043 1104 2082 quod
1137 2042 1246 2072 dictus
1271 2042 1435 2072 Hem-icus
1461 2042 1547 2072 infra
1566 2046 1699 2082 tempus
1721 2043 1806 2084 juris

432 2097 497 2117 non
516 2087 581 2117 fuit
597 2088 636 2117 ad
655 2088 769 2117 Sacros
787 2087 926 2117 Ordines
943 2085 1297 2121 promotus—fructus.

389 2130 440 2160 De
458 2131 628 2160 Prehenda
645 2141 743 2169 qnam
762 2129 908 2170 possedit
926 2129 1032 2159 David
1058 2129 1218 2168 Maynard
1242 2128 1343 2158 tercio
1360 2128 1472 2158 Nonas
1489 2128 1611 2167 Marcii,
1630 2129 1803 2160 Pontifica-

434 2177 490 2203 tus
507 2173 641 2203 Domini
660 2173 845 2203 innocencii
871 2173 958 2212 Pape
974 2172 1003 2202 V
1021 2172 1090 2209 (sic)
1114 2173 1211 2202 Anno
1228 2171 1298 2211 vij⁰‚
1325 2171 1357 2201 in
1382 2171 1525 2201 Ecclesia
1549 2172 1662 2203 Sancti
1680 2173 1804 2203 Karen-

433 2217 682 2248 toci—fructus.

391 2261 440 2291 De
458 2260 734 2290 Areliidiaconatn
753 2259 961 2290 Tottoniensi
986 2258 1017 2288 in
1041 2258 1182 2288 Ecclesia
1203 2257 1392 2295 Exoniermi,
1413 2258 1454 2287 de
1470 2268 1535 2298 qno
1553 2257 1618 2288 fuit
1634 2259 1802 2298 provisum

435 2303 573 2333 Ricardo
591 2303 995 2333 Desbuntone—frnctus.

390 2348 439 2377 De
468 2346 624 2377 Cantaria
653 2349 772 2376 Sancte
791 2347 895 2382 Anne,
920 2345 983 2375 sita
1010 2345 1042 2374 in
1072 2344 1216 2374 Ecclesia
1241 2343 1398 2374 Omnium
1429 2344 1636 2382 Sanctorum,
1666 2345 1801 2384 Exonie,

434 2400 533 2429 quam
554 2390 742 2420 Alexander
767 2390 957 2429 Spooeman,
982 2399 1022 2418 ex
1047 2387 1231 2419 collacione
1258 2387 1391 2416 Domini
1410 2387 1594 2418 Cardinalis
1619 2388 1801 2428 Petregori-

435 2433 550 2471 censis,
567 2433 707 2471 obtinet,
726 2433 825 2463 eciam
844 2432 871 2462 si
888 2432 950 2461 alio
973 2431 1071 2461 modo
1088 2430 1484 2470 nuncnpetur—fruetus.

386 2476 574 2506 —Nnmimt
594 2476 822 2514 Reliyiosacmm,
838 2480 866 2506 et
882 2476 1019 2505 aliorum
1036 2476 1092 2514 qui
1114 2473 1223 2504 debent
1236 2475 1488 2513 procur-aciones,
1512 2473 1550 2504 de
1572 2473 1686 2513 quibus
1701 2485 1802 2516 supra

420 2520 465 2558 fic
480 2521 608 2557 mencio,
625 2523 699 2550 sunt
715 2519 819 2557 hec,—

387 2562 570 2602 Collegium
586 2563 679 2592 Beati
690 2563 815 2592 Thome
828 2562 868 2591 de
881 2561 1055 2600 Glasneye.
1064 2570 1122 2599 pro
1133 2569 1219 2589 anno
1232 2559 1337 2599 primo
1350 2559 1583 2590 Nunciacionis
1595 2563 1717 2599 nostre,
1726 2561 1797 2601 vijs.

388 2606 480 2636 Prior
496 2606 536 2635 de
556 2606 688 2645 Oowyk,
707 2616 763 2645 pro
780 2605 894 2635 eodem
911 2614 1006 2642 anno,
1023 2603 1094 2642 vijs.

386 2648 478 2679 Prior
494 2649 533 2677 (le
549 2649 715 2686 Tottonia,
734 2659 792 2687 pro
808 2648 922 2678 eodem
940 2657 1035 2678 anno.
1060 2645 1130 2685 vija.

383 2691 692 2725 —Cercificacorium
708 2691 854 2731 ejusdem,
868 2695 965 2729 prout
981 2689 1119 2729 inferius
1135 2693 1177 2719 est
1192 2693 1377 2725 contentum,
1388 2707 1422 2710 —

385 2735 533 2772 Quarum
552 2735 738 2764 Lite-rarum
756 2734 963 2771 auctoritate,
980 2743 1094 2762 omncs
1118 2736 1151 2761 et
1167 2731 1313 2770 singulos
1330 2732 1460 2761 fructus
1476 2735 1510 2762 et
1534 2735 1712 2771 proventus
1729 2732 1793 2763 die-

427 2781 539 2807 tornm
568 2778 816 2816 Beneficiorum,
840 2777 925 2807 infra
952 2780 1081 2806 nostras
1105 2775 1281 2806 Civitatem
1300 2778 1334 2804 et
1358 2775 1521 2805 Diocesim
1547 2775 1672 2805 Exonie
1696 2775 1793 2805 exist-

428 2820 572 2859 encium,
604 2821 645 2851 de
675 2821 798 2861 quibus
828 2819 968 2851 inferius
999 2818 1129 2859 plenius
1160 2817 1367 2858 exprimitur,
1398 2821 1566 2858 presentes
1596 2820 1632 2849 et
1661 2818 1794 2849 futuros
