1987 3062
164 321 239 348 A.D.

164 355 238 381 1371.

164 389 222 414 Vol.
244 389 267 414 1.

486 221 774 256 REGISTRUM
810 222 1271 256 COMMUNffl—ANNO
1310 214 1369 257 20.
1598 215 1689 257 241

314 325 471 364 Martiris,
488 326 520 356 in
539 326 626 357 Villa
642 327 682 357 de
696 327 922 358 Cameleforde
941 328 1086 366 predicta
1102 327 1236 365 situata,
1254 338 1311 367 per
1328 327 1531 358 Presbiteros
1547 328 1693 368 ydoneos

315 369 421 408 (dum,
448 373 570 408 tamen,
595 381 774 401 consensus
799 372 916 402 Cui-ati
940 371 1017 402 Loci
1040 371 1181 411 predicti
1207 371 1248 401 ad
1275 371 1310 401 id
1335 372 1479 408 accedat,
1505 374 1539 402 et
1558 370 1692 411 juribus

315 413 462 443 Matricis
486 413 630 444 Ecclesie
653 414 804 454 ejusdem
838 415 914 446 Loci
945 413 1396 455 [Lanteylos-by-Oamelford]
1420 425 1477 454 per
1501 414 1562 445 hoc
1584 415 1690 445 nulla-

313 459 412 486 tenus
428 457 624 496 derogatum
649 458 805 498 quodque
821 469 888 496 vos,
906 458 1019 489 villani
1041 458 1191 498 predicti,
1208 457 1346 497 singulis
1365 458 1491 488 Diebus
1508 458 1691 489 Dominicis

312 503 347 531 et
370 500 511 531 Festivis
535 501 576 530 ad
600 501 781 532 Ecclesiam
800 502 1023 532 Parochialem
1048 505 1194 532 vestram
1218 512 1277 541 pro
1294 501 1424 532 Divinis
1449 502 1623 532 audiendis
1639 512 1689 532 ac-

310 543 435 574 cedatis
461 544 685 583 personaliter,
718 548 756 575 ut
784 545 957 583 tenemini)
990 545 1095 576 facere
1126 545 1307 583 celebrari3
1342 548 1411 575 tam
1444 545 1536 576 vobis
1567 545 1690 576 Divina

309 588 467 618 audiendi
497 597 597 628 quam
627 588 821 618 Presbiteris
851 589 1048 629 hujusmodi
1078 599 1124 627 ea,
1154 592 1193 619 ut
1224 588 1399 628 profertur,
1432 588 1688 627 celebrantibus,

309 634 423 662 tenore
441 631 652 662 Presenoium
670 631 855 663 Licenciam
872 633 1084 663 concedimus
1100 632 1443 672 specialem.—Dated
1467 634 1502 662 at
1521 631 1687 663 Winches-

309 678 369 713 ter,
389 676 427 706 13
447 675 544 705 June.

265 746 721 796 Letters-Dimissory,—

265 819 307 823 —
322 801 466 831 Thomas
485 799 645 837 Patriche,
662 800 806 839 accolito,
825 800 843 814 “
857 801 898 830 ad
914 811 1029 831 omnes
1046 801 1160 832 Sacros
1179 801 1319 831 Ordines
1330 800 1348 812 ’'
1366 801 1421 839 (16
1437 800 1550 838 June).

266 863 306 866 —
323 844 413 874 John
430 844 471 874 de
488 843 687 882 Lichefelde‚
713 843 786 874 “ad
802 854 916 874 omnes
932 845 1086 883 Minores,
1106 847 1140 874 et
1163 844 1266 874 eciam
1290 844 1332 874 ad
1355 854 1469 874 omnes
1493 843 1609 875 Sacros
1625 843 1685 875 Or-

310 887 403 918 dines
417 887 434 899 ”
459 887 513 926 (19
535 886 650 925 June).

157 952 251 985 [Jum-
265 953 596 1002 Illegitimacy‚—

159 987 217 1016 us.]

265 1007 498 1046 Dispensation
516 1006 655 1047 granted
672 1009 707 1037 to
731 1007 822 1037 John
847 1006 936 1048 Elys,
953 1006 1172 1046 clerk,—-“de
1196 1007 1305 1038 soluto
1328 1007 1463 1049 genitus
1487 1009 1520 1037 et
1543 1006 1654 1038 soluta
1668 1007 1685 1019 ’¹

309 1049 519 1090 (Chudleigh,
538 1051 578 1081 25
595 1050 701 1091 July).

156 1114 203 1141 f0¹·
263 1117 516 1163 Ashburt0n3
550 1116 805 1165 Conflrmacz'o
834 1116 1021 1155 Cantarie
1049 1117 1092 1153 in
1114 1116 1273 1165 Capella
1293 1117 1410 1154 Beate
1438 1118 1567 1154 Μανῑέ
1587 1118 1685 1167 (sic)

154 1148 214 1176 12&

157 1183 226 1212 [Au-

298 1171 343 1207 de
363 1171 620 1218 Asclapertone,
628 1194 677 1198 —-

154 1223 223 1241 ΟΠΞ·
268 1225 439 1255 Universis
456 1227 624 1264 presentes
641 1224 769 1254 Literas
786 1224 994 1264 inspecturis,
1012 1225 1166 1263 Thomas,
1183 1229 1259 1263 etc„
1276 1226 1429 1264 salutem,
1447 1225 1685 1256 etc.——Literas

157 1250 238 1280 Tus]

311 1268 415 1298 felicis
448 1268 684 1298 recordacionis
713 1268 849 1298 Domini
876 1268 1013 1298 &Valteri
1042 1269 1083 1298 de
1111 1268 1321 1308 Stapeldone,
1353 1279 1459 1308 nuper
1489 1269 1686 1300 Exoniensis

310 1311 472 1350 Episcopi,
491 1311 732 1341 Predecessoris
748 1311 862 1348 nostri,
881 1315 914 1341 et
928 1312 1074 1350 Capituli
1093 1312 1236 1342 Ecclesie
1252 1312 1456 1350 Exoniensis,
1471 1323 1585 1343 eorum
1600 1313 1684 1343 veris

307 1355 422 1394 sigillis
438 1354 471 1384 in
496 1365 568 1384 cera
593 1355 689 1384 viridi
714 1355 936 1394 pendentibus
960 1355 1128 1395 sigillatas,
1153 1355 1366 1395 inspeximus,
1390 1356 1424 1386 iu
1448 1356 1508 1386 heo
1531 1356 1686 1395 verba,—

308 1398 479 1429 Universis
495 1398 536 1428 ad
553 1408 635 1437 quos
653 1402 821 1438 presentes
838 1398 947 1429 Litere
965 1399 1186 1438 pervenerint,
1205 1399 1380 1437 Walterus,
1398 1403 1470 1438 etc„
1488 1400 1632 1430 salutem
1648 1400 1682 1430 in

308 1442 451 1472 Domino
468 1442 848 1481 sempiternam.——Cum
865 1442 1091 1472 condicionem
1109 1442 1253 1472 humane
1266 1442 1456 1483 fragilitatis
1466 1443 1684 1482 attendimus,

308 1488 342 1515 et
359 1485 501 1525 qualiter
517 1485 608 1515 omni
632 1489 791 1523 creature,
809 1488 879 1516 tam
903 1485 1039 1516 sublimi
1063 1496 1163 1526 quam
1188 1485 1317 1524 humili,
1334 1487 1608 1526 pretereuntibus
1624 1497 1685 1517 suo

308 1539 407 1559 cursu
418 1528 534 1559 diebus
552 1528 772 1568 presentibus,
789 1529 856 1558 vite
873 1529 948 1559 finis
965 1533 1130 1569 appareat,
1142 1529 1272 1559 intenta
1289 1529 1552 1560 consideracione
1569 1541 1682 1570 pensa-

309 1582 394 1609 mus,
415 1576 580 1611 quantum
597 1572 691 1602 nobis
708 1583 747 1602 ex
765 1572 843 1602 Alto
860 1573 1070 1612 permittitur
1088 1572 1259 1612 prevenire
1276 1573 1428 1612 cupimus
1445 1573 1533 1604 diem
1557 1574 1682 1613 mortis,

309 1618 347 1645 ut
362 1615 525 1655 amplecte
542 1615 611 1654 (sic)
628 1626 686 1655 per
702 1626 769 1654 nos»,
787 1615 905 1646 Divino
921 1616 1023 1646 Cultu
1049 1619 1082 1646 et
1107 1616 1283 1646 Missarum
1307 1616 1479 1647 Sacrificiis
1504 1627 1562 1657 pro
1579 1617 1684 1656 nobis,

308 1669 344 1689 ac
360 1658 422 1688 hiis
439 1659 497 1699 qui
514 1669 572 1689 nos
589 1659 623 1689 in
640 1663 752 1689 nostre
769 1659 983 1689 mortalitatis
1000 1659 1104 1690 officio
1126 1663 1358 1699 precesserunt
1374 1663 1408 1690 et
1424 1661 1613 1699 succedent,
1641 1662 1683 1691 ad

308 1702 439 1732 lauden]
456 1702 629 1741 Altissimi,
648 1703 763 1733 Eterni
780 1703 957 1733 clemencia
973 1703 1111 1741 Judicis,
1129 1703 1237 1741 Quem
1254 1703 1385 1734 nullum
1410 1704 1492 1734 latet
1508 1708 1683 1743 secretum,

308 1750 342 1776 et
367 1746 455 1785 apud
483 1746 590 1784 Quem
614 1745 792 1786 appellaciO
808 1746 870 1776 sibi
886 1746 996 1777 locum
1020 1757 1085 1776 non
1104 1747 1267 1784 vendicat,
1285 1747 1405 1777 omisso
1422 1748 1529 1787 rigore
1545 1746 1681 1787 Judieii,

308 1789 349 1819 de
366 1789 431 1819 Sue
447 1789 553 1828 gracie
575 1789 783 1829 plenitudine
804 1790 898 1820 nobis
921 1793 955 1820 et
977 1790 1056 1830 ipsis
1079 1789 1238 1829 dignetur
1262 1790 1499 1830 propiciacione
1523 1794 1684 1832 perpetua

309 1832 464 1863 misereri.
513 1833 600 1863 Hinc
623 1836 674 1864 est
697 1833 787 1873 quod
813 1844 881 1871 nos,
903 1834 1063 1873 premissa
1086 1834 1186 1873 digna
1210 1834 1338 1864 racione
1362 1837 1550 1874 pensantes,
1568 1838 1603 1865 et
1626 1846 1684 1875 per

308 1876 518 1915 Prepositum
544 1879 577 1906 et
595 1877 879 1907 Communitatem
904 1877 1127 1917 Burgensium
1145 1877 1230 1907 Ville
1254 1881 1366 1908 nostre
1389 1878 1430 1908 de
1454 1878 1683 1918 Aschpertone

306 1919 450 1958 excitati,
476 1919 590 1950 habito
621 1930 696 1950 cum
723 1920 877 1960 Capitulo
908 1925 1021 1950 nostro
1053 1920 1231 1951 Exoniensi
1262 1921 1415 1960 diligenti
1446 1925 1480 1952 et
1506 1922 1684 1953 sufficienti

307 1966 464 2002 tractatu,
482 1963 606 1993 vocatis
627 1964 791 2002 vocandis,
809 1964 850 1994 de
874 1964 1025 1994 unanimi
1040 1975 1200 1994 consensu
1225 1964 1376 2004 ejusdem
1395 1964 1551 2005 Capituli,
1569 1976 1683 1996 omnes

306 2006 490 2037 oblaciones
513 2010 547 2037 et
569 2007 786 2038 obvenciones
805 2007 936 2048 Capelle
960 2008 1074 2038 Sancti
1091 2008 1273 2046 Laurencii,
1290 2008 1376 2038 infra
1399 2008 1565 2040 ambitum
1585 2009 1683 2040 Curie

306 2053 418 2080 nostre
435 2050 476 2080 de
492 2050 702 2090 Ashpertone
725 2051 859 2089 situate,
876 2051 1088 2082 concedimus
1112 2054 1146 2081 et
1169 2051 1375 2091 assignamus
1400 2053 1458 2082 uni
1483 2053 1681 2092 Presbitero,

307 2103 365 2132 pro
381 2093 504 2124 salubri
527 2096 619 2124 statu
636 2098 759 2133 nostro,
776 2097 811 2125 et
826 2105 885 2135 pro
901 2095 1012 2125 anima
1036 2097 1150 2125 nostra
1172 2105 1248 2125 cum
1272 2095 1314 2125 ab
1338 2095 1398 2126 hac
1422 2095 1494 2126 luce
1518 2096 1684 2127 subtracti

306 2136 478 2175 fuerimus,
496 2140 530 2168 et
546 2148 606 2177 pro
629 2138 803 2168 animabus
826 2138 976 2168 omnium
1002 2138 1275 2169 Predecessorum
1299 2141 1333 2169 et
1357 2138 1589 2169 Successorum
1607 2150 1680 2170 nos-

306 2183 446 2219 trorum,
460 2181 699 2221 Episcoporum
714 2181 962 2220 Exoniensium,
974 2181 1008 2211 in
1025 2182 1140 2212 eadem
1155 2181 1286 2221 Capella
1300 2181 1421 2212 Divina
1433 2182 1682 2222 imperpetuum

308 2221 496 2254 celebranti.
546 2224 608 2262 Ita,
633 2225 796 2263 videlicet,
821 2225 911 2265 quod
934 2225 1022 2255 idem
1040 2224 1207 2255 Presbiter
1230 2235 1288 2264 per
1311 2226 1444 2255 eosdem
1469 2226 1680 2265 Prepositum

308 2269 342 2296 et
370 2267 656 2299 Cominunitatem
681 2269 722 2298 ad
749 2268 833 2299 illud
862 2268 1044 2299 Servicium
1073 2268 1246 2308 obligetur,
1276 2271 1310 2298 et
1337 2268 1475 2299 Officiali
1503 2269 1680 2300 Peculiaris

308 2309 459 2350 ejusdem
489 2311 739 2342 Jurisdiccionis
763 2312 914 2352 ejusdem
942 2311 1037 2350 Ville,
1062 2311 1215 2351 congruis
1239 2311 1309 2341 loco
1332 2314 1367 2341 et
1389 2314 1550 2351 tempore,
1582 2312 1678 2343 aunis

309 2353 447 2392 singulis
460 2358 685 2393 presentet-,um
702 2358 745 2394 et,
760 2356 786 2386 si
799 2355 844 2385 sit
856 2355 1004 2392 idoneus,
1016 2355 1140 2394 absque
1153 2354 1351 2384 difficultate
1363 2355 1521 2394 qualibet,
1541 2356 1680 2395 prestito

308 2396 498 2436 juramento
511 2398 708 2429 Obediencie
725 2402 759 2429 et
775 2399 864 2438 quod
880 2398 957 2438 jura
973 2398 1122 2428 Rectoris
1139 2408 1197 2428 seu
1214 2396 1339 2428 Vicarii
1356 2408 1420 2428 non
1433 2398 1609 2438 usurpabit
1620 2410 1680 2430 nec

308 2439 482 2478 diminuet,
512 2441 713 2472 admittatur
731 2452 738 2480 ;
772 2453 832 2473 nec
855 2453 895 2472 ex
911 2442 972 2472 hoc
989 2444 1188 2481 perpetuum
1213 2440 1354 2471 titulum
1378 2441 1497 2472 habeat
1514 2442 1548 2472 in
1566 2442 1681 2473 Officio

307 2483 505 2522 supradicto.
555 2485 601 2516 Et
616 2485 663 2515 ita
679 2485 768 2525 quod
784 2485 926 2526 predicti
944 2484 1134 2524 Preposi‘tus
1150 2488 1184 2515 et
1202 2484 1432 2515 Communitas
1457 2485 1679 2525 Burgensium

308 2525 579 2565 supplementum
609 2529 875 2567 sustentacionis,
899 2528 1126 2565 exhibicionis,
1153 2531 1188 2558 et
1209 2527 1455 2567 stipendiorum
1482 2529 1678 2560 annualium

308 2568 458 2608 ejusdem
473 2570 659 2610 Presbiteri‚
671 2576 838 2612 quatenus
850 2572 937 2602 dicte
947 2571 1131 2601 oblaciones
1143 2574 1178 2601 et
1190 2570 1407 2601 obvenciones
1420 2581 1485 2601 non
1498 2572 1679 2610 sufficiunt,

308 2611 455 2643 invenire
479 2617 513 2644 et
535 2615 728 2654 persolvere,
752 2616 924 2655 ipsamque
949 2615 1127 2655 Capellam,
1153 2614 1280 2653 Libros,
1297 2618 1331 2644 et
1348 2614 1553 2645 Ornamenta
1575 2615 1679 2656 ipsius

308 2665 467 2694 reparare,
492 2659 526 2687 et
547 2658 581 2688 in
608 2658 785 2689 sufficienti
813 2662 847 2689 et
875 2659 960 2688 bono
987 2661 1079 2688 statu
1105 2657 1268 2688 sustinere
1296 2657 1555 2698 imperpetuum,
1583 2660 1678 2690 annis

308 2697 457 2737 singulis,
468 2703 654 2741 teneantur,
668 2705 703 2732 et
714 2702 755 2732 ad
772 2702 806 2733 id
823 2702 857 2732 in
874 2701 1120 2742 presentacione
1131 2701 1278 2741 predicta
1290 2702 1464 2732 annuatim
1477 2702 1679 2734 sufficienter

306 2740 504 2781 obligentur.
553 2744 628 2783 Qui,
644 2745 790 2785 quidem,
808 2745 986 2784 Presbiter,
1003 2744 1153 2784 quolibet
1169 2744 1232 2774 Die
1254 2743 1429 2775 Dominico
1445 2748 1480 2775 et
1496 2745 1630 2776 Festivo
1644 2746 1680 2778 ix

306 2783 501 2824 leccionum,
518 2790 578 2817 aut
594 2798 670 2818 cum
686 2789 847 2828 regimine
864 2788 974 2825 Obori,
993 2787 1170 2818 Matutinis
1187 2786 1296 2826 HoriS,
1313 2786 1447 2827 Majoris
1472 2788 1571 2818 Misse
1588 2789 1678 2820 Cele-

306 2826 452 2859 bracioni
467 2834 502 2860 et
517 2829 671 2871 Vesperis
687 2831 721 2862 in
739 2831 923 2863 Parochiali
940 2831 1086 2862 Ecclesia
1102 2829 1320 2872 personaliter
1336 2831 1496 2862 interesse
1512 2835 1677 2872 teneatur,

287 2884 322 2918 R
