1987 3062
326 224 419 266 404
536 234 633 266 THE
669 233 907 266 REGISTER
946 234 1004 265 or
1041 233 1216 266 BISHOP
1253 230 1649 265 BRANTYNGHAM.

325 336 400 374 A-P-
467 336 555 373 timi,
574 335 617 368 ad
632 336 792 368 effectum
807 336 1084 378 Dispensacionis
1099 334 1317 369 Auctoritate
1332 335 1428 368 Sedis
1442 332 1641 376 Apostolice
1656 328 1850 378 optinend-e.

327 370 428 428 &1:153'1.
469 379 516 411 Et
534 378 638 427 habet
658 380 701 412 ad
722 379 978 412 certificandum
998 378 1195 421 Dominum,
1219 379 1377 421 expedito
1398 378 1549 420 negocio,
1573 376 1655 418 quid
1677 375 1796 407 fecerit
1818 383 1852 404 in

468 423 653 462 premissis.

433 482 490 519 St.
514 481 886 531 Ruan-Lanyhorne
901 494 910 527 ;
931 481 1085 519 Master
1105 481 1261 518 Martia
1282 480 1565 524 Lercedeakne‚
1589 479 1709 523 R„—

429 534 704 576 Dispensalion:
731 535 987 567 non-residence
1004 535 1058 567 for
1074 538 1145 566 two
1162 544 1273 577 years,
1293 538 1330 566 to
1350 534 1454 576 study
1476 533 1639 574 (London,
1663 533 1702 563 15
1722 530 1745 562 J
1748 529 1830 570 uly).

432 593 648 644 Plyrnouth
662 607 672 641 3
692 594 910 642 Deputacio
933 594 1142 632 Curatoris
1162 593 1327 631 Ecclesia
1347 594 1391 630 de
1412 594 1641 637 Sauone,-

429 647 530 687 Item‚
548 648 745 686 Londoniis,
763 648 875 688 xxijdo
893 648 956 687 die,
974 648 1143 680 Dominus
1158 649 1324 679 concessit
1338 648 1532 679 Licenciam
1548 646 1694 678 Domino
1708 643 1859 690 Johnnni

471 690 604 731 Hogge,
627 690 830 732 presbitero,
853 691 896 723 ad
917 691 1124 723 audiendum
1145 690 1381 722 Confessiones
1401 689 1686 732 parochianorum
1706 686 1856 718 Ecclesie

471 733 513 764 de
534 734 690 773 Suttone,
711 735 812 775 juxta
833 734 1086 773 Plummouthe,
1109 734 1226 774 eisque
1245 735 1306 774 Pro
1329 733 1516 764 commissis
1536 731 1746 773 penitencias
1768 728 1853 760 salu-

470 780 563 808 tares
590 777 860 818 injungendum3
896 788 1038 817 necnon,
1069 777 1314 809 absolvendum
1341 777 1476 808 eosdem
1504 777 1538 807 in
1568 773 1702 806 casibus
1730 771 1856 814 quibus

470 818 630 851 Vicarius
647 819 729 851 Loci
747 819 922 852 absolvere
940 825 1075 861 posset;
1101 832 1139 852 ac
1156 821 1251 862 ipsis,
1272 820 1439 857 contritis,
1460 817 1706 860 penitentibus,
1727 822 1761 848 eb
1779 828 1854 848 con-

470 862 580 902 fessis,
604 863 764 903 quociens
785 873 871 904 opus
891 864 967 903 erit,
992 864 1214 896 Sacramenta
1233 868 1267 896 et
1289 862 1557 895 Sacramentalia
1576 861 1853 897 ministrandum,

470 904 610 937 Vicario
630 904 757 937 ibidem
777 905 938 945 absente;
966 917 1005 938 ac
1024 907 1137 948 ipsum
1158 906 1359 939 Curatorem
1380 906 1462 938 Loci
1481 907 1619 938 interim
1640 905 1830 946 deputavit.

429 964 511 1001 Pro
533 965 755 1002 eaeecucione
776 965 965 1002 sslandatz'
988 965 1277 1010 Collectori3,-—

427 1016 527 1058 Item,
551 1016 688 1057 ibidem,
712 1019 797 1059 xxiij
821 1018 887 1058 die,
909 1020 1082 1050 emanavit
1104 1018 1308 1051 Mandatum
1330 1018 1542 1050 execucionis
1564 1017 1758 1049 Literarum
1781 1016 1853 1048 Col-

466 1060 615 1099 lectoriS,
640 1061 808 1093 directum
828 1062 998 1102 Magistro
1019 1063 1189 1094 Willelmo
1211 1063 1307 1098 Bide,
1330 1062 1461 1102 Legum
1483 1062 1637 1099 Doetori,
1661 1066 1695 1092 et
1716 1061 1860 1091 officiali

470 1103 655 1135 Exoniensi
674 1104 872 1145 Principali,
895 1115 963 1143 seu,
985 1106 1059 1147 ipso
1079 1104 1231 1143 absente,
1251 1105 1421 1146 Magistro
1441 1105 1576 1145 Rogero
1596 1105 1699 1145 Pago,
1723 1103 1853 1135 Consis·

470 1147 551 1177 torii
575 1146 779 1179 Exoniensis
804 1148 1005 1180 Presidenti.
1055 1149 1102 1180 Et
1126 1148 1231 1181 habet
1254 1149 1296 1181 ad
1322 1148 1578 1180 certificandum
1603 1149 1690 1179 citra
1714 1148 1856 1179 Festum

471 1189 588 1221 Sancti
608 1190 787 1222 Michaelis
808 1192 964 1231 proximo
985 1192 1056 1232 jam
1076 1192 1242 1224 futurum.
1292 1192 1338 1224 Et
1358 1191 1542 1224 liberatum
1564 1192 1631 1224 fuit
1654 1191 1857 1223 Mandatum

470 1232 618 1264 Domino
638 1232 790 1265 Johanni
811 1234 1061 1276 Folkyngham.

431 1290 604 1341 Orat-ory
620 1304 630 1337 ,-
651 1291 812 1328 Licewzce
832 1298 867 1328 to
887 1292 1133 1339 celebrate‚—-'

427 1343 527 1385 Item,
553 1343 691 1385 ibidem,
718 1344 839 1376 ultimo
865 1345 929 1386 die,
956 1346 1125 1378 Dominus
1150 1347 1318 1379 concessit
1341 1347 1535 1378 Licenciam
1560 1345 1731 1377 Willelmo
1757 1345 1798 1377 de
1821 1345 1854 1377 la

467 1387 636 1429 Pomeray
659 1392 694 1420 et
718 1388 793 1428 ejus
816 1389 926 1428 uxori,
951 1389 1043 1430 quod
1066 1391 1198 1431 possint
1223 1390 1334 1422 facere
1359 1388 1521 1421 celebrari
1547 1390 1683 1422 Divina.
1711 1393 1789 1427 etc,
1816 1389 1851 1419 in

466 1430 615 1472 Capellis
638 1432 709 1463 sive
732 1432 900 1465 Oratoriis
922 1432 1155 1464 Maneriorum
1178 1433 1361 1464 eorundem
1384 1433 1424 1464 de
1449 1432 1683 1464 Schullestone
1708 1437 1741 1464 et
1765 1432 1849 1464 Dea-

470 1474 555 1506 done
570 1486 577 1513 ;
602 1485 664 1516 per
679 1485 785 1507 unum
803 1486 930 1507 annum
948 1475 1158 1509 duraturam.

428 1533 484 1571 St.
508 1533 599 1571 Kea
616 1547 625 1579 3
654 1533 792 1571 Litera
810 1534 1149 1582 repa'racionis,—

317 1591 375 1613 Au·
429 1587 530 1628 Item,
551 1586 689 1628 ibidem,
711 1587 840 1619 decimo
859 1592 981 1619 octavo
1001 1588 1053 1619 die
1071 1588 1195 1619 mensis
1214 1586 1374 1628 Augusti,
1397 1588 1570 1619 emanavit
1588 1587 1703 1618 Litera
1723 1597 1855 1628 repara<

317 1629 385 1682 ἓξὲξ·
473 1631 589 1668 cionis,
613 1630 744 1662 directa
764 1630 908 1662 Officiali
929 1630 1116 1662 Peculiaris
1136 1631 1396 1662 Jurisdiccionis
1417 1632 1452 1662 in
1473 1629 1655 1669 Cornubia,
1680 1640 1740 1670 pro
1762 1635 1860 1670 parte

378 1675 384 1681 '
474 1673 613 1705 Domini
644 1673 812 1706 Johannis
841 1674 1005 1710 Kestelle,
1036 1672 1201 1714 Perpetui
1233 1673 1363 1705 Viearii
1393 1674 1543 1705 Ecclesie
1576 1675 1786 1706 I‘arochialis
1818 1675 1857 1706 de

470 1716 660 1757 Landegee,
696 1717 739 1748 ad
770 1717 1013 1758 inquirendum
1045 1717 1086 1748 de
1119 1717 1308 1748 defectibus
1342 1717 1517 1748 domorum
1553 1722 1585 1749 et
1610 1717 1856 1754 clausurarum,

470 1770 650 1800 rerumque
671 1759 815 1791 aliarum
836 1759 925 1791 dicte
946 1760 1093 1792 Vicarie.
1142 1761 1188 1792 Et
1208 1759 1313 1792 lia-bet
1334 1761 1377 1792 ad
1399 1760 1665 1798 certificandum,
1690 1762 1779 1792 dicte
1802 1760 1854 1791 In-

468 1804 664 1845 quisicionis
684 1804 824 1845 negocio
847 1803 1015 1845 expedito,

433 1867 647 1913 Oratories,
670 1871 744 1904 etc.
761 1881 771 1914 ,-
791 1868 872 1904 Pro
895 1867 1077 1915 Capellis,
1100 1874 1133 1903 et
1153 1869 1208 1905 ad
1225 1868 1448 1914 eliqmzdum
1471 1868 1781 1916 Covzfessores‘f—

431 1921 531 1960 Item,
556 1921 683 1952 eisdem
704 1920 759 1952 die
780 1924 814 1954 et
833 1920 919 1959 Ioco,
945 1921 1112 1953 Dominus
1135 1922 1300 1952 concessit
1322 1921 1515 1953 Licenciam
1538 1922 1685 1954 Domino
1709 1923 1859 1955 Johanni

475 1962 644 2003 Stretche,
670 1963 788 2003 Militi,
814 1967 849 1995 et
872 1963 1038 1996 Katerine
1061 1964 1136 2004 ejus
1160 1965 1270 2003 uxori,
1297 1964 1389 2006 quod
1414 1966 1546 2006 possint
1570 1965 1690 2003 facere,
1719 1970 1797 2005 eto,
1824 1967 1858 1997 in

475 2005 623 2047 Capellis
645 2007 716 2038 sive
737 2005 905 2038 Oratoriis
925 2007 1016 2038 infra
1035 2006 1192 2039 Maneria
1213 2008 1397 2040 eorundem
1418 2009 1459 2040 de
1480 2009 1653 2050 Pynhowe
1675 2014 1709 2041 et
1730 2009 1859 2050 Hamp-

475 2053 572 2089 stert,
604 2053 693 2086 etc.;
731 2059 872 2085 necnon,
905 2049 995 2090 quod
1025 2050 1169 2091 possint,
1201 2052 1361 2091 quociens
1391 2051 1613 2092 indiguerint,
1646 2052 1768 2093 eligere
1798 2053 1860 2084 >ibi

476 2103 582 2124 unum
600 2093 653 2125 vel
674 2093 758 2126 duos
779 2092 1009 2132 Confessmes,
1033 2094 1090 2134 qui
1111 2093 1203 2134 ipsos
1224 2094 1265 2125 de
1284 2095 1434 2135 peccatis
1455 2096 1535 2131 suis,
1560 2095 1622 2126 sibi
1646 2096 1857 2132 confitendis,

477 2136 595 2168 audire
613 2135 728 2168 valeat
748 2140 783 2168 et
800 2135 960 2174 valeant3
987 2145 1128 2175 necnon,
1152 2136 1286 2168 eosdem
1307 2136 1482 2169 absolvere
1503 2139 1538 2170 in
1559 2137 1693 2170 casibus
1715 2139 1861 2170 Domino

477 2180 671 2219 reservatis,
693 2178 940 2211 violacionibus
960 2179 1101 2219 jurium,
1125 2183 1203 2216 ete..
1229 2179 1411 2212 dumtaxat
1431 2182 1592 2222 exceptis.
1642 2182 1862 2214 Prescntibus

476 2233 497 2254 a,
514 2223 590 2254 xixo
609 2222 662 2253 die
681 2222 807 2253 mensis
826 2220 1025 2254 Decembris
1044 2223 1201 2263 proximo
1220 2233 1310 2254 nunc
1330 2222 1439 2255 futuri
1461 2234 1521 2265 pei·
1540 2223 1715 2257 biennium
1736 2230 1859 2257 extunc

475 2270 671 2298 secuturum
687 2265 871 2298 duraturis.

439 2325 679 2362 Ordination
692 2323 746 2374 by
758 2323 827 2360 the
840 2322 1224 2373 Coadjutor-Bishop
1234 2337 1243 2370 3
1259 2324 1325 2361 Ad
1337 2325 1610 2363 celebrandum
1628 2325 1862 2374 Ordines,—

435 2379 536 2417 Item,
566 2377 704 2418 ibidem,
735 2377 844 2417 xxviij
876 2377 941 2415 die,
973 2377 1147 2408 emanavit
1176 2376 1377 2409 Commissio
1407 2379 1537 2410 directa
1567 2380 1680 2412 Fratri
1711 2382 1859 2413 Johanni

479 2422 612 2459 Warre,
643 2421 814 2461 Episcopo
842 2419 1102 2460 Oumanagensi,
1132 2420 1175 2451 ad
1203 2419 1441 2452 celebrandum
1471 2421 1614 2454 Ordines
1643 2424 1696 2455 die
1724 2423 1865 2455 sabbati

480 2464 636 2503 Quatuor
649 2464 857 2505 Temporum
870 2464 996 2495 mensis
1011 2462 1222 2505 Septembris
1236 2463 1391 2505 proximo
1406 2465 1477 2505 jam
1494 2465 1614 2498 futuri.
1662 2467 1709 2499 Et
1722 2465 1868 2499 liberata

481 2508 548 2540 fuit
567 2507 623 2540 W.
649 2506 816 2549 Skynner.

333 2568 415 2598 [sssp-
441 2568 497 2605 St.
523 2566 678 2617 Mabyn
695 2579 705 2613 3
725 2565 935 2603 Relaaeacz’o
943 2564 1161 2613 fructuum
1180 2564 1346 2603 Ecclesia
1365 2566 1504 2604 Sancte
1525 2568 1754 2613 Alcmene,—

331 2609 410 2664 ἓξὲξ]
438 2621 539 2659 Item,
558 2619 755 2655 Londoniis,
773 2619 884 2660 primo
901 2619 956 2650 die
970 2619 1096 2650 mensis
1114 2618 1336 2658 Septembris,
1356 2619 1523 2652 Dominus
1539 2621 1708 2654 relaxavit
1726 2623 1863 2664 Seques-

482 2668 575 2695 trum
595 2664 631 2694 in
649 2661 831 2703 fructibus,
855 2665 934 2702 etc.,
957 2660 1108 2693 Ecclesie
1127 2660 1338 2693 Parochialis
1360 2662 1482 2694 Sancte
1503 2663 1660 2703 Mabene,
1683 2666 1717 2696 in
1739 2665 1863 2698 Cornu-

482 2706 550 2745 bia,
574 2710 608 2738 et
630 2716 692 2747 pro
713 2704 950 2746 publicacione
971 2705 1096 2736 direxit
1117 2702 1252 2736 Literas
1274 2705 1412 2737 Decano
1434 2705 1579 2739 Minoris
1602 2708 1726 2751 Trigge
1749 2714 1783 2742 et
1805 2709 1863 2741 Vi-

484 2751 575 2782 cario
591 2749 632 2781 de
646 2747 864 2791 Egloshaille.
912 2748 959 2780 Et
974 2746 1103 2779 habent
1117 2747 1161 2780 ad
1176 2747 1432 2781 certificandum
1449 2750 1537 2781 citra
1551 2750 1691 2783 Festum
1708 2751 1865 2784 Omnium

483 2794 686 2826 Sanctorum
707 2792 863 2834 proximo
884 2792 956 2833 jam
977 2791 1142 2823 futurum.
