1987 3062
346 210 439 254 258
544 222 643 255 THE
679 223 918 256 REGISTER
954 223 1013 254 OF
1054 221 1231 254 BISHOP
1265 222 1666 257 BRANTYNGHAM.

347 324 423 350 ΑΒ·
499 327 724 358 murmuracio
741 331 775 358 et
791 327 961 358 contencio
978 327 1010 357 in
1030 326 1147 365 Choro,
1165 337 1223 366 per
1246 337 1329 367 quas
1353 327 1474 358 Cultus
1498 327 1641 358 Divinus
1664 328 1789 368 poterit
1812 328 1871 358 im-

346 357 452 417 {fii-11⁸}
500 371 614 410 pediri.
661 371 794 410 Nullus,
811 371 922 409 eciam,
939 371 1146 401 Vicariorum
1162 370 1203 400 ab
1222 369 1320 400 Horis
1346 371 1517 401 Canonicis
1541 372 1573 401 in
1599 371 1732 411 Capella
1756 372 1871 402 decan-

404 411 410 418 ’
441 411 447 417 ’
500 414 612 444 tandis
638 424 672 443 se
699 414 861 452 absentet,
890 414 952 444 nisi
980 414 1068 444 forte
1090 424 1107 443 a
1132 413 1276 444 Sacrista
1302 412 1449 453 ejusdem
1479 414 1619 454 Capelle,
1644 425 1743 455 quem
1775 415 1872 445 istius

499 457 645 497 Capituli
662 458 864 497 deputamus
880 461 1100 495 executorem,
1117 457 1158 486 ob
1175 457 1319 496 aliquam
1335 457 1461 497 justam
1479 468 1609 487 causam
1627 468 1661 488 se
1677 458 1872 488 absentandi

498 500 666 531 licenciam
692 501 875 540 optinuerit
898 500 1093 540 specialem3
1117 510 1203 538 eum,
1228 500 1402 539 siquidem,
1420 500 1477 540 qui
1501 511 1595 531 secus
1618 501 1735 531 fecerit
1758 501 1799 531 ab
1823 501 1870 531 in-

497 554 611 583 gressu
637 544 735 574 Chori
758 554 891 574 manere
914 544 1069 573 volumus
1093 553 1301 583 suspensum,
1319 544 1424 574 donec
1448 554 1552 574 unum
1577 544 1720 583 obolum,
1738 544 1871 574 nomine

499 587 615 624 multe,
635 598 694 627 pro
710 587 859 627 qualibet
874 587 955 617 hora
971 587 1120 617 absencie
1144 590 1178 617 et
1202 587 1426 626 suspensionis
1449 597 1507 617 sue
1531 587 1716 625 exsolverit,
1734 587 1767 617 in
1792 598 1872 618 usus

500 630 642 670 Capelle,
663 641 763 670 quam
791 631 904 660 debito
931 630 1141 660 defraudavit
1171 630 1339 670 obsequio,
1366 631 1638 660 convertendum.
1688 631 1869 670 Stipendia,

498 684 584 712 vero,
609 674 706 704 dictis
723 674 858 704 Vicariis
882 674 924 704 ab
946 674 1084 713 antiquo
1108 673 1140 703 in
1166 674 1255 703 dicta
1280 673 1412 712 Capella
1435 674 1628 712 constituta,
1653 677 1687 703 et
1711 674 1872 704 hactenus

497 717 616 755 soluta,
634 717 746 747 nullus
764 717 1006 747 Canonicorum
1024 717 1160 747 mutilet
1177 716 1227 746 vel
1244 717 1391 746 inmutet
1409 728 1415 754 ;
1440 720 1490 747 set
1507 717 1685 757 antiquum
1703 718 1871 748 Canonem

497 760 640 790 duarum
669 771 853 791 marcarum
880 764 990 800 preter
1022 771 1059 790 ea
1086 770 1151 800 que
1178 760 1257 790 alias
1284 760 1471 799 percipiunt
1499 760 1539 790 ab
1570 760 1711 800 Capella,
1740 760 1873 791 nomine

496 804 632 840 Vicarie,
651 804 730 844 ipsis
754 803 901 838 Vicariis,
926 807 965 834 ut
989 803 1148 834 hactenus
1173 803 1242 833 fieri
1266 803 1446 841 consuevit,
1472 803 1668 842 exsolvant;
1691 814 1768 834 cum
1792 804 1872 834 alias

497 846 523 876 si
550 847 583 877 id
608 847 654 877 eis
677 847 801 886 liceret,
824 847 907 877 illud
933 850 1126 886 sequeretur
1151 847 1384 876 inconveniens
1409 847 1449 876 de
1474 847 1572 884 facili,
1604 850 1642 877 ut
1671 858 1727 886 pro
1753 848 1872 877 minori

496 890 593 920 solito
617 891 810 920 ministrum
835 891 946 920 minus
968 891 1126 920 idoneum
1151 890 1221 920 loco
1253 890 1374 928 idonei,
1402 890 1577 930 presertim
1608 901 1684 920 cnm
1718 891 1872 930 perpetui

496 944 561 964 non
578 933 732 971 existant,
745 934 823 964 licet
839 934 1004 973 stipendia
1020 933 1087 963 sint
1103 937 1201 971 certa,
1215 933 1412 963 multociens
1425 934 1652 972 subrogarent.
1703 934 1870 971 Ceterum,

495 987 571 1007 cum
589 977 761 1008 Prebenda
777 987 877 1017 quam
902 977 1011 1006 dictus
1035 977 1179 1007 Sacrista
1202 976 1332 1007 obtinet
1355 977 1388 1006 in
1414 977 1502 1006 dicta
1528 977 1660 1016 Capella
1675 977 1708 1006 in
1727 980 1873 1017 quatuor

498 1020 590 1050 libris
606 1021 744 1059 argenti,
758 1031 776 1050 a
792 1020 991 1059 quibusdam
1011 1020 1183 1050 Canonicis
1206 1019 1357 1059 ejusdem
1382 1020 1514 1059 Capelle
1538 1020 1734 1059 prestandis,
1752 1021 1870 1050 consis-

497 1066 557 1101 tat,
585 1074 622 1093 ac
649 1074 707 1103 per
733 1074 839 1094 seram
866 1063 1127 1093 satisfaccionem
1150 1063 1289 1102 pecunie
1316 1063 1506 1102 supradicte
1530 1063 1617 1093 idem
1643 1063 1785 1093 Sacrista
1809 1064 1870 1093 fre-

497 1109 640 1147 quenter
655 1117 754 1146 grave
770 1107 982 1146 dispendium
1000 1106 1158 1146 paciatur,
1183 1106 1315 1136 eosdem
1341 1106 1531 1144 Canonicos,
1549 1106 1607 1146 qui
1631 1107 1671 1136 ad
1696 1107 1870 1145 prestaoio-

495 1160 571 1180 nem
589 1150 784 1190 hujusmodi
800 1153 969 1187 tenentur,
992 1149 1193 1180 auctoritate
1219 1149 1440 1188 Presencium,
1459 1160 1631 1180 monemus
1648 1153 1682 1179 et
1698 1150 1872 1180 hortamur

494 1193 527 1223 in
546 1194 699 1231 Domino,
718 1204 776 1233 pro
794 1194 906 1233 prima,
925 1193 1078 1231 secunda,
1096 1197 1131 1222 et
1146 1193 1248 1222 tercia
1265 1193 1458 1231 Monicione,
1478 1196 1525 1231 ut,
1541 1193 1639 1233 juxta
1652 1194 1871 1224 Consuetudi-

494 1246 569 1266 nem
589 1237 721 1276 Capelle
738 1237 938 1276 supradicte,
955 1236 1062 1266 eidem
1088 1235 1228 1266 Sacriste
1245 1236 1377 1275 singuli,
1395 1246 1453 1276 pro
1476 1239 1549 1267 rata
1566 1237 1728 1276 porcionis
1745 1247 1812 1275 sue,
1830 1238 1871 1267 de

496 1280 652 1319 predictis
669 1283 815 1320 quatuor
831 1280 932 1318 libris,
950 1280 1017 1309 suis
1040 1279 1202 1318 terminis,
1219 1279 1425 1310 satisfaciant
1448 1283 1684 1319 competenter,
1702 1280 1764 1310 sub
1787 1291 1871 1320 pena

496 1323 878 1359 Excommunicacionis;
905 1333 1004 1363 quam
1030 1333 1127 1360 nunc,
1145 1326 1185 1352 nt
1201 1325 1333 1361 extunc,
1358 1323 1391 1353 in
1416 1333 1569 1362 personas
1586 1333 1649 1353 non
1668 1324 1870 1354 solvencium

494 1367 693 1406 proferimus
709 1367 743 1397 in
760 1367 823 1397 hiis
840 1367 988 1406 Scriptis.
1035 1367 1088 1396 Ad
1106 1366 1173 1404 hec,
1191 1377 1266 1396 cum
1292 1366 1421 1396 Nobilis
1437 1367 1495 1404 vir,
1516 1367 1632 1397 Comes
1650 1367 1870 1406 Marescallus,

497 1411 616 1440 Petrus
632 1411 673 1441 de
691 1410 863 1449 Roteham,
889 1414 921 1441 et
947 1410 1095 1447 Rogerus
1122 1409 1270 1449 Papilun,
1289 1410 1430 1449 quedam
1456 1410 1601 1440 habeant
1625 1411 1813 1441 molendina
1837 1411 1871 1440 in

496 1454 652 1484 Parochia
676 1454 716 1484 de
742 1453 913 1491 Boseham7
937 1454 978 1483 de
1002 1453 1124 1493 quibus
1148 1453 1224 1483 licet
1246 1453 1370 1492 grande
1397 1454 1662 1484 emolumentum
1689 1454 1869 1494 proveniat,

496 1497 588 1528 nulla
604 1500 716 1528 tamen
734 1508 773 1527 ex
791 1497 835 1527 eis
851 1497 920 1537 jam
937 1497 1034 1536 longo
1051 1500 1199 1536 tempore
1216 1496 1331 1527 extitit
1344 1497 1471 1527 decima
1486 1497 1661 1536 persoluta,
1676 1497 1875 1537 precipimus

497 1543 530 1571 et
547 1541 745 1571 mandamus
762 1544 799 1571 ut
816 1540 972 1572 Canonici
996 1540 1118 1580 quibus
1141 1540 1211 1579 ipsa
1235 1540 1362 1570 decima
1385 1540 1526 1570 debetur
1550 1541 1687 1570 eandem
1712 1541 1872 1571 decimam

496 1587 652 1624 repetant
667 1595 743 1615 cun]
760 1584 877 1614 effectu
895 1595 902 1621 ;
921 1594 995 1614 cum
1014 1583 1198 1613 subtraccio
1215 1583 1318 1623 ipsius
1334 1594 1431 1622 grave
1448 1583 1631 1623 periculum
1650 1584 1875 1614 detinencium

496 1628 671 1658 animabus
687 1627 834 1666 inducat,
847 1631 880 1657 et
896 1627 929 1657 in
944 1627 1159 1657 manifestum
1177 1628 1272 1656 cedat
1288 1627 1507 1667 prejudicium
1528 1627 1659 1667 Capelle
1676 1628 1874 1666 supradicte.

498 1672 551 1709 Et,
569 1671 656 1710 quia,
674 1671 904 1701 deficientibus
922 1670 1029 1700 Libris
1046 1674 1080 1700 et
1096 1670 1167 1700 aliis
1192 1670 1403 1700 Ornamentis
1421 1681 1484 1710 que
1501 1671 1541 1700 ad
1560 1671 1696 1700 Cultum
1716 1671 1877 1701 Divinum

496 1715 724 1754 requiruntur,
751 1714 882 1754 Capella
906 1714 976 1754 ipsa
1000 1713 1118 1753 nequit
1141 1713 1273 1743 officiari
1298 1716 1336 1743 ut
1359 1714 1514 1743 convenit
1529 1713 1562 1743 in
1582 1714 1720 1752 Divinis,
1738 1714 1874 1754 precipi-

497 1768 572 1788 mus
589 1761 623 1787 et
640 1758 838 1788 mandamus
855 1760 895 1787 ut
911 1756 1091 1796 subscripti
1115 1757 1275 1794 defectus,
1294 1757 1448 1787 videlicet
1473 1757 1626 1796 Legenda
1650 1768 1734 1787 nova
1751 1761 1784 1787 et
1802 1757 1876 1788 Col-

495 1801 616 1831 lectare
633 1811 768 1839 novum,
785 1801 818 1830 in
837 1800 936 1840 peciis
953 1800 1178 1837 consistencia,
1203 1800 1447 1837 examinentur,
1473 1800 1690 1840 corrigantur,
1716 1804 1750 1830 et
1774 1801 1874 1840 ligen-

496 1847 562 1875 tur.
610 1844 765 1874 Preterea
782 1854 888 1874 unum
909 1843 1157 1882 Epistolarium,
1185 1853 1260 1872 eum
1288 1843 1482 1881 Ewangeliis
1506 1844 1614 1873 tocius
1638 1844 1725 1882 anni,
1750 1843 1783 1874 in
1809 1854 1875 1874 uno

496 1887 665 1918 volumine
682 1887 910 1926 redigendum,
928 1889 1120 1926 competens
1133 1886 1401 1916 tabulamentum
1420 1896 1518 1926 super
1529 1886 1652 1924 Altare,
1669 1897 1772 1917 unum
1787 1887 1874 1917 fron-

497 1931 563 1961 tale
580 1931 758 1970 solempne,
777 1933 809 1960 et
827 1930 862 1969 iij
881 1940 959 1969 cape
976 1929 1016 1959 de
1032 1929 1133 1959 serico
1145 1930 1308 1968 decentes,
1329 1929 1573 1960 Candelabrum
1590 1930 1745 1960 Paschale
1758 1930 1874 1961 hones-

496 1977 581 2012 tum,
606 1977 641 2004 et
664 1973 779 2004 tuallie
802 1973 1002 2003 sufficientes
1026 1973 1067 2002 ad
1091 1972 1314 2002 Ministerium
1340 1973 1499 2003 Divinum
1532 1974 1766 2013 peragendum,
1792 1974 1875 2004 citra

498 2017 622 2048 Pascha
641 2017 790 2057 proximo
808 2017 976 2053 futurum,
995 2016 1037 2046 de
1054 2026 1148 2053 noVO,
1166 2019 1275 2056 preter
1290 2016 1383 2056 prius
1399 2016 1513 2046 habita
1529 2017 1562 2046 in
1580 2017 1649 2056 ipsa
1668 2017 1802 2057 Capella
1819 2017 1874 2048 ha-

498 2061 665 2097 beantur3
690 2059 841 2098 maxime,
859 2062 980 2096 autem,
999 2059 1088 2099 quod
1115 2059 1297 2097 Oancellus,
1320 2059 1389 2099 jam
1414 2070 1471 2099 per
1496 2060 1564 2090 loca
1588 2060 1676 2091 varia
1700 2061 1873 2099 distillans,

497 2104 580 2135 citra
597 2104 734 2134 Festum
752 2103 911 2134 Omnium
930 2103 1137 2141 Sanctorum,
1151 2103 1184 2133 in
1198 2105 1326 2133 statum
1340 2103 1491 2133 debitum
1509 2107 1680 2143 reparetur
1696 2114 1702 2141 ;
1716 2104 1779 2134 sub
1792 2114 1875 2144 pena

497 2145 565 2178 xxti
582 2147 752 2185 librarum,
770 2147 895 2177 tociens
912 2146 1229 2176 committendarum
1246 2146 1402 2186 quociens
1419 2150 1583 2177 cessatum
1598 2147 1699 2177 fuerit
1716 2147 1748 2177 in
1763 2148 1873 2187 aliquo

498 2191 743 2231 premissorum,
761 2201 819 2230 pro
836 2193 948 2220 nostro
965 2189 1264 2220 convertendarum
1290 2189 1426 2220 arbitrio
1449 2190 1482 2220 in
1507 2201 1587 2220 usus
1605 2191 1736 2230 Capelle
1760 2201 1874 2231 supra-

498 2234 595 2265 dicte.
642 2234 696 2271 Et,
721 2244 761 2263 ne
785 2233 860 2273 quis
883 2243 982 2273 super
1004 2233 1067 2263 hiis
1091 2243 1155 2273 que
1186 2232 1252 2273 jam
1278 2233 1514 2271 ordinavimus,
1539 2234 1579 2264 ad
1604 2233 1875 2264 reformacionem

497 2277 586 2308 dicte
603 2277 746 2317 Capelle,
773 2287 806 2307 se
830 2276 933 2316 possit
956 2276 1174 2315 imposterum
1199 2286 1365 2313 excusare,
1391 2276 1463 2314 tibi,
1482 2276 1526 2306 fili
1551 2277 1694 2307 Sam-ista
1718 2277 1872 2317 predicte,

498 2321 742 2352 committimus
759 2323 793 2350 et
809 2320 1006 2350 mandamus
1023 2320 1182 2359 quatinus
1196 2319 1253 2349 hec
1267 2320 1377 2349 omnia
1394 2323 1428 2349 et
1444 2320 1573 2359 singula
1584 2331 1648 2360 que
1665 2321 1874 2360 premisimus

499 2368 533 2395 et
564 2364 773 2404 presentibus
799 2363 918 2393 Literis
941 2363 1184 2403 amplectimur,
1209 2363 1243 2392 in
1267 2363 1354 2393 dicta
1381 2363 1515 2402 Capella
1538 2363 1638 2394 facias
1662 2364 1877 2403 solempniter

500 2407 669 2448 publicari,
687 2410 721 2437 et
737 2407 779 2437 ad
795 2406 950 2437 noticiam
968 2406 1119 2436 omnium
1136 2416 1278 2445 quorum
1292 2406 1432 2436 interest
1445 2406 1570 2436 deduci.
1620 2407 1665 2437 Et
1683 2407 1763 2446 quid
1777 2417 1876 2447 super

500 2451 564 2481 hiis
580 2450 694 2481 feceris
718 2460 787 2488 nos,
812 2450 894 2480 citra
918 2449 1055 2480 Festum
1079 2449 1276 2480 Nativitatis
1301 2450 1401 2479 Beate
1427 2449 1528 2479 Marie
1548 2449 1702 2489 Virginis,
1719 2450 1877 2480 rescribas

499 2505 556 2534 per
594 2494 723 2524 Literas
759 2496 835 2524 tuas
873 2495 1035 2533 patentes,
1063 2493 1181 2523 harum
1211 2492 1326 2522 seriem
1359 2493 1752 2523 continentes-Datum
1786 2494 1876 2533 apud

416 2573 422 2579 ι
500 2537 730 2574 Chuddeham‚
758 2536 812 2576 iij0
838 2536 1005 2566 Kalendas
1036 2535 1181 2575 Augusti
1212 2535 1267 2574 [30
1298 2534 1404 2576 July],
1435 2536 1520 2566 A.D.
1553 2536 1611 2567 ΜΟ.
1643 2536 1743 2568 CCmo
1774 2547 1874 2567 nona-

349 2574 460 2634 AthfflC
499 2581 623 2620 gesimo
639 2579 896 2620 quarto.—Nos,
922 2579 1044 2619 itaque,
1068 2579 1175 2609 eidem
1199 2579 1342 2609 Domino
1366 2579 1492 2609 Thome
1518 2579 1677 2619 Episcopo
1700 2580 1875 2610 succeden-

348 2616 472 2667 ἒξὲἀξζῃ
502 2628 552 2654 tes
567 2624 600 2653 in
619 2634 716 2653 onere
732 2626 765 2654 et
782 2622 914 2661 honore,
932 2625 966 2652 et
983 2622 1120 2652 eandem
1145 2622 1312 2661 Capellam
1338 2626 1494 2661 nostram,
1514 2622 1705 2659 canonicos,
1722 2626 1756 2653 et
1772 2623 1874 2653 eciam

349 2675 466 2700 Walter.
503 2667 672 2697 Ministros
706 2666 868 2706 ejusdem,
903 2666 1152 2706 subsequenter,
1186 2665 1330 2695 secundo
1364 2665 1417 2695 die
1448 2665 1598 2696 Juridico
1632 2668 1706 2706 post
1736 2666 1874 2696 Festum

350 2717 406 2734 um.
502 2709 687 2750 Epiphanie
715 2709 859 2748 Domini,
888 2708 986 2739 Anno
1026 2708 1186 2748 Ejusdem
1214 2708 1273 2739 ΜΟ.
1309 2708 1438 2739 CCCfflO
1470 2719 1566 2747 non0,
1598 2719 1638 2739 ex
1670 2709 1775 2740 Officii
1802 2719 1875 2739 nos-

502 2753 546 2784 tri
569 2753 692 2791 debito,
718 2756 820 2792 prout
846 2752 887 2782 ad
915 2762 974 2782 nos
1001 2752 1175 2792 pertinuit,
1199 2751 1375 2781 actualiter
1405 2752 1588 2791 visitantes,
1613 2752 1790 2783 nonnullos
1814 2752 1873 2782 ibi-

502 2796 578 2827 dem
608 2795 797 2827 invenimus
827 2795 978 2826 defectus
1009 2795 1162 2834 notorios,
1190 2794 1345 2826 videlicet
1373 2795 1570 2826 Candelabri
1601 2795 1776 2835 Paschalis,
1804 2795 1878 2827 Veli
