1987 3062
130 354 206 380 A.D.

130 388 207 414 1375.

134 421 196 447 Vol.
212 420 238 446 I.

464 249 748 286 REGISTRUM
774 249 990 284 coMMoN
998 249 1228 282 E——ANNO
1261 235 1323 282 6⁰.
1566 236 1626 283 36
1642 241 1659 281 l

283 355 529 386 observanciam
553 354 750 395 Regularis,
785 354 826 384 de
849 357 952 392 statu,
976 353 1089 391 eciam,
1114 355 1148 383 et
1171 352 1331 393 regimine
1355 351 1438 382 dicti
1462 352 1665 390 Monasterii,

284 399 425 430 interius
441 402 476 429 et
491 398 647 436 exterius,
664 398 788 438 absque
800 397 1012 428 Visitacionis
1028 396 1219 436 solempniis
1234 406 1242 433 ;
1258 406 1295 426 ac
1311 405 1348 425 ea
1364 405 1430 435 que
1446 396 1665 426 meminimus

285 443 436 482 neclegta
459 442 530 480 (sic)
548 442 599 471 vel
622 442 742 471 omissa
765 442 798 471 in
823 440 990 481 premissis
1007 450 1048 471 ex
1071 440 1244 470 affeccione
1264 442 1413 478 paterna,
1434 449 1510 469 cum
1529 442 1666 479 tempus

282 486 437 526 exegerit,
456 486 490 516 in
507 488 637 515 statum
653 484 806 515 debitum
824 485 980 515 reducere
996 483 1212 523 proponimus
1228 482 1327 523 juxta
1344 482 1428 512 vires
1444 493 1452 519 ;
1477 493 1576 522 super
1593 482 1664 523 qui-

281 530 344 560 bus
357 540 424 567 vos,
440 528 664 559 communiter
681 531 715 558 et
734 528 876 565 divisim,
894 531 1010 558 tenore
1028 527 1251 564 Presencium,
1269 530 1368 566 prout
1385 525 1491 563 decet,
1505 525 1666 556 duximus

281 572 477 613 premuniti.
538 572 587 602 De
610 572 673 609 die,
698 581 784 608 vero,
809 571 1009 610 recepcionis
1042 570 1265 607 Presencium,
1291 579 1418 599 necnon
1451 569 1533 608 quid
1565 579 1666 609 super

282 616 450 656 premissis
467 615 630 646 duxeritis
647 614 849 651 faciendum,
869 624 928 644 nos
941 614 975 644 in
994 613 1141 644 Manerio
1159 617 1272 643 nostro
1295 613 1336 643 de
1361 612 1595 653 Lawythtone,
1613 613 1666 643 die

282 659 420 691 Sabbati
443 659 593 699 proxima
616 662 691 697 post
716 658 853 688 Festum
879 657 1129 697 Assumpcionis
1153 657 1255 687 Beate
1286 656 1390 686 Marie
1421 656 1572 695 proximo
1595 656 1665 696 jam

281 703 448 739 futurum,
465 702 662 738 certificetis
681 701 899 732 etc.—Dated
915 704 950 730 at
968 700 1155 739 Faringdon
1174 699 1322 738 (Ham),
1343 700 1383 730 23
1405 699 1497 739 July.

239 748 337 784 Item,
355 745 539 776 consimilia
555 745 712 775 Mandata
730 747 929 775 emanarunt
946 743 1116 774 Prioribus
1133 743 1249 774 Sancti
1265 742 1432 781 Germani,
1450 743 1491 773 de
1509 743 1665 782 Tyward-

131 974 189 1000 Ac-

130 1016 198 1034 Gus-

131 1049 199 1070 Tus.

130 1075 178 1101 fol.

131 1109 194 1136 sslb.

281 789 408 829 reythe,
434 789 549 819 Sancti
574 788 742 818 Michaelis
764 787 864 828 juxta
887 787 1047 824 Montem,
1073 790 1107 817 et
1133 786 1316 825 Bodminie,
1341 786 1383 816 ad
1407 789 1515 816 certos
1537 786 1608 817 dies
1632 787 1667 817 in

281 833 403 863 eisdem
422 832 553 872 plenius
569 831 930 872 expressatos.—Item,
948 830 1011 860 alia
1036 830 1193 860 Mandata
1209 829 1273 860 sub
1289 833 1377 860 certa
1401 829 1518 867 forma,
1535 840 1666 860 emana-

280 879 364 907 runt
379 886 438 916 pro
456 875 609 914 Collegiis
625 875 666 905 de
684 875 816 915 Penryn
834 878 868 905 et
885 874 999 905 Sancti
1017 873 1201 911 Carentoci,
1219 875 1261 904 ad
1278 876 1386 903 certos
1403 873 1473 904 dies
1489 873 1523 903 in
1541 873 1667 904 eisdem

279 920 376 960 plene
391 919 584 959 descriptos.

241 975 385 1012 Exeter
404 973 613 1011 Cathedral
632 986 642 1020 ;
673 973 909 1010 Mandatum
922 986 998 1020 pro
1029 971 1257 1008 Visitacione
1278 971 1319 1008 z'n
1340 971 1509 1008 Ecclesia
1531 971 1667 1009 Cathe-

294 1028 469 1071 circli,—

241 1083 393 1120 Thomas,
411 1085 484 1120 etc.,
501 1082 633 1112 Decano
657 1081 802 1112 Ecclesie
825 1084 938 1111 nostre
964 1079 1171 1118 Exoniensis,
1197 1079 1352 1117 salutem,
1377 1079 1573 1117 ete—Quia
1596 1090 1666 1118 nos,

284 1126 406 1156 Divina
428 1125 562 1155 fax-ente
585 1125 772 1162 clemencia,
798 1125 852 1154 die
875 1124 970 1154 Lune
994 1123 1143 1162 proximo
1169 1126 1243 1163 post
1271 1123 1409 1153 Festum
1443 1123 1667 1156 Exaltacionis

285 1169 405 1199 Sancte
425 1169 538 1198 Crucis
562 1169 713 1208 proximo
735 1167 802 1208 jam
820 1167 987 1204 futurum,
1004 1167 1037 1196 in
1056 1167 1183 1206 prefata
1202 1166 1346 1196 Ecclesia
1360 1170 1473 1196 nostra
1486 1167 1667 1197 Exoniensi

284 1212 397 1242 debite
413 1211 623 1241 Visitacionis
640 1211 804 1248 Officium,
821 1211 862 1240 ad
880 1210 1037 1240 honorem
1062 1209 1123 1240 Dei
1140 1213 1175 1240 et
1198 1209 1383 1240 animarum
1409 1210 1566 1248 salutem,
1594 1221 1666 1250 pro-

285 1255 440 1294 ponimus
464 1255 638 1284 actualiter
660 1265 830 1284 excercere
848 1265 855 1291 ;
879 1264 1016 1290 necnon,
1034 1253 1179 1293 qualiter
1201 1253 1348 1290 Statuta,
1368 1253 1614 1290 Ordinaciones,
1632 1258 1667 1284 et

286 1299 429 1329 Decreta
451 1302 520 1327 tam
545 1298 818 1328 Predecessorum
843 1301 1032 1327 nostrorum
1057 1306 1157 1336 quam
1183 1300 1306 1333 nostra,
1331 1307 1432 1336 penes
1456 1307 1514 1327 vos
1537 1297 1666 1327 fuerint

284 1342 457 1372 observata
473 1341 592 1377 videre,
611 1346 645 1371 et
661 1344 730 1371 tam
756 1352 792 1370 ea
815 1351 880 1380 que
904 1340 935 1370 in
962 1340 1032 1379 ipsa
1056 1339 1200 1369 Ecclesia
1223 1344 1337 1369 nostra
1361 1340 1542 1370 Exoniensi
1564 1350 1665 1380 quam

286 1385 448 1415 Ministris
471 1384 632 1424 ejusdem,
657 1384 900 1424 cujuscumque
923 1387 1033 1413 status
1056 1387 1115 1412 aut
1139 1383 1338 1412 condicionis
1363 1384 1518 1420 existant,
1543 1394 1664 1414 correc-

284 1429 386 1458 cionis
413 1431 447 1458 et
473 1428 718 1457 reformacionis
747 1427 860 1457 Officio
887 1426 1112 1456 invenerimus
1140 1426 1298 1465 indigere,
1327 1430 1465 1465 paterna
1491 1427 1665 1457 affeccione

285 1472 444 1509 corrigere
462 1475 496 1501 et
512 1471 545 1501 iu
563 1477 691 1501 statum
707 1470 858 1500 debitum
878 1480 936 1510 pro
954 1469 1079 1499 viribus
1103 1469 1281 1499 reformare
1299 1480 1306 1505 ς
1330 1470 1424 1500 vobis
1447 1474 1562 1500 tenore
1587 1471 1663 1501 Pre-

285 1515 444 1552 sencium,
461 1518 533 1552 etc.,
552 1515 749 1544 mandamus
766 1514 926 1553 quatinus
943 1512 1063 1550 citetis,
1081 1522 1137 1542 seu
1156 1512 1250 1543 citari
1273 1513 1411 1551 faciatis,
1431 1514 1663 1554 peremptorie,

284 1558 382 1598 juxta
406 1557 509 1597 ipsius
534 1557 678 1587 Ecclesie
704 1557 999 1594 Consuetudinem,
1017 1566 1131 1586 omnes
1154 1560 1188 1586 et
1211 1555 1358 1595 singulos
1382 1556 1529 1596 predicte
1553 1561 1666 1588 nostre

285 1601 481 1631 Exoniensis
500 1600 642 1630 Ecclesie
658 1601 690 1630 in
709 1600 881 1639 Dignitate
905 1599 1115 1637 constitutos,
1135 1599 1316 1629 Canonicos
1339 1600 1442 1630 eciam
1466 1603 1500 1630 et
1524 1600 1665 1631 Preben-

285 1645 404 1681 darios,
421 1644 578 1682 Vicarios,
596 1643 834 1681 Annivelarios,
852 1647 887 1673 et
903 1647 1028 1673 ceteros
1052 1652 1281 1682 quoscumque
1305 1643 1477 1673 Ministros
1501 1643 1664 1683 ejusdem,

285 1688 374 1728 quod
391 1690 605 1726 compareant
620 1697 727 1717 coram
753 1686 848 1716 nobis
871 1686 922 1716 vel
940 1687 1024 1715 vices
1049 1689 1178 1715 nostras
1200 1686 1393 1725 gerentibus
1417 1686 1450 1716 in
1474 1686 1535 1717 hac
1558 1691 1664 1727 parte,

285 1732 374 1761 dicto
391 1731 452 1767 (lie,
471 1731 503 1760 in
530 1730 685 1770 Capitulo
707 1730 812 1770 ipsius
832 1729 975 1759 Ecclesie
999 1729 1079 1759 hora
1103 1729 1209 1769 prima
1226 1729 1276 1759 vel
1300 1729 1430 1760 circiter
1453 1740 1543 1760 more
1566 1731 1666 1761 solito

283 1777 482 1814 congregati,
515 1773 710 1814 hujusmodi
740 1773 950 1803 visitacionis
981 1776 1093 1802 nostre
1125 1772 1279 1803 Officium
1310 1773 1474 1803 Canonice
1507 1773 1665 1812 subituri,

285 1818 567 1857 Dignitatumque
590 1827 725 1847 suarum
750 1821 784 1847 et
809 1816 1030 1847 Ecclesiarum
1053 1816 1339 1855 appropriatarum
1365 1817 1499 1855 eisdem,
1524 1817 1665 1848 Preben-

285 1861 404 1891 darum
435 1861 571 1900 insuper
600 1863 635 1891 et
663 1860 929 1891 Canonicatuum
952 1869 989 1888 ac
1013 1859 1253 1889 Beneficiorum
1277 1869 1415 1890 suorum
1440 1860 1566 1897 titulos,
1592 1871 1665 1891 nec-

285 1914 352 1934 non
379 1904 504 1934 Literas
529 1904 693 1934 Ordinum
717 1903 864 1943 ipsorum
890 1903 1018 1942 plenius
1041 1902 1248 1939 exhibituri:
1279 1903 1401 1933 facturi
1424 1908 1459 1933 et
1489 1904 1665 1944 recepturi,

285 1947 507 1978 communiter
530 1951 563 1977 et
587 1946 730 1985 divisim,
755 1946 845 1986 quod
869 1945 1064 1986 hujusmodi
1088 1945 1298 1976 Visitacionis
1323 1946 1479 1977 Officium
1501 1948 1605 1987 exigit
1629 1952 1664 1978 et

284 1990 434 2030 requirit.
480 1990 555 2028 Vos,
573 1990 685 2028 eciam,
704 1990 845 2020 Domine
863 1990 1004 2027 Decane,
1023 1989 1065 2019 ad
1081 1989 1247 2029 predictos
1263 1989 1351 2019 diem
1368 1994 1403 2020 et
1418 1990 1527 2020 locum
1551 1995 1667 2021 tenore

285 2033 495 2064 Presencium
522 2034 741 2073 peremptorie
765 2033 917 2070 citamus,
942 2037 1109 2072 quatenus
1134 2032 1175 2062 ad
1199 2042 1256 2062 vos
1279 2033 1413 2070 attinet,
1437 2034 1479 2064 ad
1503 2034 1615 2064 omnia
1631 2037 1666 2065 et

285 2077 415 2116 singula
430 2077 630 2117 supradicta.
680 2076 786 2114 Quem
811 2076 994 2106 terminum
1019 2075 1281 2116 peremptom'um
1305 2079 1340 2106 et
1356 2076 1553 2116 hujusmodi
1576 2088 1664 2108 com-

285 2120 495 2160 paricionem,
519 2120 706 2150 animarum
731 2119 893 2159 periculis,
910 2124 1031 2149 natura
1053 2119 1188 2158 negocii,
1214 2119 1379 2158 pietatum
1403 2121 1519 2157 causis,
1537 2124 1571 2151 et
1593 2121 1667 2151 aliis

285 2174 343 2203 per
358 2173 418 2193 nos
435 2163 589 2203 pensatis,
607 2163 720 2193 taliter
735 2163 894 2193 duximus
913 2163 1163 2193 moderandum.
1210 2162 1260 2192 De
1282 2163 1346 2200 die,
1362 2173 1450 2201 vem,
1467 2164 1667 2203 recepcionis

287 2207 508 2244 Presencium,
525 2211 559 2236 et
582 2207 664 2246 quid
688 2217 786 2246 super
809 2206 872 2236 hiis
895 2205 1039 2236 feceritis
1063 2210 1097 2236 et
1120 2205 1284 2235 duxeritis
1300 2206 1500 2244 faciendum,
1519 2217 1588 2246 nos,
1607 2212 1666 2238 aut

287 2250 373 2280 vices
389 2254 519 2280 nostras
535 2253 686 2288 gerentes
709 2249 914 2290 hujusmodi,
932 2249 1030 2279 dictis
1054 2249 1116 2286 die,
1133 2248 1214 2287 loco,
1232 2252 1266 2278 et
1289 2248 1378 2287 hora,
1396 2249 1584 2280 certificetis
1608 2261 1667 2290 per

285 2296 412 2323 vestras
448 2297 600 2333 patentes
632 2293 768 2329 Literas,
801 2292 919 2322 harum
955 2292 1072 2322 seriem
1107 2295 1142 2321 et
1172 2292 1352 2322 citatorum
1386 2293 1530 2330 nomina,
1566 2293 1667 2333 juxta

284 2336 424 2376 gradum
441 2340 476 2366 et
490 2339 619 2366 statum
635 2336 827 2374 eorundem,
844 2335 998 2366 seriosius
1013 2334 1233 2373 continentes,
1251 2335 1358 2375 sigillo
1374 2340 1485 2366 vestro
1508 2337 1664 2375 signatas.

285 2379 438 2410 —Dated
454 2383 490 2409 at
506 2379 612 2419 Clyst,
630 2380 669 2410 13
686 2379 772 2418 Aug.

243 2421 347 2462 Super
361 2422 544 2460 eodem-A
550 2422 809 2460 rchidiaconi,—

242 2465 396 2503 Thomas,
412 2469 484 2503 etc.,
503 2465 743 2496 Archidiacono
760 2469 872 2495 nostro
890 2464 1057 2496 cornubie
1073 2464 1107 2494 in
1127 2464 1271 2494 Ecclesia
1293 2467 1406 2495 nostra
1425 2465 1613 2504 Exoniensi,
1631 2471 1666 2497 et

285 2508 388 2548 ipsius
411 2508 550 2539 Officiali
572 2509 606 2538 iu
630 2519 690 2539 sua
712 2508 872 2546 absencia,
897 2508 1050 2543 salutem,
1075 2507 1268 2545 etc.—Quia
1292 2518 1361 2546 noe,
1385 2508 1507 2538 Divina
1531 2509 1666 2540 favente

286 2552 474 2590 clemencia,
502 2551 536 2581 in
568 2551 848 2582 Archidiaconatu
880 2555 990 2581 vestro
1022 2550 1242 2581 Cornubiensi
1265 2551 1467 2590 supradicto,
1493 2552 1665 2591 Ecclesias,

288 2594 432 2631 Clemm,
449 2599 485 2624 et
507 2595 668 2634 populum
692 2595 853 2635 ejusdem,
870 2594 965 2624 nobis
988 2598 1022 2624 et
1049 2593 1190 2624 Ecclesie
1214 2597 1325 2623 nostre
1350 2594 1528 2625 Exoniensi
1551 2606 1664 2636 supra-

286 2638 374 2667 dicte
389 2637 567 2677 subjectos,
584 2638 696 2668 debite
712 2638 922 2668 visitacionis
940 2637 1102 2673 Officium,
1116 2638 1157 2667 ad
1174 2636 1334 2667 honorem
1351 2637 1411 2667 Dei
1427 2641 1462 2667 et
1477 2638 1665 2670 animarum

285 2681 438 2718 salutem,
462 2681 678 2720 proponimus
699 2681 873 2711 actualiter
895 2690 1072 2717 excercere,
1090 2684 1124 2710 et
1148 2684 1217 2710 tam
1241 2690 1277 2709 ea
1300 2690 1366 2720 que
1388 2680 1422 2710 in
1447 2681 1539 2712 vobis
1563 2692 1666 2722 quam

286 2723 383 2755 Clero
408 2727 443 2754 et
471 2724 591 2763 populo
617 2724 698 2754 dicti
724 2723 1033 2760 Archidiaconatus,
1061 2723 1305 2763 cujuscumque
1330 2727 1439 2753 status
1463 2727 1524 2755 aut
1553 2726 1664 2756 condi-

285 2767 387 2797 cionis
403 2766 559 2803 existant,
576 2767 788 2797 correccionis
804 2770 838 2796 et
854 2766 1100 2796 reformacionis
1118 2766 1233 2796 Officio
1257 2766 1482 2797 invenerimus
1506 2767 1665 2809 indigere,

287 2813 426 2850 paterna
442 2809 618 2840 affeccione
633 2810 794 2850 corrigere
810 2813 844 2840 et
859 2809 893 2839 in
909 2812 1038 2839 statum
1061 2809 1216 2840 debitum
1239 2819 1298 2849 pro
1316 2809 1440 2840 viribus
1463 2811 1644 2843 reformare
1659 2824 1666 2851 ;

291 2853 384 2884 vobis
411 2856 525 2883 tenore
556 2853 777 2891 Presencium,
806 2856 881 2891 etc.,
914 2852 1112 2883 mandamus
1142 2852 1301 2893 quatinus
1331 2852 1450 2892 citetis,
1483 2864 1541 2885 seu
1572 2855 1668 2886 citari
