1987 3062
483 204 769 237 RaeisrRUM
807 204 1263 237 COMMUNE—ANNO
1302 192 1358 237 3⁰.
1592 192 1684 234 265

151 303 186 328 A·
192 303 226 329 D·
303 308 362 336 aut
378 305 626 345 reparacionum
644 306 879 345 predictorum,
904 316 962 337 seu
984 306 1291 347 implementorum,
1318 306 1535 347 Episcopatui
1564 306 1685 336 Exoni-

152 336 255 396 &3121
303 349 374 380 ensi
389 349 678 389 qualitercumque
694 350 894 388 debitorum,
912 360 1038 380 necnon
1063 351 1191 381 racione
1215 350 1459 391 cujuscumque
1483 352 1685 388 contractus,

303 393 418 430 debiti,
435 393 558 428 delicti,
576 403 633 423 seu
651 393 787 423 alterius
803 394 849 423 rei
865 393 1107 434 cujuscumque
1124 394 1294 432 habemus,
1310 394 1360 424 vel
1375 394 1496 424 habere
1514 393 1686 433 potuimus

305 437 533 477 quovismodo,
552 437 746 474 relaxamus,
764 437 964 477 eosdemque
991 438 1192 468 Executores
1209 441 1243 468 et
1260 448 1374 468 eorum
1399 437 1586 477 quemlibet
1609 448 1686 476 erga

307 482 516 511 Successores
533 484 663 509 nostros
680 480 859 520 Epist-opos
882 491 919 511 ac
936 481 1139 511 Executores
1163 485 1293 511 nostros
1317 481 1507 519 liberamus,
1525 491 1681 511 exonera-

306 534 393 562 mus,
423 523 661 563 acquietamus,
691 528 725 554 et
751 524 1000 563 imperpetuum
1032 525 1163 564 quietos
1194 525 1377 555 clamamus
1409 535 1465 564 per
1498 525 1684 562 Presentes,

305 568 410 607 sigillo
429 571 540 597 nostro
557 567 712 606 signatas,
737 567 770 596 in
796 568 894 597 fidem
919 571 953 597 et
977 569 1209 599 testimonium
1225 568 1375 599 omnium
1392 568 1688 608 premissorum.—

306 612 415 642 Dated
432 613 467 640 at
484 610 681 650 Chudleigh,
701 611 716 640 1
735 610 834 641 June.

261 655 356 697 [This
375 656 564 685 Document
579 664 645 684 was
661 655 814 694 repeated
830 664 888 695 per
904 653 1069 685 incuriam
1085 665 1127 685 011
1144 655 1222 686 folio
1241 654 1330 694 2112]

152 744 214 808 [325¹-
261 744 475 793 Stapeldon
513 742 613 787 Hali,
650 741 794 779 Oxford
810 755 819 787 3
850 742 984 779 Litera
1015 742 1252 780 Cancellarii
1288 743 1510 781 Ozomenes
1544 757 1690 780 excusa-

201 799 206 803 ”
318 799 429 842 toria,
455 795 738 848 [Cancellart'us
761 796 943 844 Getasque
968 797 1166 834 unanimis
1196 798 1477 846 Allayistrorum
1500 798 1691 835 Universz'-

318 853 411 889 tatis
433 848 952 901 offiniensis—marginfflffl

264 906 463 943 Venerabili,
475 909 547 942 etc.‚
561 905 697 943 Thome,
713 904 833 934 Divina
850 904 1065 935 Providencia
1083 905 1261 936 Exoniensi
1279 905 1451 945 Episcopo,
1467 905 1691 936 Cancellarius

308 949 544 981 Universitatis
565 948 760 979 Oxoniensis
786 947 989 988 [NVillelmus
1021 949 1061 979 de
1088 948 1343 989 Remyngtone],
1370 950 1543 989 Cetusque
1567 950 1688 990 Magis-

308 997 437 1025 trorum
462 992 623 1033 ejusdem,
641 1002 718 1022 cum
742 1002 801 1022 sua
824 992 1149 1022 recommendacione
1172 993 1359 1033 perhumili,
1376 993 1521 1023 salutem
1538 996 1573 1023 et
1589 994 1689 1034 septi-

308 1037 449 1067 formem
467 1036 612 1076 Spiritus
631 1035 1207 1075 Unccionem.—Experimentaliter
1228 1036 1298 1076 jam
1317 1036 1494 1066 didicimus
1512 1038 1601 1076 quod
1619 1037 1689 1077 qui-

308 1081 384 1111 dam
401 1079 589 1120 iniquitatis
608 1079 674 1115 filii,
692 1080 771 1109 dum
790 1079 858 1109 suis
875 1079 1116 1109 ambicionibus
1140 1087 1174 1110 et
1199 1080 1373 1110 maliciosis
1390 1080 1563 1110 conatibus
1580 1081 1690 1111 obvia-

309 1127 376 1161 tur,
393 1123 516 1153 invidie
541 1123 686 1153 stimulis
707 1122 834 1162 agitati,
851 1133 910 1152 sue
934 1123 1109 1162 pravitatis
1132 1123 1303 1153 molimina.
1325 1127 1481 1163 pretextu
1507 1123 1641 1163 pietatis
1658 1127 1693 1154 et

313 1166 470 1207 equitatis
493 1166 714 1203 obnubul-int,
730 1176 775 1203 ac,
794 1169 833 1196 ut
851 1166 1069 1196 Dominorum
1087 1166 1328 1197 benivolenciae
1345 1167 1509 1197 efficacius
1525 1178 1690 1207 aucupen-

311 1214 376 1247 tui,
400 1220 566 1250 suumque
591 1191 797 1249 pioposituin
822 1209 959 1240 celerius
983 1214 1239 1250 consequantur,
1261 1210 1530 1250 suggestionibus
1555 1211 1691 1241 minime

310 1254 395 1284 veris
412 1263 506 1283 aures
522 1253 714 1292 poteneium
733 1256 846 1282 contra
862 1253 942 1282 alios
960 1256 1141 1292 provocant
1155 1255 1197 1284 ad
1215 1254 1383 1292 offensam,
1397 1253 1510 1294 sicque
1526 1255 1692 1285 maculare

310 1300 474 1328 conantur
496 1296 723 1326 innocenciam
743 1296 893 1326 alienam.
943 1297 1137 1336 Eapropter‚
1155 1308 1196 1327 ne
1220 1297 1348 1327 falsitas
1372 1297 1540 1337 prevaleat
1557 1298 1693 1328 veritati

309 1345 343 1371 et
368 1343 477 1371 vestra
504 1339 700 1379 benignitas,
728 1339 948 1379 malignorum
972 1340 1182 1370 suasionibus
1207 1340 1442 1378 circumventa,
1471 1351 1530 1380 pro
1553 1341 1693 1372 facturis

309 1384 432 1414 nostris
455 1383 707 1423 quomodolibet
730 1383 890 1421 irritetur,
909 1383 986 1413 stilo
1010 1383 1154 1414 veridico
1178 1383 1271 1414 vobis
1294 1384 1461 1414 insinuare
1484 1384 1692 1416 decrevimus

308 1427 519 1466 infrascripta
536 1437 543 1464 ;
566 1426 731 1464 videlicet,
749 1427 839 1466 quod
863 1427 1047 1457 secundum
1073 1428 1209 1458 Statuta
1231 1427 1368 1466 Collegii
1385 1427 1487 1458 vestri
1508 1429 1550 1458 de
1571 1429 1691 1468 Stapil-

309 1472 404 1509 done,
422 1471 463 1500 ad
480 1481 544 1509 que
567 1470 671 1510 jurati
694 1473 775 1500 sunt
798 1480 912 1500 omnes
933 1470 1019 1500 Socii
1035 1469 1196 1509 ejusdem,
1216 1471 1438 1501 Cancellarius
1457 1471 1692 1502 Universitatis

310 1514 506 1546 Oxoniensis
522 1514 579 1554 qui
597 1525 655 1554 pro
672 1518 820 1553 tempore
838 1514 940 1543 fuerit
964 1514 1137 1544 Rectorem
1162 1514 1286 1544 ibidem
1310 1514 1455 1545 electum
1470 1515 1691 1554 confirmabit,

308 1569 346 1588 ac
362 1558 464 1588 eciam
481 1558 625 1587 duorum
643 1557 841 1587 habencium
860 1567 977 1587 vocum
991 1557 1208 1597 equalitatem
1221 1557 1365 1588 alterum
1381 1558 1481 1598 juxta
1497 1569 1556 1589 sue
1572 1559 1690 1590 discre-

311 1602 413 1632 cionis
429 1600 607 1631 arbitrium
624 1600 809 1640 acceptabit
826 1610 834 1638 3
858 1611 984 1631 necnon
1002 1606 1036 1631 et
1052 1601 1085 1630 in
1103 1601 1306 1641 quibusdam
1328 1601 1399 1631 aliis
1423 1602 1566 1632 casubus
1589 1603 1690 1633 inter-

308 1648 418 1685 ponet,
444 1650 604 1684 tanquam
621 1644 676 1674 ille
693 1644 752 1684 qui
769 1644 993 1674 verisimiliter
1017 1644 1120 1683 magis
1143 1645 1309 1683 cognoscit
1331 1645 1540 1676 condiciones
1562 1649 1597 1676 et
1620 1657 1691 1686 per-

307 1698 463 1718 sonarum
491 1687 618 1718 merita.
666 1687 755 1718 Hinc
782 1690 832 1718 est
860 1687 951 1727 quod
978 1698 1085 1727 nuper
1109 1688 1362 1719 Commissarius
1386 1688 1580 1719 cancellarii
1604 1690 1691 1720 dicte

308 1732 545 1763 Universitatis
561 1734 683 1770 nostre,
699 1731 833 1771 juratus
850 1731 891 1761 ad
907 1731 1051 1761 fideliter
1067 1732 1300 1771 exequendum
1321 1743 1358 1762 ea
1381 1742 1446 1772 que
1470 1732 1512 1762 ad
1537 1733 1691 1764 Officium

309 1775 503 1807 cancellarii
520 1775 690 1814 pertinent
713 1774 754 1805 ab
778 1775 928 1814 antiquo,
945 1778 980 1804 et
1003 1775 1210 1814 perpendens
1234 1775 1396 1815 quosdam
1419 1776 1558 1806 subdole
1574 1787 1690 1816 procu-

306 1829 393 1849 rasse
412 1818 684 1849 Commissionem
703 1829 721 1848 a
735 1818 836 1855 vobis,
854 1821 1009 1857 pretextu
1035 1818 1131 1858 cujus
1156 1819 1352 1849 nitebantur
1368 1829 1474 1849 unum
1491 1819 1690 1851 inhumilem

307 1862 461 1901 preficere
485 1863 660 1892 Rectorem
685 1861 766 1892 dicti
791 1861 938 1901 Collegii,
955 1865 990 1891 et
1015 1862 1256 1892 cancellarium
1283 1862 1458 1892 excludere
1482 1874 1499 1893 a
1522 1863 1598 1903 jure
1619 1875 1689 1903 suo,

306 1906 455 1936 inhibuit
470 1905 531 1936 hoc
555 1905 626 1935 fieri
643 1916 650 1943 ;
668 1905 702 1935 in
719 1905 812 1935 nullo
829 1905 942 1935 volens
966 1916 1023 1935 seu
1047 1905 1226 1936 intendens
1249 1906 1520 1946 jurisdiccionein
1543 1910 1689 1938 vestram

306 1949 425 1987 ledere,
443 1949 638 1987 diminuere,
658 1948 709 1979 vel
724 1948 895 1988 impedire,
912 1952 963 1979 set
976 1948 1099 1988 pocius,
1117 1950 1302 1979 secundum
1320 1950 1495 1989 antiquam
1513 1955 1689 1981 consuetu-

305 1993 428 2031 dinem,
457 1993 492 2022 in
519 1992 674 2022 omnibus
701 1992 882 2022 observare.
935 1992 1044 2029 Quare
1067 1995 1213 2023 vestram
1238 1993 1512 2024 Dominacionem
1536 1994 1691 2025 obnixius

305 2036 522 2076 deprecamur
537 2036 707 2076 quatinus,
726 2035 805 2065 facti
822 2035 1081 2066 circumstanciis
1098 2046 1184 2075 equo
1201 2036 1377 2066 libramine
1394 2037 1594 2076 ponderatis,
1614 2048 1688 2068 con-

306 2083 359 2110 tra
374 2079 503 2110 dictum
521 2079 793 2110 Commissarium
813 2079 864 2109 vel
887 2089 947 2109 nos
971 2089 1037 2109 non
1055 2079 1246 2119 concipiatis
1270 2080 1511 2119 indignacionis
1532 2081 1690 2121 spiritum

306 2126 367 2153 aut
383 2123 538 2161 rancoris,
555 2133 638 2163 quos
655 2122 853 2153 recusabiles
870 2122 981 2152 reddit
998 2123 1200 2153 consciencia
1217 2123 1377 2153 veritatis.
1436 2124 1523 2154 Nam
1548 2125 1687 2164 noverit,

308 2167 335 2196 si
351 2166 468 2206 placet,
485 2169 595 2196 vestra
613 2166 777 2196 Discrecio
794 2166 1031 2205 circumspecta
1047 2166 1137 2205 quod
1161 2166 1194 2196 in
1213 2166 1304 2196 nullo
1321 2166 1390 2206 juri
1407 2171 1517 2197 vestro
1535 2168 1689 2198 volumus

307 2210 462 2250 derogare
486 2220 546 2240 nec
569 2210 716 2240 Scolares
741 2212 866 2239 vestros
883 2209 1020 2239 odibiles
1040 2209 1132 2239 vobis
1156 2210 1302 2248 reddere,
1320 2220 1404 2249 quos
1428 2210 1596 2241 immunes
1620 2222 1689 2242 esse

308 2254 475 2284 credimus
499 2253 540 2283 ab
564 2253 696 2283 offensa.
744 2253 832 2291 Illos,
850 2263 935 2292 ergo,
954 2253 1145 2291 dignemini,
1163 2252 1205 2282 ob
1230 2256 1343 2282 eterne
1368 2253 1435 2283 vite
1459 2254 1629 2291 meritum,
1647 2255 1687 2285 ad

308 2299 451 2327 vestram
477 2296 734 2326 benivolenciam
761 2296 949 2333 admittere,
974 2296 1062 2326 sicut
1085 2296 1174 2326 olim.
1228 2296 1281 2326 Ad
1311 2296 1450 2326 Ecclesie
1477 2297 1543 2328 Sue
1567 2298 1690 2329 Sancte

308 2339 558 2370 firmamentum
576 2339 706 2369 diucius
730 2350 786 2369 vos
810 2343 982 2369 conservet
1005 2342 1040 2369 et
1063 2339 1184 2379 dirigat
1208 2339 1284 2379 Ipsa
1307 2339 1453 2369 Trinitas
1476 2340 1622 2371 increata
1639 2343 1689 2371 !—

308 2383 438 2423 Scripta
455 2383 590 2421 Oxonie,
608 2383 662 2423 iij0
678 2383 731 2412 die
747 2382 851 2414 Junii.

157 2470 215 2500 [f0¹·
266 2471 470 2520 Episcopal
492 2470 704 2508 Visitation
722 2484 732 2517 3
763 2471 998 2507 Mandatum
1027 2476 1159 2506 contra
1181 2469 1371 2518 Offiriales
1391 2471 1689 2511 ,archidiacono-

156 2505 210 2534 23]
318 2538 406 2561 rum
425 2524 583 2561 visitare
602 2531 868 2571 attemptantes
886 2525 1051 2560 durante
1082 2523 1308 2560 Visitacz'one
1328 2525 1559 2570 Domini,—

266 2579 471 2616 Reverendo,
498 2582 576 2614 etc.,
604 2578 740 2616 Timum,
767 2582 840 2614 etc..
864 2588 945 2608 suus
968 2577 1105 2607 humilis
1129 2576 1283 2608 Officialis
1308 2578 1540 2610 Archidiaconi
1566 2581 1685 2612 Barna-

308 2621 457 2661 stapolie,
475 2621 710 2658 obedienciam,
727 2621 1037 2651 ete—Mandatum
1056 2624 1204 2650 vestrum
1224 2621 1444 2652 reverendum
1462 2623 1577 2663 recepi,
1596 2628 1686 2655 teno-

309 2675 377 2694 rem
402 2665 576 2694 continens
599 2665 868 2704 subsequentem,
874 2664 1069 2700 -—'[*l10mas‚
1086 2667 1158 2702 etc.5
1176 2663 1332 2694 omnibus
1355 2670 1389 2695 et
1411 2665 1550 2705 singulis
1573 2667 1687 2699 Archi-

309 2707 456 2738 diaconis
493 2708 615 2737 nostris
646 2708 679 2737 in
714 2707 857 2737 Ecclesia
896 2710 1007 2737 nostra
1038 2687 1228 2744 Ebmniensi,
1260 2710 1294 2737 et
1324 2718 1439 2738 eorum
1471 2709 1684 2750 Officialibus‚

307 2751 462 2788 salutem,
495 2754 558 2781 etc.
563 2751 813 2790 —Disponente
844 2749 1026 2787 AltissimO,
1058 2749 1224 2780 Diocesim
1262 2761 1299 2780 ac
1338 2751 1423 2782 Loca
1461 2755 1496 2784 et
1526 2754 1688 2786 Pe1sonas

311 2793 512 2833 ubicumque
529 2793 622 2823 nobis
639 2794 792 2824 subditas
809 2804 865 2833 per
882 2796 1010 2823 nostras
1033 2792 1115 2823 certi
1139 2793 1263 2824 tenoris
1280 2793 1418 2834 Literas,
1437 2795 1529 2827 vobis
1545 2797 1688 2829 directas
