1987 3062
406 246 694 280 REGISTRUM
731 245 1189 280 COMMUNE—-ANNO
1231 236 1321 278 110.
1545 232 1637 278 427

101 350 175 376 A-D·
253 353 288 381 et
305 349 378 381 loco
396 350 598 383 mandatum
616 351 684 383 fuit
702 351 847 384 Officiali
866 351 1110 383 Archidiaconi
1130 349 1301 383 cornubie
1321 350 1363 381 de
1381 349 1565 381 relaxando
1587 349 1642 381 ffic-

102 386 199 443 {330}
251 397 429 433 questrum
457 394 541 425 alias
567 395 810 436 interpositum
835 395 871 426 in
897 393 1068 426 fructibus
1096 393 1247 425 Ecclesie
1274 393 1438 434 predicte,
1467 392 1642 424 occasione

252 436 408 469 absencie
425 437 582 470 Rectoris
600 439 763 480 ejusdem.

210 520 292 558 The
313 521 486 571 Subsidy
506 521 675 570 granted
695 521 748 571 by
769 522 836 559 the
857 521 1000 571 Clergy
1021 526 1062 558 to
1083 521 1150 558 the
1172 521 1279 569 King
1295 533 1305 566 3
1336 519 1572 556 Mandatum
1597 519 1642 556 (Ie

267 576 475 623 exequendo
496 588 608 622 snper
628 575 812 612 solucione
833 575 924 612 cert-d
946 575 1129 620 subsidii,
1154 574 1309 611 concessi
1328 573 1495 610 Domino
1516 580 1642 610 nostro

268 629 433 677 Rem,—

211 681 368 722 Thomas,
394 685 473 721 etc.,
499 681 698 713 Pseeent-ori
720 680 873 712 Ecclesie
895 684 1011 713 nostre
1033 680 1246 719 Exoniensffi,
1274 690 1313 711 ac
1337 678 1548 711 Officialibus
1573 682 1645 710 tam

254 728 369 756 nostre
394 735 497 766 quam
522 725 652 756 Decani
677 729 711 756 et
736 724 888 766 Capituli
913 723 1195 765 singulorumque
1220 723 1470 755 Canonicorum
1495 721 1647 753 Ecclesie

249 771 364 799 nostre
382 768 535 809 predicte
554 768 843 800 Jurisdiccionum
862 767 1093 799 Peculiarium
1113 769 1146 798 in
1168 767 1321 798 Dcvonia
1337 779 1343 804 ;
1364 776 1503 799 necnon,
1523 766 1567 796 Al
1575 765 1643 796 01ιί-

255 811 475 843 diaconorum
497 815 694 843 nostrorum
716 811 857 850 Exonie,
883 811 1054 850 Tottonie,
1080 814 1115 842 et
1137 809 1399 851 Barnastapolie
1422 808 1645 847 officialibus,

257 854 411 891 salutem,
445 855 680 896 eto—Nuper
709 854 951 895 deputavimus
980 854 1153 886 Abbatem
1184 854 1225 887 de
1255 853 1490 894 Donkyswille
1523 853 1648 885 Collec-

256 901 366 928 torcm
384 897 534 929 Subsidii
552 897 662 928 ultimi
680 908 741 938 per
758 897 914 929 Prolatos
932 902 967 929 et
985 897 1132 937 Clerum,
1154 897 1187 928 in
1206 895 1369 927 Partibus
1388 896 1553 935 Devonie,
1574 906 1647 935 prc-

256 940 348 972 dicto
368 941 516 972 Domino
535 945 652 972 nostro
673 942 760 982 Regi
781 941 942 979 concessi,
964 944 1069 981 prout
1088 940 1124 971 in
1144 939 1388 972 Commissione
1410 950 1470 980 per
1490 950 1550 971 nos
1570 940 1649 971 inde

257 983 321 1015 sibi
342 984 434 1016 facta
454 984 588 1025 plenius
607 985 812 1016 continetur.
860 984 918 1025 Et,
940 984 1031 1021 licet,
1055 988 1096 1016 ut
1117 985 1344 1025 concepimus,
1369 983 1566 1024 hujusmodi
1587 993 1649 1015 sua

256 1027 458 1058 Commissio
478 1028 514 1058 in
536 1027 699 1059 Partibus
722 1028 885 1069 predictis
905 1028 971 1058 rite
992 1027 1098 1058 fuerit
1119 1026 1305 1068 publicata,
1330 1027 1495 1061 nonnulli,
1520 1030 1646 1063 tamen,

262 1071 461 1102 Beneficiati
489 1076 521 1102 et
549 1071 616 1107 alii,
647 1074 719 1102 tam
746 1071 876 1102 Vicarii
902 1072 937 1102 111
962 1070 1115 1101 Ecclesia
1142 1074 1261 1101 nostra
1287 1070 1424 1111 prefata
1450 1074 1484 1101 et
1512 1069 1546 1100 in
1574 1068 1651 1100 aliis

257 1113 400 1146 diversis
419 1113 581 1146 Ecclesiis
602 1114 811 1155 Collegiatis,
836 1124 939 1155 quam
959 1112 1018 1144 alii
1037 1111 1230 1153 presbiteri,
1253 1113 1431 1154 porciones
1454 1123 1509 1144 eos
1530 1112 1565 1143 in
1586 1111 1649 1142 hac

262 1161 359 1198 parte
382 1157 604 1198 singulariter
625 1161 865 1190 concernentes
888 1158 979 1189 dicto
1003 1157 1185 1189 Collectori
1208 1167 1275 1187 non
1298 1159 1420 1186 curant
1444 1154 1585 1194 solvere,
1612 1158 1652 1186 ut

259 1200 432 1235 deberent,
458 1201 492 1231 in
518 1201 626 1231 nostri
652 1204 686 1231 et
711 1200 967 1232 Commissionis
992 1204 1107 1232 nostre
1131 1199 1328 1240 hujusmodi
1354 1199 1451 1239 quasi
1476 1202 1648 1239 contemp-

258 1247 344 1284 tum,
366 1254 404 1275 ac
423 1244 561 1275 Domini
580 1244 687 1275 nostri
705 1243 810 1284 Regis
827 1247 862 1275 et
879 1243 990 1284 Regni
1008 1243 1237 1283 prejudicium
1255 1243 1486 1273 manifestum.
1528 1241 1647 1281 Vobis,

257 1286 376 1328 igitur,
409 1287 633 1327 conjunctim,
667 1290 701 1319 et
730 1290 885 1319 vestrum
916 1285 1057 1318 cuilibet
1089 1286 1238 1325 divisim,
1273 1286 1532 1323 committimus,
1566 1288 1647 1323 ete,

112 1329 161 1355 sol.
176 1329 236 1356 821).
259 1331 433 1371 quatinus,
455 1329 619 1371 legitimis
638 1328 891 1362 Monicionibus
912 1329 1097 1370 premissis,
1120 1339 1181 1369 per
1201 1328 1370 1361 Censuras
1391 1328 1650 1359 Ecclesiasticas

260 1382 335 1413 qua.
366 1383 490 1414 umque
516 1373 624 1404 indies
651 1372 863 1413 compellatis
890 1372 1015 1413 singuli
1041 1375 1206 1409 vestrum,
1234 1371 1395 1403 videlicet
1422 1372 1454 1402 in
1484 1371 1649 1403 Jurisdic«

261 1380 414 1452 01011ἶῖ1115
443 1415 540 1447 vobis
571 1416 769 1456 commissis,
803 1425 918 1447 omnes
947 1419 982 1446 et
1011 1414 1163 1456 singulas
1192 1415 1360 1446 Personas
1391 1413 1650 1445 Ecclesiasticas

258 1458 427 1499 Beneffiia
446 1463 566 1490 taxata
587 1459 629 1489 ad
651 1469 709 1489 sex
727 1469 870 1497 marcas³
894 1462 953 1489 aut
974 1458 1065 1488 infra-
1083 1457 1137 1489 vel
1159 1457 1260 1491 ultra.
1284 1458 1319 1488 in
1339 1456 1649 1489 Jurisdiccionilms

258 1501 494 1532 l'vouliaribus
511 1506 545 1533 et
562 1500 908 1533 Archidiaconatibus
925 1500 1089 1541 predictis
1108 1499 1364 1540 quomodolibet
1382 1499 1586 1537 obtinentes,
1607 1499 1650 1530 ad

259 1544 540 1576 satisfaciendum
559 1544 712 1584 indilate,
736 1545 824 1575 citra
842 1544 984 1575 Festum
1004 1543 1038 1574 N
1041 1544 1213 1575 ativitatis
1233 1543 1351 1575 Sancti
1371 1543 1395 1575 J
1397 1542 1540 1575 ohannis
1560 1544 1650 1584 Bap-

260 1588 342 1619 tiste
361 1587 516 1628 proximo
537 1587 705 1627 futurum,
729 1586 911 1619 Collectori
931 1586 1096 1627 predicto,
1120 1586 1161 1618 de
1182 1586 1325 1627 singulis
1346 1587 1469 1617 marcis
1490 1586 1652 1618 videlicet

259 1631 507 1663 Beneficiorum
535 1641 686 1670 suorum,
715 1633 818 1671 prout
846 1630 1037 1671 antiquitus
1065 1633 1188 1661 taxata
1214 1630 1365 1668 fuerunt,
1397 1629 1567 1661 sexdecim
1594 1629 1649 1661 de-

258 1674 383 1715 narios,
413 1672 541 1715 absque
568 1673 797 1705 diminucione
823 1682 1060 1714 quacumque;
1093 1683 1132 1704 ac
1159 1672 1243 1704 alias
1270 1672 1449 1711 Personas,
1479 1672 1652 1704 Beneficia

259 1728 327 1748 non
344 1720 464 1748 taxata
483 1716 687 1753 obtinentes,
710 1716 751 1747 de
770 1715 902 1748 duabus
920 1715 1078 1757 partibus
1096 1716 1168 1748 veri
1187 1715 1313 1747 valoris
1331 1716 1526 1755 eorundem,
1549 1719 1652 1756 prout

258 1761 352 1799 juste
366 1760 483 1792 valent
499 1760 662 1799 estimari,
681 1759 723 1791 de
739 1759 882 1801 singulis
898 1760 1022 1792 marcis
1039 1759 1146 1791 eciam
1163 1769 1223 1791 sex
1239 1758 1405 1799 denarios,
1424 1758 1527 1790 nullis
1543 1759 1650 1790 oneri-

257 1802 322 1835 bus
342 1803 572 1845 predeductis,
594 1803 659 1835 nisi
679 1807 847 1844 quatenus
866 1802 1015 1834 Persone
1036 1802 1232 1844 supradicte
1253 1803 1387 1844 prefato
1409 1801 1550 1837 Abbati,
1575 1800 1649 1834 Col-

264 1847 395 1885 lectori,
422 1847 652 1879 satisfecerint
673 1848 707 1878 in
729 1847 840 1878 forma
861 1848 1063 1887 prenotata:
1097 1856 1238 1881 necnon,
1265 1846 1417 1887 singulos
1440 1846 1597 1878 Vicarios
1620 1849 1654 1877 et

260 1889 472 1931 capellanos,
493 1894 565 1922 tam
583 1890 618 1921 in
638 1889 792 1921 Ecclesia
810 1893 929 1921 nostra
949 1888 1146 1920 Cathedrali
1167 1893 1201 1921 et
1221 1889 1254 1920 in
1275 1889 1418 1930 singulis
1439 1888 1648 1929 Collegiatis,

259 1943 362 1974 quam
386 1932 469 1964 alibi
492 1934 528 1964 in
551 1931 860 1965 Jurisdiccionibus
886 1936 919 1964 et
944 1931 1302 1963 Archidiaconatubus
1328 1932 1502 1972 predictis,
1532 1932 1651 1974 Capel-

256 1976 344 2008 lanis
356 1976 539 2017 Religiosis
557 1975 738 2008 dumtaxat
755 1975 918 2016 exceptis,
934 1975 1150 2011 constitutos,
1167 1975 1209 2006 ad
1228 1975 1509 2006 satisfaciendum
1527 1985 1650 2006 memo-

256 2024 330 2051 rato
344 2019 523 2051 Uc-llect-ori
537 2019 576 2050 de
590 2018 723 2050 duobus
735 2018 852 2049 solidis
864 2017 992 2049 usualis
1005 2021 1150 2050 monete.
1165 2018 1228 2048 nisi
1250 2020 1418 2058 quatenus
1438 2028 1499 2059 per
1517 2017 1651 2050 cosdem

259 2062 367 2094 eidem
390 2061 571 2094 Collectori
593 2065 695 2093 antea
715 2061 821 2093 fuerit
844 2061 1070 2093 satisfactum.
1121 2060 1274 2092 Scientes
1297 2061 1388 2102 quod
1411 2061 1522 2093 nullos
1546 2061 1650 2092 Bene-

256 2106 388 2137 ficiatos
408 2116 468 2136 nec
489 2103 702 2136 Presbiteros
723 2104 765 2135 ad
785 2103 934 2135 valorem
957 2113 1014 2134 sex
1035 2114 1227 2134 marcarum
1248 2104 1424 2135 annuatim
1444 2105 1479 2135 in
1500 2104 1595 2135 victu
1617 2107 1652 2135 ct

260 2149 389 2180 vestitu
413 2147 640 2188 percipientes
666 2147 701 2177 in
725 2145 788 2177 hac
814 2150 911 2187 parte
936 2144 1055 2177 haberi
1082 2145 1239 2177 volumus
1266 2149 1456 2177 excusatos.
1505 2146 1561 2178 Ad
1586 2156 1652 2187 que

0 2192 1 2202 ³
262 2191 375 2222 omnia
393 2194 428 2222 et
447 2189 580 2231 singula
600 2189 766 2229 facienda,
788 2199 918 2220 necnon
940 2188 982 2220 ad
1002 2188 1243 2230 inquirendum
1265 2188 1458 2229 specialiter
1477 2200 1538 2230 per
1558 2191 1650 2222 viros

0 2210 3 2296 1
260 2233 460 2275 fidedignos,
489 2243 602 2264 coram
627 2231 737 2271 vobis,
765 2232 908 2273 singulis
934 2232 1094 2264 videlicet
1119 2233 1153 2264 in
1178 2232 1488 2265 Jurisdiccionibus
1512 2234 1648 2271 vestris,

261 2278 406 2317 juratos
438 2276 479 2308 de
504 2286 584 2307 vero
611 2274 726 2307 valore
754 2274 924 2306 dictorum
952 2274 1199 2306 Beneficiorum
1228 2286 1295 2306 non
1321 2280 1529 2311 taxatorum,
1560 2277 1651 2307 vices

258 2323 393 2351 nostras
409 2318 666 2356 committimus,
684 2328 761 2349 cum
775 2316 961 2358 cujuslibet
975 2316 1183 2349 cohercionis
1199 2316 1368 2350 Canonice
1383 2321 1563 2359 potestate.
1613 2318 1658 2350 Et

262 2363 344 2404 quid
362 2363 396 2394 in
413 2361 587 2403 premissis
604 2361 764 2397 feceritis,
785 2371 823 2392 ac
841 2360 912 2400 [de]
929 2359 1030 2391 modo
1049 2364 1084 2392 et
1100 2360 1213 2391 forma
1229 2361 1441 2393 execucionis
1460 2366 1572 2394 vestre
1590 2372 1652 2402 per

261 2417 323 2437 vos
345 2406 551 2437 auctoritate
573 2407 689 2435 nostra
712 2404 746 2434 in
767 2402 830 2434 hac
853 2406 953 2443 parte
973 2403 1074 2441 facte,
1100 2403 1292 2443 predictum
1316 2403 1497 2441 Abbatem,
1525 2406 1651 2438 Collec-

258 2454 366 2480 1010111
388 2447 538 2480 Subsidii
559 2446 702 2488 predicti
710 2472 715 2481 ,
741 2446 795 2477 die
815 2445 979 2477 Mercurii
1002 2445 1155 2485 proximo
1178 2450 1257 2477 ante
1278 2447 1416 2479 Festum
1442 2448 1648 2482 Nativitatis

264 2492 381 2523 Sancti
406 2490 574 2523 Johannis
601 2489 758 2530 predicti,
787 2489 950 2520 distincte
975 2492 1010 2521 et
1034 2492 1151 2530 aperte
1178 2489 1384 2531 certificetis,
1414 2491 1562 2531 divisim,
1592 2502 1653 2533 per

263 2536 409 2575 Literas,
433 2532 661 2565 etc.—Dated
681 2532 835 2573 London‚
860 2533 900 2564 27
922 2532 1016 2574 May.
1427 2532 1430 2534 ’

119 2621 206 2654 Jum-
226 2618 488 2667 Illegitimacy
510 2630 520 2664 3
568 2615 816 2664 Dispensacio
853 2628 936 2652 cum
973 2614 1184 2664 illeyz'timo,
1235 2616 1419 2654 Willelmo
1464 2619 1649 2666 Kendak,

120 2662 157 2681 us
278 2672 477 2715 clerico,—

217 2733 259 2748 ss
282 2726 298 2738 “
313 2725 353 2756 de
371 2723 480 2755 soluto
500 2722 635 2763 genitus
653 2725 687 2753 et
705 2720 828 2759 soluta,
848 2724 887 2752 ut
905 2720 1015 2761 possit
1033 2720 1075 2751 ad
1093 2731 1208 2753 omnes
1226 2721 1376 2754 Minores
1396 2728 1430 2756 et
1449 2721 1568 2757 Sacros
1586 2725 1648 2758 Or-

263 2768 359 2800 dines
389 2765 594 2807 promoveri,
626 2768 662 2796 et
690 2763 901 2795 Beneficium
931 2762 1222 2805 Ecclesiasticum,
1255 2765 1362 2797 eciam
1393 2771 1561 2807 curatum,
1595 2769 1651 2801 ob-

265 2812 376 2843 tinere
389 2810 404 2827 ''
432 2808 596 2851 (London‚
622 2810 642 2839 6
664 2807 778 2848 June).
