1987 3062
293 251 387 293 362

290 360 324 385 A.
330 360 366 387 D.

290 393 365 420 1375.

290 427 354 453 Vol.
373 427 396 453 Ι.

284 1014 332 1040 sol.
347 1016 388 1040 62.

278 1934 376 1960 Ocro-

278 1976 344 1994 BER.

274 2162 322 2188 fol.

274 2196 335 2222 62b.

508 263 607 295 THE
633 263 877 298 REGISTER
901 263 960 296 oF
985 262 1164 298 BlsHoP
1189 263 1592 299 BRANTYNGHAM.

442 366 579 405 faciatis,
597 367 826 407 peremptorie,
847 368 1009 405 Rectores,
1028 367 1173 397 Vicarios
1197 367 1417 398 Ecclesiarum
1443 368 1684 400 Parochialium
1709 379 1822 399 omnes

445 413 479 440 et
498 410 655 449 singulos,
679 411 712 441 in
738 411 826 440 dicto
843 410 1122 441 Archidiaconatu
1149 411 1288 441 ubilibet
1311 412 1522 450 constitutos,
1540 423 1667 443 necnon
1692 412 1819 442 Presbi-

446 456 534 483 teros
552 454 775 484 Porcionarios
797 454 998 484 parochiales
1016 454 1186 484 Cantarias
1203 454 1373 493 habentes,
1392 455 1630 494 Annivelarios,
1648 459 1681 486 et
1698 459 1822 486 ceteros

442 507 670 536 quoscumque
694 497 859 527 dictarum
886 497 1105 527 Ecclesiarum
1130 508 1187 527 seu
1214 498 1422 537 Capellarum
1448 499 1589 529 ubilibet
1605 499 1691 529 infra
1707 499 1820 529 Archi-

441 540 654 570 diaconatum
671 541 858 579 predictum
883 540 1021 570 sitarum
1050 540 1243 578 Ministros;
1268 550 1406 578 necnon,
1424 542 1464 571 de
1488 542 1639 582 qualibet
1665 541 1821 572 Parochia

441 586 507 613 tres
525 583 574 612 vel
592 588 737 623 quatuor
754 583 840 613 viros
856 583 1040 623 fidedignos
1057 587 1091 613 et
1108 583 1235 621 legales,
1254 583 1350 624 juxta
1374 585 1536 615 Locorum
1560 585 1762 625 exigenciam
1787 589 1822 615 et

442 626 584 656 Ecclesie
602 630 712 656 nostre
730 626 925 657 Exoniensis
950 627 1237 657 Consuetudinem
1262 628 1422 658 hactenus
1445 629 1614 666 usitatam,
1633 629 1674 658 de
1699 628 1820 668 populo

439 669 554 707 laicali,
573 670 661 709 quod
679 674 893 709 compareant
909 680 1017 700 coram
1036 670 1139 708 nobis,
1158 671 1208 700 vel
1227 671 1311 700 vices
1336 675 1464 702 nostras
1487 672 1680 711 gerentibus
1704 672 1736 701 in
1761 672 1822 702 hac

440 716 542 752 parte,
567 713 685 743 diebus
709 717 743 743 et
767 713 844 743 locis
867 713 901 743 in
927 713 1053 744 Cedula
1077 714 1292 743 Presentibns
1315 725 1443 744 annexa
1466 715 1673 754 expressatis,
1698 714 1816 755 hujus-

439 756 528 786 modi
544 756 755 787 Visitacionis
770 760 882 787 nostre
906 756 1059 787 Officium
1085 757 1246 787 Canonice
1270 757 1439 795 subituri;
1466 759 1686 798 Rectoresque
1710 758 1819 788 Eccle-

438 799 571 837 siarum,
605 799 734 837 Vicarii,
763 802 797 829 et
823 800 923 830 ceteri
954 800 1243 840 qualitercumque
1273 800 1448 838 intitulati,
1481 811 1606 831 necnon
1640 801 1819 831 Presbiteri

438 842 654 881 Parochiales,
672 854 708 873 ac
725 853 840 873 omnes
856 843 911 872 alii
928 846 962 873 et
978 843 1099 882 singuli
1116 843 1149 873 in
1167 843 1290 874 Ordine
1305 844 1507 874 Sacerdotali
1524 845 1711 882 constituti,
1729 844 1816 875 Lite-

436 896 487 916 ras
522 886 761 916 Beneficiorum
788 896 924 916 suorum
956 890 990 917 et
1014 886 1178 917 Ordinum
1210 886 1403 926 hujusmodi
1435 887 1628 924 exhibituri,
1657 891 1691 918 et
1722 898 1815 917 veras

437 929 545 969 copias
562 930 743 960 earundem
761 940 868 959 coram
887 929 990 967 nobis,
1010 932 1070 960 aut
1086 929 1158 960 aliis
1175 941 1192 959 ιι
1216 930 1310 960 nobis
1327 931 1538 970 deputandis,
1556 931 1688 961 realiter
1704 931 1816 961 dimis-

435 973 502 1003 suri
522 982 529 1010 ;
545 972 665 1003 facturi
684 976 717 1003 et
733 973 908 1012 recepturi,
926 973 1148 1002 communiter
1165 976 1198 1003 et
1215 973 1357 1012 divisim,
1375 974 1465 1013 quod
1482 974 1677 1014 hujusmodi
1695 974 1815 1004 Visita-

437 1016 539 1046 cionis
564 1016 717 1047 Officium
741 1016 775 1045 in
799 1016 954 1045 omnibus
977 1016 1046 1046 suis
1071 1016 1221 1055 partibus
1246 1017 1349 1055 exigit
1364 1021 1399 1047 et
1416 1017 1563 1057 requirit.
1611 1017 1815 1055 Tei-minum,

437 1069 523 1097 vero,
552 1059 813 1099 peremptorium
841 1062 874 1089 et
902 1059 1095 1099 hujusmodi
1120 1060 1410 1099 comparacionem,
1435 1061 1623 1091 animarum
1651 1061 1814 1100 periculis,

436 1105 556 1133 natura
573 1102 708 1142 negocii,
726 1102 891 1142 pietatum
908 1102 1023 1140 causis,
1041 1106 1076 1132 et
1092 1102 1163 1132 aliis
1181 1113 1238 1142 per
1254 1113 1314 1133 nos
1330 1103 1507 1143 diligenter
1530 1105 1686 1143 pensatis,
1703 1104 1816 1134 taliter

435 1145 594 1176 duximus
619 1146 869 1175 moderandum.
919 1145 1031 1183 Vobis,
1056 1145 1169 1183 eciam,
1198 1146 1342 1176 Domine
1373 1146 1620 1185 Archidiacone,
1648 1150 1682 1177 et
1706 1150 1815 1177 vestro

434 1188 581 1226 officiali,
611 1192 725 1219 tenore
750 1188 960 1219 Presencium
988 1188 1178 1219 inhibemus
1204 1199 1245 1219 ne
1272 1200 1328 1229 per
1357 1200 1423 1227 vos,
1448 1189 1560 1229 alium,
1585 1201 1642 1220 seu
1667 1190 1755 1228 alios,
1780 1190 1814 1220 in

433 1232 673 1263 Jurisdiccione
701 1231 965 1262 Archidiaconali
990 1235 1100 1262 vestra
1130 1233 1343 1271 procedentes
1371 1236 1430 1263 aut
1454 1237 1697 1273 cognoscentes,
1722 1233 1814 1273 quic-

433 1286 533 1315 quam
550 1275 582 1305 in
602 1275 825 1315 prejudicium
842 1275 1053 1305 Visitacionis
1077 1279 1188 1305 nostre
1213 1276 1369 1315 predicte,
1389 1279 1432 1314 et,
1451 1286 1488 1306 ea
1511 1277 1654 1307 durante
1678 1280 1712 1307 et
1737 1287 1813 1316 pen-

431 1319 532 1349 dente
556 1319 732 1358 inexpleta,
749 1329 768 1348 a
792 1322 941 1358 tempore
967 1319 1177 1349 Presencium
1202 1319 1409 1359 recepcionis,
1428 1320 1647 1359 quovismodo
1671 1323 1812 1360 attemp-

431 1363 519 1401 tetis,
537 1362 673 1399 faciatis,
691 1373 748 1392 seu
767 1362 969 1401 permittatis
986 1361 1174 1402 aliqualiter
1189 1363 1393 1402 attemptari,
1413 1363 1592 1402 quominus
1608 1363 1641 1393 in
1659 1363 1813 1394 omnibus

431 1406 570 1436 solidam
595 1406 870 1436 Jurisdiccionem
894 1405 928 1435 in
946 1405 1141 1445 hujusmodi
1157 1405 1357 1436 Visitacione
1375 1410 1487 1437 nostra
1505 1410 1538 1436 et
1555 1407 1588 1437 in
1607 1407 1812 1437 Visitacioni-

433 1450 494 1479 bus
511 1449 736 1479 consimilibus
754 1449 1028 1479 Predecessorum
1045 1452 1236 1479 nostrorum
1254 1449 1413 1479 usitatam
1430 1450 1562 1489 pacifice
1579 1455 1612 1480 et
1629 1454 1812 1490 optentum,

430 1492 542 1531 libere,
566 1492 640 1533 jure
664 1495 778 1522 nostro
802 1491 976 1530 ordinario,
995 1491 1161 1522 valeamus
1185 1502 1375 1530 excercere3
1399 1493 1462 1523 sub
1484 1493 1639 1533 gravibus
1663 1493 1756 1533 penis
1780 1496 1815 1523 et

431 1536 586 1573 censuris,
604 1536 636 1566 in
656 1546 721 1574 vos,
739 1535 766 1565 si
784 1535 997 1565 Presentibus
1015 1535 1152 1565 minime
1169 1546 1281 1575 parere
1298 1536 1469 1574 duxeritis,
1488 1547 1552 1566 non
1577 1537 1732 1567 inmerito
1749 1536 1812 1567 ful-

431 1579 609 1609 minandis,
657 1579 706 1609 De
723 1579 784 1616 die,
804 1589 889 1616 vero,
906 1578 1104 1618 recepcionis
1121 1579 1342 1617 Presencium,
1357 1583 1390 1609 et
1406 1580 1487 1620 quid
1504 1590 1603 1619 super
1619 1580 1681 1610 hiis
1698 1580 1810 1610 feceri-

431 1623 474 1653 tis
490 1633 547 1653 seu
565 1621 728 1652 duxeritis
752 1621 952 1659 faciendum,
971 1632 1039 1659 nos,
1055 1625 1116 1652 aut
1139 1627 1267 1652 nostras
1285 1622 1370 1652 vices
1392 1623 1584 1662 gerentibus
1607 1623 1812 1663 hujusmodi,

429 1666 510 1696 citra
530 1666 666 1696 Festum
689 1665 912 1696 Exaltacionis
929 1665 1050 1696 Sancte
1068 1665 1183 1695 Crucis
1200 1666 1349 1705 proximo
1365 1665 1433 1705 jam
1452 1666 1607 1696 futurum
1624 1667 1811 1697 certificetis

431 1720 487 1749 per
511 1712 646 1747 vestras,
671 1718 729 1739 seu
753 1709 808 1738 ille
831 1712 979 1738 vestrum
1003 1708 1163 1739 certificet
1186 1708 1244 1749 qui
1268 1719 1401 1749 presens
1428 1709 1625 1740 Mandatum
1653 1710 1814 1750 receperit

429 1752 662 1792 exequendum
688 1763 744 1791 per
766 1762 842 1782 suas
868 1752 995 1781 Literas
1018 1755 1179 1791 patentes,
1205 1753 1323 1782 harum
1347 1752 1465 1783 seriem
1490 1756 1523 1783 et
1550 1753 1727 1783 citatorum
1755 1763 1810 1783 no-

428 1795 527 1834 mina,
551 1795 650 1835 juxta
673 1795 822 1834 gradum,
851 1798 989 1832 statum,
1017 1795 1213 1835 qualitatem
1239 1796 1431 1833 eorundem,
1465 1806 1528 1826 una
1554 1807 1629 1826 cum
1655 1797 1753 1826 modo
1778 1800 1812 1827 ct

429 1839 535 1869 forma
552 1838 730 1869 Citaeionis
746 1842 865 1873 vestre,
882 1838 1036 1868 seriosius
1053 1838 1272 1877 continentes,
1286 1839 1392 1878 sigillo
1408 1839 1579 1870 autentico
1595 1840 1812 1880 consignatas.

428 1882 581 1912 —Dated
599 1885 634 1912 at
652 1882 756 1922 Clyst,
776 1882 814 1912 13
832 1884 915 1922 Aug.

390 1935 596 1981 Oratories‚
619 1941 690 1973 etc.
711 1948 721 1982 3
754 1935 902 1972 Licence
922 1941 958 1972 to
979 1935 1222 1981 celebrate,—

386 1990 512 2028 Quarto
530 1990 582 2020 die
599 1989 720 2019 mensis
737 1989 897 2027 Octobris,
916 1989 1005 2028 apud
1028 1989 1226 2029 Tavystolze,
1247 1989 1412 2020 Dominus
1435 1990 1594 2020 concessit
1622 1990 1806 2021 [licenciam

428 2033 554 2064 Thome
572 2032 742 2063 Visshacre
759 2031 947 2070 [FiskacreL
966 2032 1006 2062 de
1025 2032 1271 2071 Plymmouthe,
1290 2036 1324 2063 et
1339 2033 1442 2063 Alicie
1467 2033 1561 2063 uxori
1585 2033 1746 2074 ejusdem,
1765 2035 1807 2065 ad

427 2076 616 2107 faciendum
643 2076 763 2106 Divina
787 2075 952 2112 celebrari,
970 2075 1004 2105 in
1028 2076 1194 2114 presencia
1217 2076 1364 2116 ipsorum
1388 2087 1445 2107 seu
1470 2087 1584 2107 eorum
1608 2077 1754 2117 alterius,
1772 2078 1806 2108 in

428 2119 559 2160 Capella
577 2120 697 2149 Sancte
716 2118 882 2157 Katerine,
900 2119 998 2158 juxta
1016 2119 1257 2156 Plummonth3
1281 2120 1453 2159 quamdiu,
1470 2122 1531 2150 etc.

384 2163 480 2200 Item,
499 2163 623 2193 eisdem
647 2162 700 2192 die
724 2165 758 2192 et
781 2162 860 2200 loco,
880 2162 1064 2192 Willelmus
1089 2162 1166 2193 Coie
1189 2165 1224 2193 et
1247 2163 1400 2193 ιΙοΙιιιιιιιιι
1425 2174 1507 2194 uxor
1530 2173 1589 2194 sua
1613 2163 1739 2194 habile)
1744 2166 1805 2194 unt
1845 2200 1847 2202 ι

427 2206 631 2236 consimilem
651 2205 835 2235 Licenciam
853 2205 893 2235 ad
910 2205 1110 2244 faciendum,
1128 2209 1200 2244 ete,
1219 2206 1253 2236 in
1270 2207 1392 2237 eadem

383 2249 481 2287 Item,
498 2249 620 2279 eisdem
637 2249 690 2279 die
707 2252 741 2279 et
757 2249 836 2286 loce,
856 2248 1019 2278 Dominus
1042 2249 1202 2279 concessit
1228 2250 1410 2280 licenciam
1428 2250 1628 2290 pauperibus
1653 2250 1804 2290 Leprosis

426 2292 608 2332 Hospitalis
619 2292 720 2322 Beate
736 2292 836 2322 Marie
852 2291 1052 2331 Magdalene,
1068 2291 1167 2331 juxta
1182 2292 1428 2330 Plummouthe,
1443 2294 1532 2332 quod
1547 2293 1674 2332 possint
1686 2293 1802 2331 facere,

425 2340 498 2374 etc.,
516 2336 549 2366 in
569 2335 700 2375 Capella
723 2335 808 2365 infra
832 2335 1005 2374 Hospitale
1021 2336 1166 2375 ipsorum
1187 2336 1320 2374 situata,
1340 2346 1396 2376 per
1414 2336 1617 2367 Presbiteros
1633 2336 1778 2376 ydoneos
1795 2346 1803 2374 3

425 2390 482 2419 per
500 2389 605 2409 unum
621 2388 747 2409 annum
771 2379 978 2409 duraturam.

382 2423 479 2460 Item,
497 2422 621 2452 eisdem
637 2422 689 2452 die
706 2426 740 2452 et
755 2421 835 2459 loco,
853 2422 939 2451 idem
958 2421 1122 2451 Dominus
1145 2422 1306 2452 concessit
1331 2422 1514 2452 Licenciam
1532 2422 1697 2453 Willelmo
1715 2422 1800 2460 Star,

423 2465 560 2505 pauperi
577 2465 748 2495 Heremite
766 2465 896 2504 Capelle
915 2465 1014 2494 Beate
1031 2465 1222 2504 ΝΙιιιπὲιι-,θὺθ
1239 2465 1338 2505 juxta
1361 2465 1558 2505 Tweuystok,
1575 2465 1665 2505 quod
1686 2465 1800 2505 possit,

423 2512 495 2546 etc.,
513 2508 546 2538 in
564 2509 678 2538 eidem
697 2508 853 2548 (32221pe111
877 2507 1036 2547 quamdiu
1056 2508 1198 2537 Domino
1214 2508 1376 2547 placuerit
1392 2509 1597 2539 duraturam.

380 2551 477 2588 Item,
495 2552 582 2591 apud
600 2551 766 2591 Torytone
784 2551 896 2589 [Gi-eat
917 2550 1131 2589 ΤοιὟὶηρίοη],
1150 2561 1236 2581 nono
1252 2551 1314 2590 die,
1330 2552 1493 2582 Dominus
1509 2551 1668 2582 concessit
1686 2551 1797 2582 Licen-

422 2595 503 2625 ciam
533 2594 695 2625 Willelmo
720 2594 840 2624 Monke
864 2596 897 2624 et
921 2594 1016 2624 uxori
1043 2604 1111 2632 sue,
1136 2595 1225 2633 quod
1250 2595 1386 2634 possint,
1411 2598 1484 2633 etc.,
1509 2595 1543 2625 in
1576 2594 1708 2634 Capella
1730 2594 1798 2625 sive

424 2637 574 2668 Oratorio
597 2638 638 2668 de
662 2637 811 2677 Podrige,
836 2637 870 2667 in
894 2636 1051 2667 Parochia
1074 2637 1114 2667 (le
1137 2637 1313 2676 Mei-tone3
1339 2648 1395 2678 per
1419 2648 1525 2668 unum
1548 2648 1674 2668 annum
1698 2638 1796 2667 dura-

424 2683 545 2711 turam.

380 2723 478 2761 Item,
509 2723 599 2763 apud
628 2723 785 2754 Tawtone
808 2722 970 2762 [Bishop’s
998 2722 1149 2761 Tawcsz,
1176 2720 1351 2754 undecimo
1367 2723 1429 2761 die,
1447 2723 1613 2754 Dominus
1636 2722 1796 2754 concessit

422 2766 608 2796 Licenciam
639 2766 785 2797 -Johanni
810 2766 974 2806 Boghwey
999 2769 1033 2796 ct
1058 2766 1217 2806 Margeiie
1240 2767 1335 2797 uxori
1358 2767 1518 2807 ejusdem,
1543 2767 1633 2807 quod
1655 2766 1792 2806 possint,

420 2813 493 2847 etc,
510 2809 544 2839 in
564 2809 696 2849 Capella
712 2810 779 2839 sive
798 2810 949 2840 Orator-io
966 2809 1145 2840 mansionis
1163 2810 1343 2840 eorundem
1359 2813 1430 2840 atte
1447 2809 1531 2847 Yo,'
1522 2820 1554 2840 ιιι
1574 2810 1636 2840 Pa1
1639 2809 1731 2840 ochm
1754 2808 1794 2838 de

418 2833 622 2892 Alxingtone
640 2851 1052 2892 [Alwe'119ton];quamdiu
1070 2851 1176 2882 eidem
1194 2852 1337 2883 Domino
1355 2853 1515 2893 placuerit
1533 2853 1674 2884 du1atui
1676 2862 1738 2882 ιιιιι
