1987 3062
365 243 458 289 506

366 359 398 383 A.
407 358 440 383 D.

366 393 468 417 13834.

368 425 429 451 Vol.
449 427 470 450 l.

577 257 675 289 THE
710 255 949 291 REGISTER
986 256 1045 289 oF
1082 255 1257 290 BISHOP
1293 255 1690 291 BRANTYNGHAM.

518 363 603 392 Evaz
634 364 703 392 ancl
728 364 774 394 St.
804 361 984 402 Winnow]
1009 373 1049 393 ac
1074 364 1223 394 Domino
1246 364 1399 394 Johanni
1424 365 1599 404 Kyttowe,
1624 364 1827 404 presbitero,
1852 364 1897 394 acl

519 407 708 444 citandum,
727 418 787 438 seu
805 408 905 437 citari
922 407 1132 443 faciendum,
1159 408 1346 438 Osbertum
1372 409 1556 448 Hamelyn,
1582 409 1673 448 quod
1697 411 1896 447 compareat

519 461 635 481 coram
654 452 799 481 Officiali
816 452 955 481 Domini
974 452 1171 490 Principali,
1191 463 1260 489 seu,
1278 453 1353 491 ipso
1373 453 1527 490 absente,
1553 463 1668 483 coram
1694 453 1895 483 Presidente

521 495 725 526 Consistorii
744 496 949 525 Exoniensis
966 506 1191 535 quocumque,
1215 497 1251 526 111
1277 497 1432 526 Ecclesia
1457 497 1656 527 Cathedrali
1682 497 1822 534 Exonie,
1841 496 1895 526 die

520 540 683 569 Mercurii
706 542 785 578 post
807 540 947 569 Festum
968 539 1093 569 Sancte
1114 540 1262 578 Agathe,
1280 541 1446 579 Virginis,
1464 541 1621 580 proximo
1637 541 1709 580 jam
1726 540 1895 578 futurum,

519 584 658 613 Decano
675 587 709 613 et
728 584 888 622 Capitulo
905 584 996 613 dicte
1015 584 1168 614 Ecclesie
1185 585 1221 614 in
1239 594 1342 614 causa
1360 585 1573 615 decimarum
1590 595 1828 623 responsurus.

472 655 527 691 St.
552 654 686 703 Issey;
718 653 927 690 Relaracio
949 654 1145 701 Sequestri
1175 654 1397 702 'interpositi
1427 654 1472 690 in
1493 654 1699 703 fructibus
1728 654 1894 691 Ecclesia

526 707 776 744 Parochialis
797 708 1032 744 sanctor-mn
1050 707 1120 744 Ide
1141 714 1174 744 et
1196 708 1318 756 Lydy,
1341 709 1385 745 de
1406 708 1685 756 Eylescruk,——

475 763 635 797 Thomas,
660 769 736 797 cte„
763 762 908 792 Officiali
940 765 1058 792 nostre
1091 763 1280 793 Peculiaris
1304 764 1567 794 Jurisdiccionis
1591 764 1627 793 in
1653 763 1837 801 Cornubia,
1863 765 1898 793 et

362 1773 406 1799 sol.
423 1775 479 1799 113.

519 807 700 845 Perpetuis
735 807 881 836 Vicariis
914 807 1148 836 Ecclesiarum
1181 807 1436 837 Parochialium
1470 808 1677 837 Sanctorum
1710 807 1829 837 Uvelis
1860 810 1895 837 et

519 851 686 888 lVinnoci,
705 861 744 880 ac
762 851 910 880 Domino
929 851 1082 880 Johanni
1108 851 1282 890 Kyttowe,
1300 852 1503 890 presbitero,
1522 852 1679 889 salutem,
1696 851 1897 881 etcssCum

518 906 580 925 nos
597 905 707 934 nuper
723 895 757 924 in
776 895 904 924 nostris
923 894 1073 924 Civitate
1088 901 1121 924 et
1136 896 1281 929 Diocesi,
1296 896 1372 935 jure
1385 896 1569 933 ordinario,
1582 906 1642 934 per
1653 906 1715 925 nos
1732 898 1766 924 et
1784 898 1896 925 certos

518 943 655 969 nostros
681 939 954 973 Connnissarios,
973 939 1016 968 ad
1041 939 1104 968 hoc
1122 939 1276 978 legitime
1302 940 1486 978 deputatos
1509 950 1527 969 a
1545 940 1654 977 nobis,
1672 939 1897 969 Visitacionis

519 983 678 1013 Officium
696 983 811 1013 debite
828 986 1058 1020 excementes,
1077 983 1168 1013 inter
1185 987 1300 1013 cetera
1312 984 1496 1013 nonnullos
1507 983 1665 1013 defectus
1682 983 1717 1012 in
1736 983 1896 1013 Cancello

520 1027 672 1057 Ecclesie
698 1027 910 1057 Parochialis
937 1027 1143 1056 Sanctorum
1170 1028 1230 1057 lde
1256 1030 1290 1057 et
1308 1028 1406 1067 Lydy
1424 1028 1465 1057 de
1485 1027 1686 1066 Eglescruk,
1705 1028 1844 1057 Decano
1861 1029 1896 1056 et

520 1071 680 1110 Capitulo
699 1071 850 1101 Ecclesie
868 1074 985 1100 nostre
1004 1071 1222 1101 Cathedralis
1242 1072 1371 1101 Exonie
1389 1072 1485 1101 unite
1503 1075 1537 1101 et
1554 1071 1785 1110 appropriate,
1799 1074 1895 1100 noto-

519 1116 568 1145 rie
580 1115 813 1149 imminentes,
826 1125 865 1144 ae
877 1115 1100 1153 reparacione
1118 1118 1152 1144 et
1169 1115 1363 1145 refeccione
1374 1116 1580 1145 necessariis
1597 1116 1795 1154 indigentes
1807 1125 1896 1144 com-

519 1160 672 1198 perimus
689 1159 891 1195 manifeste3
914 1169 1060 1198 quorum
1084 1159 1284 1189 defectuum
1305 1160 1484 1189 occasione
1504 1159 1650 1197 fructus,
1671 1159 1838 1195 redditus,
1861 1161 1896 1188 et

518 1206 706 1242 proventus
723 1203 858 1242 prefate
877 1203 1029 1232 Ecclesie
1046 1213 1153 1242 usque
1172 1204 1214 1233 nd
1227 1214 1399 1233 summam
1413 1204 1539 1242 viginti
1549 1204 1717 1233 librarum
1735 1203 1894 1241 sterling-

519 1258 616 1276 orum
634 1248 668 1276 in
683 1258 765 1277 usus
779 1247 1012 1285 reparat-ionis
1029 1250 1062 1276 et
1078 1247 1282 1277 refeccionis
1296 1247 1495 1277 defectuum
1508 1248 1743 1286 predictorum
1755 1257 1894 1276 conver-

519 1292 713 1325 tendarum,
729 1291 929 1321 duxerimus
955 1292 1221 1330 sequestrandos
1239 1306 1245 1328 3
1275 1302 1405 1329 verum,
1424 1292 1504 1331 quia
1528 1302 1589 1330 pro
1605 1294 1704 1330 parte
1722 1291 1893 1321 dictorum

518 1336 647 1365 Decani
665 1341 699 1365 et
717 1335 868 1374 Capituli
891 1335 991 1365 nobis
1012 1335 1223 1365 sufficienter
1243 1336 1360 1365 extitit
1376 1336 1472 1365 facta
1488 1336 1573 1365 fides
1590 1336 1631 1365 de
1648 1336 1801 1374 parendo
1824 1335 1893 1374 juri

518 1385 552 1409 et
571 1380 611 1409 (le
630 1380 753 1410 stando
776 1382 893 1409 nostre
917 1379 1139 1409 Ordinacioni
1160 1390 1221 1418 pro
1243 1380 1405 1418 porcione
1430 1380 1522 1418 ipsos
1546 1380 1770 1418 contingente
1787 1379 1823 1408 in
1841 1389 1894 1408 ea-

518 1424 606 1459 dem,
618 1434 684 1463 quo
698 1424 740 1453 ad
752 1424 980 1453 refeccionem
995 1424 1065 1453 sive
1076 1424 1336 1462 reparacionem
1349 1424 1501 1453 Cancelli
1514 1424 1660 1462 predicti
1672 1438 1678 1460 ;
1695 1424 1772 1453 ideo
1782 1423 1895 1462 prefa-

518 1474 592 1497 tum
612 1468 846 1507 Sequestrum,
870 1468 955 1497 alias
974 1468 1008 1496 in
1026 1467 1208 1501 fructibus,
1226 1468 1429 1505 redditibus,
1447 1470 1481 1497 et
1498 1468 1724 1506 proventibus
1743 1467 1895 1497 Ecclesie

517 1516 708 1541 memorate
724 1522 786 1550 per
802 1522 864 1541 nos
878 1511 1134 1550 interpositum,
1147 1514 1318 1550 quatenus
1330 1512 1421 1550 ipsos
1434 1514 1473 1541 ut
1488 1512 1651 1541 Rectores
1664 1511 1820 1551 ejusdem
1833 1511 1894 1540 Ec-

517 1556 618 1585 clesie
636 1556 823 1591 concernit,
836 1556 996 1585 duximus
1013 1556 1249 1591 relaxandum,
1267 1559 1368 1594 prout
1386 1566 1426 1585 ex
1442 1555 1661 1585 habundanti
1678 1558 1797 1585 tenore
1815 1555 1894 1584 Pre-

517 1600 671 1630 sencium
684 1600 888 1629 relaxamus.
915 1599 1093 1636 Volumus,
1103 1606 1231 1636 tamen,
1240 1599 1386 1637 fructus,
1396 1602 1472 1637 eto,
1481 1600 1617 1629 Vicarie
1629 1599 1720 1629 dicte
1733 1599 1894 1637 Ecclesie‚

516 1655 623 1683 usque
641 1644 683 1673 ad
706 1648 838 1673 certam
857 1653 1028 1673 summam
1046 1654 1150 1682 quam
1167 1654 1228 1682 pro
1247 1644 1411 1673 Porcione.
1428 1644 1557 1673 Vicarii
1575 1644 1665 1673 dicte
1684 1643 1834 1673 Ecclesie
1852 1642 1895 1672 ad

516 1689 773 1727 reparacionem
798 1688 997 1727 hujusmodi
1022 1687 1232 1723 defectuum,
1257 1688 1446 1717 secundum
1471 1688 1731 1717 estimacionem
1758 1690 1792 1717 et
1817 1697 1894 1717 con·
1925 1719 1928 1722 Α

517 1733 683 1762 sciencias
709 1737 853 1769 vestras,
875 1732 1030 1761 sufficere
1053 1732 1309 1770 reputaveritis
1334 1732 1396 1761 sub
1424 1732 1608 1771 Sequestro
1631 1734 1751 1761 nostro
1775 1731 1892 1770 hujus-

518 1777 609 1806 modi
635 1786 825 1806 remanere.
872 1776 989 1811 Vobis,
1008 1776 1124 1814 igitur,
1143 1776 1375 1805 communiter
1399 1779 1434 1805 et
1458 1776 1606 1811 divisim,
1631 1775 1892 1811 committimus,

516 1823 591 1857 etc,
603 1820 767 1859 quatinus
784 1820 1035 1849 relaxacionem
1054 1820 1253 1859 hujusmodi
1273 1820 1447 1859 Sequestri
1465 1820 1574 1849 nostri
1592 1820 1699 1849 fuisse
1716 1822 1751 1849 et
1768 1829 1842 1849 esse
1859 1819 1894 1848 in

515 1864 698 1899 fructibus,
725 1867 800 1901 ete,
827 1864 918 1893 dicte
946 1864 1097 1893 Ecclesie
1125 1864 1323 1893 Porcionem
1351 1865 1505 1902 ipsorum
1530 1864 1659 1893 Decani
1683 1866 1717 1893 et
1743 1862 1892 1902 Capituli

516 1908 814 1943 concernentibus,
828 1918 889 1946 per
902 1918 963 1937 nos
975 1907 1116 1943 factam,
1131 1910 1167 1937 ut
1181 1908 1366 1946 prefertur,
1378 1918 1512 1937 necnon
1524 1908 1655 1937 dictum
1672 1907 1894 1946 sequestrum

516 1954 673 1982 nostrum
702 1952 737 1981 in
764 1952 936 1981 fructibus
962 1952 1118 1990 ejusdem
1148 1952 1299 1981 Ecclesie
1322 1952 1524 1981 Porcionem
1553 1952 1634 1981 dicti
1661 1951 1790 1981 Vicarii
1816 1961 1892 1981 con-

516 1996 748 2030 cernentibus,
761 1996 824 2024 sub
839 1995 1032 2034 Sequestro,
1052 1998 1089 2024 ut
1106 1996 1332 2034 premittitur,
1350 2006 1539 2031 remanere,
1553 1995 1688 2034 publice
1699 1998 1733 2025 et
1749 1995 1891 2033 solemp-

515 2040 606 2069 niter
623 2040 806 2074 nuncietis,
824 2041 859 2069 et
883 2049 944 2078 per
967 2039 1052 2068 alios
1076 2039 1214 2069 faciatis
1238 2040 1340 2069 modo
1358 2039 1460 2069 simili
1485 2039 1654 2069 nunciari.
1702 2039 1891 2076 Monentes,

514 2084 664 2122 insuper,
683 2086 717 2113 et
735 2084 850 2113 debite
868 2083 999 2112 moneri
1024 2082 1192 2112 facientes
1218 2094 1337 2113 omnes
1361 2086 1396 2113 et
1421 2083 1574 2120 singulos
1599 2092 1891 2122 quarumcumque

514 2128 739 2166 pecuniarum
759 2137 972 2157 summarum
998 2137 1059 2165 pro
1083 2127 1225 2156 decimis
1250 2128 1340 2157 dicte
1367 2127 1518 2157 Ecclesie
1543 2127 1673 2157 eisdem
1698 2128 1835 2157 Decano
1859 2128 1893 2156 et

516 2172 674 2211 Capitulo
686 2172 882 2201 debitarum
895 2171 1034 2200 illicitos
1047 2171 1255 2205 detentores,
1270 2171 1337 2210 qui,
1355 2174 1516 2210 pretextu
1527 2174 1561 2201 et
1576 2171 1638 2201 sub
1652 2172 1763 2201 colore
1774 2170 1891 2200 fucato

514 2220 631 2246 nostre
647 2215 940 2254 Sequestracionis
957 2215 1121 2253 predicte,
1139 2215 1231 2254 ipsas
1248 2216 1473 2254 pecuniarum
1491 2225 1644 2245 summas
1658 2215 1889 2251 detinuerunt,

514 2264 548 2289 et
560 2260 672 2289 adhue
686 2260 845 2289 detinent
858 2259 893 2288 in
906 2259 1070 2298 presenti,
1084 2259 1301 2289 indictorum
1316 2260 1443 2288 Decani
1455 2265 1489 2288 et
1502 2259 1651 2298 Capituli
1662 2258 1890 2298 prejudicium

513 2315 582 2333 non
597 2304 769 2334 modicum
788 2306 822 2333 et
839 2313 1037 2341 gravamen,
1056 2306 1094 2331 ut
1111 2303 1146 2331 in
1163 2303 1322 2332 terminis
1339 2303 1387 2332 eis
1404 2303 1564 2332 limitatis
1578 2303 1618 2332 de
1632 2303 1715 2341 ipsis
1732 2301 1889 2341 pecunia-

514 2358 590 2377 rum
604 2348 748 2378 summis
764 2347 958 2377 Senescallo
973 2347 1143 2376 dictorum
1162 2347 1291 2377 Decani
1309 2350 1342 2376 et
1362 2347 1524 2386 Capituli,
1539 2357 1599 2377 seu
1611 2345 1889 2386 procuratoribus

514 2392 666 2431 ipsorum
684 2392 719 2421 in
737 2391 900 2420 Partibus
923 2391 1094 2421 Cornubie
1118 2391 1302 2430 deputatis,
1329 2390 1546 2420 satisfaciant
1563 2394 1809 2429 competenter,
1828 2388 1888 2419 sub

513 2446 602 2475 pena
620 2435 1000 2465 Exeommunicaeionis
1024 2434 1175 2473 Majoris,
1193 2435 1227 2464 in
1249 2435 1394 2464 rebelles
1418 2437 1453 2464 et
1478 2435 1755 2464 contradicentes
1772 2433 1887 2463 illicite

515 2480 686 2509 Canonice
703 2479 940 2514 fulminande3
967 2479 1010 2508 ad
1028 2489 1092 2517 que
1109 2478 1270 2508 facienda
1286 2479 1392 2513 vobis,
1411 2481 1445 2508 et
1462 2478 1602 2508 cuilibet
1619 2481 1783 2513 vestrum,
1801 2486 1887 2506 com-

514 2524 685 2552 mittimus
702 2523 794 2553 vices
811 2525 958 2552 nostras.
1006 2522 1140 2559 Citetis,
1157 2523 1275 2557 eciam,
1295 2532 1354 2552 seu
1371 2522 1469 2551 citari
1486 2522 1634 2559 faciatis,
1651 2520 1888 2561 peremptorie,

514 2567 646 2597 dictum
663 2567 839 2596 Vicarium
858 2566 947 2605 quod
965 2569 1164 2604 compareat
1182 2577 1297 2596 coram
1316 2566 1458 2596 Officiali
1477 2569 1594 2596 nostro
1612 2565 1807 2604 Principali,
1820 2572 1886 2600 seu,

512 2611 587 2650 ipso
600 2611 752 2648 absente,
765 2620 879 2640 coram
894 2610 1003 2639 nostri
1019 2610 1221 2639 Consistorii
1237 2610 1440 2640 Exoniensis
1455 2610 1655 2639 presidente
1667 2616 1887 2649 quocumque,

512 2655 547 2684 in
577 2655 730 2684 Ecclesia
758 2656 877 2683 nostra
907 2653 1107 2683 Cathedrali
1137 2653 1332 2687 Exoniensi,
1362 2654 1415 2683 die
1444 2654 1605 2683 Mercurii
1632 2653 1787 2692 proximo
1813 2651 1888 2690 post

514 2699 656 2728 Festum
675 2699 799 2727 Sancte
818 2698 954 2736 Agathe
972 2708 1063 2727 nunc
1087 2697 1256 2734 futurum,
1274 2707 1413 2727 causam
1440 2707 1499 2727 seu
1524 2707 1654 2735 causas,
1673 2697 1700 2727 si
1717 2706 1818 2735 quam
1835 2693 1887 2724 vel

512 2752 596 2781 quas
607 2752 668 2781 pro
680 2752 714 2771 se
729 2742 854 2771 habeat
865 2741 1109 2771 racionabilem
1128 2751 1187 2770 seu
1204 2741 1440 2778 racionabiles,
1457 2751 1562 2780 quare
1579 2741 1623 2770 ad
1640 2750 1744 2770 onera
1754 2747 1885 2778 repara-

512 2786 620 2816 cionis
641 2788 674 2815 et
697 2785 901 2815 refeccionis
924 2785 1122 2824 hujusmodi
1147 2784 1297 2814 Cancelli
1320 2785 1454 2823 integre
1477 2784 1713 2823 supportanda
1732 2780 1886 2821 compelli

512 2840 581 2859 non
598 2830 723 2859 debeat
741 2829 912 2859 Canonice
929 2831 963 2858 et
980 2829 1099 2867 artari,
1115 2828 1151 2857 in
1174 2828 1288 2858 forma
1303 2828 1390 2868 juris
1412 2828 1660 2867 propositurus,
1678 2826 1885 2865 ulteriusque
