1987 3062
444 213 733 246 REGISTRUM
769 212 1226 246 COMMUNE—ANNO
1264 199 1322 246 3⁰.
1549 202 1639 245 281

113 319 188 344 A·D-
271 322 310 350 ut
335 318 501 359 prefertur
524 318 592 348 vidi
615 321 649 348 et
672 317 794 349 audivi.
841 317 988 358 Ideoque
1011 317 1052 347 de
1077 317 1236 347 Mandato
1260 316 1365 356 ipsius
1389 317 1534 355 Domini,
1560 317 1644 348 Can-

109 353 205 412 137?st
270 362 447 393 tuariensis
464 361 717 401 Archiepiscopi,
736 361 825 391 hunc
841 365 1028 401 presentem
1048 362 1248 399 Processum,
1267 371 1325 400 per
1349 370 1401 390 me
1424 360 1587 400 scriptum
1614 364 1646 390 et

139 394 175 412 ⁰¹
209 405 215 412 ⁶
270 406 488 447 publicatum,
524 405 616 444 signo
648 415 720 434 meo
751 409 909 434 consueto
940 405 1075 442 signavi,
1102 415 1167 434 una
1208 414 1285 434 cum
1317 404 1517 444 appensione
1547 404 1645 442 sigilli

274 449 424 490 ejusdem
443 448 646 479 Venerabilis
664 448 780 486 Patris,
799 458 851 478 me
868 448 920 478 hic
936 448 1182 486 subscribendo,
1201 450 1345 487 rogatus,
1363 447 1395 477 in
1414 447 1646 478 testimonium

266 491 656 532 premissorum—Istud
682 491 880 521 Mandatum
905 492 970 521 fuit
995 492 1235 521 demandatum
1261 491 1393 521 Decano
1425 494 1458 520 et
1491 491 1646 530 Capitulo

263 536 400 573 Exouie,
424 535 629 575 singulisque
650 534 896 565 Archidiacouis
920 535 954 565 in
984 535 1124 565 Ecclesia
1150 534 1338 572 Exoniensi,
1365 545 1401 565 ac
1427 544 1542 565 eorum
1569 535 1645 566 Offi-

264 579 411 617 cialibus,
429 578 674 618 exequendum,
692 578 754 607 sub
771 577 832 608 hac
850 577 1010 615 forma,—

222 623 418 653 —Eaeeczccio
436 621 592 652 Mandata·
606 620 798 660 predicti,—

223 666 379 703 Thomas,
409 664 698 704 etc.,—Noveritis
727 674 786 694 nos
825 664 962 702 Literas,
991 668 1065 703 etc,
1092 664 1225 694 Domini
1255 664 1421 701 Willelmi,
1452 665 1512 695 Dei
1543 665 1648 705 gracia

266 708 515 741 Cantuariensis
540 707 793 747 Archiepiscopi,
818 711 892 745 etc.,
919 708 1128 738 continentes
1152 708 1186 737 in
1212 719 1248 737 eo
1272 711 1423 738 tenorem
1459 709 1647 739 Literarum

269 752 543 792 Apostolicarum,
563 762 627 781 una
644 761 719 781 cuin
738 751 962 781 Processubus
979 751 1056 781 inde
1079 751 1210 787 secutis,
1229 761 1328 790 super
1345 752 1648 791 procurat-ionibus,

267 796 421 826 videlicet
436 796 478 826 de
494 794 633 834 singulis
650 794 768 824 marcis
786 795 949 824 bonorum
966 794 1118 824 omnium
1140 795 1346 824 prelatorum
1364 805 1400 825 ac
1425 795 1647 826 Personarum

266 843 300 870 et
324 839 563 869 Beneficiorum
596 837 908 875 Ecclesiasticorum‚
933 841 1007 875 etc,
1032 848 1332 878 quorumcumque,
1360 839 1530 868 Provincie
1564 840 1647 870 Can-

265 882 451 919 tuariensis,
470 886 570 922 prout
586 885 747 911 taxantur
759 881 801 911 ad
820 881 999 919 Decimam,
1020 892 1085 911 uno
1098 882 1294 921 quadrante,
1312 881 1454 911 Domino
1471 883 1647 921 Willelmo,

264 926 326 957 Dei
342 926 449 965 gracia
473 924 767 965 Carpentoracensi
790 924 961 964 Episcopo,
980 929 1052 961 etc,
1071 926 1134 954 sub
1149 924 1306 964 gravibus
1333 925 1424 964 penis
1441 929 1476 955 et
1500 927 1649 956 censuris

266 970 298 1000 iu
316 970 440 1000 eisdem
458 969 534 999 latis
552 968 776 1008 persolvendo,
794 978 870 998 cum
886 979 923 998 ea
940 978 1005 1008 qua
1022 969 1118 998 decet
1141 968 1328 998 reverencia
1345 969 1512 1008 recepisse.
1563 970 1649 1008 Qua-

267 1024 353 1051 rum,
378 1012 524 1053 quidem,
553 1012 739 1042 Literarum
764 1016 925 1048 tenorem,
954 1012 994 1041 de
1019 1012 1118 1041 verbo
1143 1012 1183 1041 ad
1210 1012 1358 1050 verbum,
1385 1016 1520 1052 propter
1543 1013 1650 1054 ipsius

264 1056 500 1097 prolixitatem,
514 1056 547 1085 in
565 1055 628 1085 hiis
645 1065 711 1085 non
727 1055 886 1085 duximus
908 1055 1133 1092 inserendum,
1160 1058 1211 1084 set
1235 1055 1391 1085 effectum
1413 1058 1650 1087 tantummodo

267 1100 458 1130 earundem.
507 1099 558 1129 Ad
583 1098 821 1136 exhibendum,
838 1104 962 1137 autem,
980 1099 1111 1128 easdem
1130 1098 1257 1128 Literas
1275 1098 1376 1137 vobis,
1393 1102 1428 1129 et
1443 1100 1580 1131 cuilibet
1598 1112 1651 1131 eas

269 1143 393 1173 intueri
417 1142 551 1179 volenti,
575 1142 745 1172 offerimus
777 1152 836 1171 nos
868 1147 1008 1181 paratos,
1034 1152 1092 1181 pro
1117 1141 1186 1171 loco
1217 1146 1251 1171 et
1282 1145 1431 1182 tempore
1464 1144 1647 1183 oportunis.

271 1186 382 1224 Vobis,
407 1186 519 1224 igitur,
545 1185 797 1222 committimus,
822 1188 898 1222 etc.,
923 1185 1085 1224 quatinus
1115 1185 1156 1214 de
1180 1185 1319 1224 singulis
1344 1186 1461 1216 marcis
1487 1187 1650 1218 bonorum

269 1234 304 1260 et
328 1229 567 1260 Beneficiorum
591 1228 897 1258 Ecclesiasticorum
922 1238 1222 1268 quorumcumque,
1248 1232 1317 1258 tarn
1352 1229 1570 1261 Personarum
1597 1242 1650 1261 ex-

271 1276 460 1312 emptarum
492 1281 593 1312 quam
626 1282 691 1301 nou
720 1274 961 1311 exemptarum,
990 1276 1156 1311 quatenus
1185 1272 1499 1303 Archidiaconatum
1530 1274 1650 1305 Barna-

272 1316 506 1356 stapoliensem
523 1315 693 1345 concernit
709 1314 742 1344 in
760 1314 821 1344 hac
834 1318 937 1354 parte,
954 1319 1054 1354 prout
1072 1318 1231 1345 taxantur
1245 1315 1287 1345 ad
1308 1315 1486 1355 Decimam,
1505 1317 1652 1357 singulos

273 1360 488 1400 quadrantes,
522 1358 656 1388 nomine
680 1358 952 1397 procuracionum
978 1358 1183 1398 hujusmodi,
1210 1357 1320 1396 levari,
1345 1359 1464 1399 colligi,
1489 1364 1523 1390 et
1554 1362 1650 1400 exigi,

273 1414 310 1433 ac
332 1403 373 1432 de
397 1402 531 1439 eisdem,
549 1401 632 1431 citra
659 1402 794 1431 Festum
812 1402 971 1432 Omnium
996 1402 1195 1432 Sanctorum
1213 1402 1363 1441 proximo
1380 1413 1469 1433 nunc
1485 1404 1650 1443 futurum,

275 1446 381 1477 Priori
401 1446 568 1475 Prioratus
585 1445 699 1475 Sancti
724 1444 875 1474 Nicholai
901 1445 1036 1482 Exonie,
1061 1455 1161 1484 quem
1186 1445 1218 1474 in
1244 1444 1305 1475 hoc
1328 1446 1566 1485 deputavimus
1593 1449 1650 1478 Re-

272 1493 449 1529 ceptorem,
467 1488 674 1527 integraliter
690 1488 852 1525 satisfieri,
874 1498 932 1527 per
950 1488 1151 1518 Monicioues
1168 1491 1202 1517 et
1223 1499 1452 1529 quascumque
1475 1491 1649 1522 Ecclesias-

274 1533 355 1563 ticas
382 1533 547 1564 Censuras
580 1532 612 1561 in
648 1531 784 1571 prefatis
815 1531 932 1561 Literis
955 1535 1137 1570 contentas,
1164 1536 1331 1571 quatenus
1363 1533 1405 1563 ad
1432 1544 1487 1564 vos
1519 1535 1652 1574 attinet,

274 1575 570 1607 faciatis—Dated
594 1577 629 1605 at
654 1574 758 1614 Clyst,
777 1576 817 1604 22
842 1575 934 1615 Sept.

230 1642 426 1672 Mandatum
446 1641 623 1672 collectoris
639 1639 775 1670 Domini
794 1640 882 1680 Pape
898 1640 935 1671 de
952 1640 1104 1679 exiyendo
1116 1640 1273 1680 pecunias
1289 1640 1409 1672 debitas
1433 1642 1509 1674 Sede·
1524 1645 1652 1684 Aposto-

274 1685 339 1724 lice,
357 1690 393 1716 ut
408 1684 550 1725 inferius
574 1684 807 1722 continetur,—

235 1728 426 1760 Reverende
442 1727 650 1758 discrecionis
663 1727 744 1765 viro,
763 1727 906 1757 Domino
921 1727 1065 1757 Arnaldo
1080 1727 1236 1766 Barnerii,
1253 1727 1439 1759 Licenciato
1453 1730 1485 1760 in
1502 1731 1652 1771 Legibus,

278 1772 444 1804 Canonico
470 1770 715 1809 Cathalanensi,
739 1770 928 1810 Apostolice
959 1770 1053 1800 Sedis
1086 1774 1120 1800 et
1153 1771 1288 1801 Camere
1319 1772 1351 1802 in
1378 1773 1497 1812 Anglia
1521 1775 1654 1806 Nuncio

275 1819 311 1847 et
335 1815 520 1853 Collectori,
545 1814 698 1851 Thomas,
722 1818 794 1852 etc.,
812 1814 1142 1844 salutem—Literas
1167 1818 1292 1845 vestras
1322 1816 1419 1846 xxixo
1443 1817 1496 1847 die
1521 1820 1652 1850 mensis.

276 1859 421 1899 Augusti
454 1858 602 1898 proximo
636 1857 785 1897 preteriti
816 1857 1009 1896 recepimus,
1044 1857 1078 1887 in
1111 1857 1170 1887 hec
1199 1858 1652 1901 verba,—Reverendissimo,

125 1901 171 1927 fol.
269 1907 343 1941 etc„
361 1902 505 1933 Domino
521 1901 657 1939 Thome‚
675 1905 747 1939 etc,
766 1900 933 1931 Arnaldus
952 1900 1108 1939 Barnerii,
1126 1901 1336 1932 Licenciatus
1353 1903 1386 1933 in
1407 1904 1549 1943 Legibus
1574 1906 1653 1945 (eta,

123 1935 183 1961 26¹³·
267 1951 304 1976 ut
320 1947 444 1986 supra),
461 1945 618 1985 seipsum,
635 1955 712 1974 cum
729 1943 916 1974 reverencia
932 1944 1045 1974 debita
1061 1948 1095 1974 et
1120 1945 1389 1976 honore—Cum
1413 1947 1454 1977 de
1478 1948 1652 1980 Beneficiis

277 1988 515 2020 Ecclesiasticis
531 1998 675 2028 quorum
692 1987 825 2018 nomina
842 1987 981 2017 inferius
997 1987 1234 2027 exprimuntur
1258 1990 1472 2028 pecuniarum
1497 1992 1547 2022 vel
1565 1993 1654 2023 fruc-

278 2037 377 2063 tuum
391 2032 596 2072 quantitates
610 2031 678 2061 sive
689 2041 820 2061 summe
832 2031 956 2060 ibidem
972 2034 1160 2070 expressate
1174 2042 1213 2062 ex
1227 2032 1332 2062 causis
1345 2032 1467 2064 ibidem
1481 2035 1655 2076 descriptis

275 2075 465 2116 Apostolice
496 2075 634 2106 Camere
663 2074 859 2112 debeantur,
893 2073 995 2112 vobis,
1026 2074 1239 2105 Auctoritate
1271 2077 1460 2115 Apostolica
1491 2082 1526 2109 et
1565 2080 1654 2111 dicte

276 2120 422 2157 Camere,
440 2129 506 2159 qua
529 2117 701 2157 fungimur
723 2117 756 2147 in
781 2117 842 2147 hac
866 2123 968 2157 parte,
992 2117 1245 2155 committimus,
1263 2122 1336 2156 etc.,
1363 2121 1524 2159 quatinus
1540 2133 1654 2154 omnes

275 2167 310 2194 et
332 2162 479 2202 singulos
502 2161 644 2199 fructus,
663 2161 825 2198 redditus,
850 2164 884 2190 et
908 2164 1089 2200 proventus
1112 2161 1280 2192 dictorum
1305 2163 1556 2204 Beneficiorum,
1582 2177 1652 2206 pre-

275 2210 386 2237 sentes
413 2210 448 2236 et
476 2208 704 2245 proventuros,
732 2215 815 2244 quos
843 2204 875 2234 in
905 2203 968 2234 hiis
999 2203 1140 2244 Scriptis
1171 2210 1432 2245 sequestramus,
1463 2216 1522 2239 vosv
1550 2210 1653 2240 eciam

274 2248 498 2289 sequestretis,
528 2248 579 2278 vel
607 2247 736 2278 faciatis
764 2247 896 2277 realiter
923 2247 1123 2287 sequestrari
1147 2251 1181 2277 et
1206 2248 1282 2287 poni
1306 2249 1347 2279 ad
1373 2260 1492 2281 manus
1517 2252 1653 2284 Domini

277 2293 383 2323 nostri
400 2292 499 2332 Pape‚
518 2302 556 2322 ac
572 2291 635 2321 snb
658 2295 729 2321 arta
753 2290 924 2331 Sequestri
941 2290 1091 2320 custodia
1108 2290 1213 2320 teneri
1237 2293 1462 2332 sequestretis,
1487 2294 1590 2326 donec
1613 2297 1655 2327 de

277 2335 414 2376 prefatis
431 2334 679 2375 quantitatibus
696 2334 764 2364 sive
777 2333 917 2364 summis
941 2333 1043 2363 fuerit
1060 2333 1167 2363 eidem
1186 2334 1322 2365 Camere
1338 2346 1481 2376 congrue
1504 2339 1654 2371 satisfac-

278 2383 352 2410 tum
364 2389 373 2415 ;
390 2378 527 2416 moneri,
541 2377 785 2415 nichilominus,
799 2377 915 2417 primo,
929 2376 1084 2415 secundo,
1098 2377 1199 2407 tercio
1212 2381 1246 2407 et
1260 2380 1479 2418 peremptorie
1496 2381 1655 2414 facientes

276 2432 390 2452 omnes
406 2425 440 2451 et
455 2421 602 2461 singulos
619 2420 785 2450 dictorum
804 2420 1043 2450 Beneficiorum
1061 2430 1259 2459 possessores
1279 2431 1336 2451 seu
1355 2431 1584 2461 procuratores
1603 2427 1655 2458 vel

279 2466 469 2495 detentores
485 2464 677 2501 eorundem,
695 2473 821 2493 necnon
842 2462 1019 2502 lteligiosos
1031 2465 1065 2492 et
1075 2463 1154 2492 alios
1168 2463 1261 2493 nobis
1273 2466 1520 2500 procuraciones
1533 2469 1653 2500 deben-

280 2515 330 2540 tes
347 2518 490 2549 quorum
508 2508 642 2537 nomina
653 2508 754 2537 eciam
767 2506 905 2536 inferius
921 2506 1048 2546 plenius
1063 2506 1285 2545 continentur,
1300 2508 1332 2537 in
1348 2512 1494 2547 personis
1507 2512 1654 2551 ipsorum

279 2551 428 2592 propriis,
445 2550 472 2581 si
485 2550 702 2590 reperiantur,
720 2549 799 2579 alias
815 2549 848 2579 in
865 2549 1013 2589 ipsorum
1030 2549 1201 2579 Beneficiis
1217 2560 1275 2580 seu
1292 2551 1480 2592 domiciliis3
1497 2565 1579 2595 quos
1596 2567 1656 2587 nos

282 2595 384 2626 eciam
408 2593 527 2634 primo,
546 2593 700 2630 secundo,
719 2593 820 2623 tercio
843 2603 880 2622 ac
904 2592 1133 2632 peremptorie,
1150 2595 1264 2623 tenore
1282 2594 1492 2628 Presencium
1519 2600 1654 2640 requiri-

282 2648 356 2669 mus
373 2640 406 2668 et
424 2647 597 2667 monemus
613 2636 703 2676 quod
719 2638 942 2675 compareant,
959 2638 993 2665 et
1016 2639 1205 2675 compareat
1228 2647 1341 2667 eorum
1367 2640 1518 2678 quilibet,
1543 2653 1654 2674 coram

280 2680 375 2712 nobis
391 2680 424 2711 in
443 2680 549 2710 Domo
574 2679 790 2709 habitacionis
814 2681 934 2716 nostre,
954 2678 1143 2716 Londoniis,
1161 2680 1306 2710 secundo
1330 2680 1382 2711 die
1406 2682 1426 2713 J
1431 2684 1557 2716 uridico
1582 2690 1656 2727 post

283 2725 420 2755 Festum
449 2723 562 2754 Sancti
579 2722 718 2752 Dionisii
738 2722 888 2762 proximo
904 2721 1071 2759 futurum,
1089 2721 1170 2752 dicti
1195 2722 1349 2754 videlicet
1373 2735 1574 2765 possessores
1597 2741 1655 2761 seu

283 2769 509 2808 procuratores
525 2769 560 2797 et
575 2766 776 2803 detentores,
792 2765 833 2795 de
848 2764 988 2795 summis
1004 2774 1061 2795 seu
1078 2765 1327 2805 quantitatibus
1350 2769 1507 2808 predictis
1524 2773 1658 2804 nomine

285 2811 375 2842 dicte
392 2810 527 2842 Camere
544 2819 552 2848 ;
574 2808 705 2849 prefati,
722 2818 809 2847 vere,
826 2807 982 2848 Religiosi
997 2810 1031 2838 et
1047 2808 1148 2839 ceteri
1164 2808 1205 2839 de
1228 2811 1518 2850 procuracionibus
1540 2815 1601 2857 huj
1607 2827 1657 2848 us-
