1987 3062
449 221 733 254 REGISTRUM
769 219 1221 254 coMMUNss—-ANNO
1259 210 1318 251 2⁰.
1551 208 1642 251 261

116 325 191 351 A.D.
268 326 454 357 turbamur.
510 327 562 365 Et,
582 327 643 358 nisi
660 327 758 358 iidem
777 328 937 359 Officiales
954 327 1083 367 plenius
1099 326 1273 364 calculent,
1292 329 1331 356 ut
1348 329 1518 364 tenentur,
1544 335 1581 356 ac
1604 326 1645 356 de

117 358 209 419 {331²}
269 369 386 410 majori
412 380 543 400 summa
571 371 604 400 in
630 381 747 410 magna
776 376 868 411 parte
896 371 1125 411 respondeant,
1150 371 1335 409 dampnum
1367 380 1433 399 non
1465 368 1643 407 modicum,

267 413 364 453 culpa
380 414 569 451 eorundem,
587 414 677 454 quod
694 415 796 444 nollet
807 415 950 454 justicia,
964 415 1182 445 incurremus
1232 413 1283 443 Ad
1300 413 1516 451 audiendum,
1530 412 1643 452 igitur,

270 460 463 496 compotum
480 457 513 487 in
531 457 591 487 hac
615 461 707 497 parte
732 461 764 488 et
789 458 999 488 raciocinium
1024 457 1221 487 Officialium
1239 456 1473 496 predictorum,
1490 456 1645 495 ipsosque

269 500 374 539 plene,
387 499 486 539 juxta
506 501 655 539 Regis-tra
671 501 820 540 antiqua,
841 512 898 540 per
913 512 977 541 que
995 500 1188 540 hujusmodi
1213 500 1460 539 procuraciones
1477 499 1546 529 fieri
1563 499 1643 528 sole-

267 543 358 581 bant,
376 547 416 573 ut
431 544 595 581 convenit,
621 545 836 581 onerandum,
854 555 890 574 ac
907 545 1038 574 eosdem
1063 544 1234 582 Officiales,
1260 543 1287 573 si
1312 553 1441 573 necesse
1465 542 1577 579 fuerit,
1602 542 1644 572 ad

269 587 427 625 premissa
445 587 556 617 debite
573 587 863 626 compellendum3
888 588 989 626 vobis,
1013 588 1054 617 de
1078 597 1221 627 quorum
1246 586 1416 624 fidelitate,
1434 589 1506 624 ete„
1530 589 1644 616 tenore

270 630 481 660 Presencium
500 631 744 660 committimus
766 631 853 660 vices
877 635 1005 661 nostras
1029 634 1063 660 et
1087 631 1267 670 plenariam
1284 632 1494 670 potestatem.
1543 629 1643 659 Volu-

269 683 353 711 mus,
371 678 496 709 autem,
514 674 614 713 quod,
632 674 660 704 si
677 684 732 703 vos
756 684 870 704 omnes
895 674 956 704 hiis
980 674 1183 714 exequendis
1207 673 1365 703 interesse
1389 683 1455 703 non
1479 672 1642 712 poteritis,

267 720 334 746 tres
351 716 402 746 vel
419 717 485 747 duo
501 720 660 755 vestrum,
678 716 893 757 conjunctim,
911 728 948 747 ea
965 717 1200 747 nichilominus
1216 716 1596 756 exequantur.——Dated
1609 718 1645 746 at

264 759 462 799 Faringdon,
481 759 520 792 27
538 760 660 791 March.

221 813 417 851 Oratories
434 827 444 860 ς
472 814 625 851 Liceme
645 821 680 851 to
699 815 942 860 celebrate,—

114 864 213 895 [Apm-
226 867 323 905 Item,
343 868 531 907 Londoniis,
552 869 726 899 undecimo
750 869 802 898 (lie
827 869 959 908 Aprilis,
977 868 1101 906 sibilla,
1120 880 1185 908 que
1211 868 1278 898 fuit
1303 879 1385 898 uxor
1410 867 1579 908 Radulphi
1602 868 1643 898 de

115 900 182 929 ΜΞ]
264 911 487 949 Stonehowse,
505 935 511 942 .
530 936 535 942 .
558 935 563 940 .
584 912 617 941 in
637 912 778 951 Capellis
794 912 862 942 suis
880 912 1004 952 ubique
1019 923 1025 948 ;
1051 912 1224 952 quamdiu,
1242 915 1302 942 etc.

223 965 503 1002 Northmolton
522 979 531 1012 ;
561 966 796 1003 Mandatum
813 967 868 1003 acl
885 966 1096 1012 citandum,
1116 965 1393 1003 vicissitudinis
1412 972 1576 1013 optentu,
1600 967 1642 1003 in

275 1032 389 1056 causa
406 1020 667 1067 reparacz'om's
687 1020 847 1057 Ecclesia
866 1021 910 1057 de
930 1021 973 1056 N
974 1020 1288 1065 ortltmoltone,—

224 1072 420 1110 Venerabili,
438 1077 508 1111 etc.¹
530 1074 671 1103 Domino
690 1075 832 1105 Ro'oerto
849 1074 904 1113 [de
929 1074 1125 1112 Strettone],
1150 1074 1210 1104 Dei
1233 1074 1342 1114 gracia
1366 1073 1582 1105 Coventrensi
1607 1077 1642 1104 et

267 1115 509 1146 Lichefeldensi
542 1117 709 1156 Episcopo,
738 1118 891 1155 Thomas,
920 1122 993 1155 etc,
1020 1117 1173 1155 salutem,
1202 1118 1362 1148 eto—Ex
1388 1120 1481 1157 parte
1506 1117 1641 1147 Domini

272 1159 405 1189 Walteri
423 1160 564 1199 Almaly,
584 1161 731 1191 Rectoris
750 1161 891 1191 Ecclesie
907 1161 948 1190 de
972 1161 1241 1198 Northmoltone,
1259 1161 1353 1191 nobis
1377 1160 1490 1191 extitit
1507 1161 1639 1190 intima-

269 1206 343 1232 tum
360 1203 449 1242 quod
473 1213 586 1242 nuper,
611 1207 760 1243 tempore
784 1204 868 1233 bone
892 1204 1049 1234 memorie
1073 1204 1208 1234 Domini
1231 1204 1394 1235 Johannis
1417 1204 1458 1233 de
1483 1204 1639 1234 Grandis-

267 1256 355 1284 sono,
374 1246 529 1286 Episcopi
545 1247 749 1284 Exoniensis,
765 1247 939 1277 inmediati
957 1247 1199 1277 Predecessoris
1223 1248 1338 1285 nostri,
1355 1247 1516 1284 defuncti,
1534 1247 1575 1277 ad
1591 1247 1640 1277 in-

268 1289 428 1319 stanciam
446 1289 527 1319 dicti
543 1290 689 1328 Walteri,
707 1301 806 1329 super
821 1290 1019 1320 defectubus
1035 1290 1068 1320 in
1088 1290 1248 1328 Cancello,
1265 1290 1382 1328 Libris,
1399 1293 1433 1320 et
1450 1290 1520 1320 aliis
1538 1291 1640 1320 Orna-

271 1332 404 1370 mentis,
424 1332 601 1371 domubus,
619 1336 651 1363 et
675 1333 835 1363 clausuris
859 1333 1010 1364 Rectorie
1033 1334 1122 1364 dicte
1141 1334 1284 1364 Ecclesie
1307 1334 1348 1364 de
1372 1333 1641 1372 Northmoltone,

271 1375 477 1414 temporibus
494 1376 616 1416 quibus
633 1376 788 1416 Religiosi
803 1376 884 1414 Viri,
901 1377 1013 1407 Abbas
1029 1379 1064 1407 et
1081 1377 1274 1408 Conventus
1290 1377 1331 1407 de
1347 1377 1561 1415 Lulleshulle‚
1581 1377 1640 1407 Oo-

272 1419 456 1449 ventrensis
472 1422 506 1449 et
522 1419 781 1450 Lichefeldensis
806 1420 960 1457 Diocesis,
985 1421 1066 1450 dum
1091 1421 1229 1450 eandem
1253 1420 1433 1450 Ecclesiam
1457 1423 1639 1450 tenuerunt

270 1462 551 1502 contingentibus,
568 1473 651 1503 quos
668 1474 725 1502 per
740 1473 833 1493 suam
851 1463 1021 1501 incuriam,
1038 1464 1281 1503 necligenciam,
1300 1466 1335 1494 et
1352 1463 1483 1502 culpam
1509 1463 1640 1494 dimise-

270 1508 351 1535 runt
377 1505 594 1545 insuppletos,
620 1506 826 1546 irreparatos,
851 1509 885 1536 et
908 1517 974 1536 non
995 1507 1157 1545 refectos3
1182 1510 1215 1537 et
1239 1507 1297 1546 qui
1322 1506 1476 1546 Religiosi
1499 1506 1639 1544 fructus,

269 1549 432 1586 redditus,
450 1553 484 1579 et
501 1554 681 1589 proventus
698 1550 785 1579 dicte
804 1550 945 1580 Ecclesie
957 1560 1015 1589 per
1030 1561 1095 1580 non
1115 1550 1241 1580 modica
1257 1554 1408 1590 tempora
1424 1553 1642 1590 perceperunt

268 1594 302 1621 et
318 1591 518 1630 habuerunt,
535 1593 714 1632 Inqiiisicio
738 1593 823 1623 facta
847 1593 922 1630 fuit,
940 1593 973 1623 in
998 1594 1103 1623 forma
1126 1593 1220 1633 juris,
1245 1593 1357 1623 debita
1379 1596 1413 1623 et
1436 1593 1640 1632 solempnis;

269 1645 326 1673 per
342 1645 441 1674 quam
460 1635 716 1675 Inquisicionem
734 1636 884 1666 defectus
909 1636 1048 1676 predicti
1071 1637 1112 1666 ad
1130 1637 1234 1667 varias
1258 1636 1472 1676 pecuniarum
1492 1646 1641 1667 summas

268 1678 415 1716 fuerunt,
440 1679 564 1709 vocatis
587 1679 618 1709 in
644 1679 704 1709 hac
728 1682 821 1719 parte
845 1679 1008 1718 vocandis,
1034 1680 1276 1719 particulariter
1299 1679 1445 1710 estimati
1468 1683 1503 1710 et
1525 1680 1641 1719 taxati,

270 1724 369 1760 prout
384 1721 417 1751 in
436 1722 672 1752 Certificatorio
698 1723 928 1762 Inquisicionis
953 1723 1107 1763 predicte,
1127 1723 1254 1763 prefato
1278 1723 1502 1753 Predecessori
1525 1728 1639 1753 nostro

267 1774 366 1804 super
381 1764 443 1795 hoc
459 1765 591 1801 directe,
609 1768 642 1796 et
658 1766 691 1796 in
718 1766 876 1806 Registris
901 1766 1051 1806 ejusdem
1076 1767 1318 1797 Predecessoris
1342 1766 1455 1804 nostri,
1481 1767 1522 1796 (16
1546 1766 1639 1796 Man-

269 1807 348 1837 dato
366 1812 487 1846 nostro,
504 1813 650 1839 scrutate
666 1813 700 1839 et
724 1812 860 1849 reperte,
879 1810 1008 1849 plenius
1032 1810 1223 1840 continetur
1238 1821 1244 1849 3
1269 1810 1367 1850 cujus
1384 1810 1494 1840 Litere
1512 1810 1639 1840 Certifi-

267 1851 386 1881 catorie
410 1852 641 1891 Inquisicionis
667 1853 812 1891 predicte
835 1856 930 1883 tenor
953 1856 1004 1884 est
1029 1853 1361 1892 talis,—lteverendo,
1379 1856 1454 1891 etc.,
1479 1853 1638 1892 Johanni,

269 1894 330 1924 Dei
345 1895 453 1934 gracia
472 1895 649 1926 Exoniensi
667 1896 838 1936 Episcopo,
863 1907 943 1927 suus
967 1897 1103 1927 humilis
1128 1897 1282 1927 Officialis
1307 1896 1537 1927 Archidiaconi
1560 1897 1637 1926 Bar-

268 1938 449 1977 nastapolie
484 1939 718 1978 obedienciam,
749 1940 1055 1970 eto—Mandatum
1088 1944 1237 1970 vestrum
1268 1941 1488 1970 reverendum
1522 1940 1639 1980 recepi,

267 1984 417 2011 tenorem
434 1982 607 2013 continens
623 1983 1062 2023 subsequentem—Divina
1081 1983 1291 2013 miseracione
1307 1983 1487 2019 Johannes,
1505 1984 1638 2023 Episco-

269 2034 331 2063 pus
360 2025 564 2064 Exoniensis,
594 2026 831 2056 Archidiacono
857 2027 1112 2066 Barnastapolie,
1138 2027 1188 2056 vel
1212 2026 1284 2067 ejus
1308 2026 1457 2065 officiali,
1485 2027 1638 2064 salutem,

267 2068 553 2105 ete.—Querelam
578 2069 690 2099 dilecti
713 2070 747 2099 111
773 2070 904 2100 Christo
929 2070 998 2107 filii,
1024 2070 1159 2100 Domini
1176 2070 1314 2100 Walteri
1329 2070 1472 2110 Almaly,
1491 2070 1639 2100 Rectoris

269 2110 413 2141 Ecclesie
441 2111 481 2141 de
507 2112 776 2151 Northmoltone,
804 2124 936 2152 gravem
969 2113 1162 2153 recepimus,
1192 2115 1418 2143 continentem
1442 2114 1532 2153 quod
1557 2124 1638 2143 non-

116 2149 162 2175 f01·
266 2153 350 2183 nulli
367 2154 528 2193 defectus,
546 2159 613 2185 tam
632 2156 665 2186 in
684 2156 845 2193 cancello,
864 2157 981 2194 Libris,
1006 2160 1040 2186 et
1063 2157 1134 2186 aliis
1158 2157 1381 2194 Ornamentis,
1399 2166 1500 2196 quam
1523 2156 1557 2186 in
1581 2157 1637 2186 do-

117 2183 177 2209 201).
266 2197 388 2227 mubus
404 2202 439 2228 et
451 2198 610 2228 clausuris
623 2198 810 2230 sanctuarii
826 2200 969 2230 Ecclesie
985 2200 1183 2238 supradicte,
1197 2199 1326 2230 invenit
1340 2200 1549 2239 reparacione
1566 2199 1637 2239 plu-

266 2239 388 2270 rimum
405 2241 601 2280 indigentes,
619 2252 701 2282 quos
720 2243 872 2282 Religiosi
889 2243 968 2281 Viri,
987 2243 1096 2273 Abbas
1120 2246 1155 2274 et
1180 2243 1372 2274 Conventus
1390 2243 1582 2273 Monasterii
1597 2243 1639 2273 de

266 2283 466 2322 Lilleshulle,
480 2285 561 2315 dum
574 2285 697 2316 dictam
712 2286 889 2316 Ecclesiam
906 2290 1091 2316 tenuerunt
1107 2286 1323 2326 percipientes
1334 2286 1465 2316 fructus
1477 2285 1638 2326 ejusdem,

264 2336 321 2365 per
337 2337 430 2357 suam
447 2327 607 2358 incuriam
625 2329 835 2360 dimiserunt.
882 2329 1049 2367 Volentes,
1073 2329 1186 2368 igitur,
1204 2329 1332 2369 prefato
1350 2329 1504 2367 Waltero,
1522 2330 1563 2358 ad
1579 2339 1638 2359 sue

266 2370 437 2408 peticionis
453 2371 659 2409 instanciam,
678 2373 719 2402 de
735 2376 900 2412 oportuno
923 2373 957 2402 in
981 2373 1041 2402 hac
1064 2376 1157 2412 parte
1180 2372 1325 2402 remedio
1347 2372 1527 2411 providere,
1545 2372 1638 2402 vobis

269 2413 512 2444 committimus
539 2419 573 2445 et
600 2416 798 2446 mandamus
822 2416 992 2455 quatinus,
1019 2416 1144 2446 vocatis
1167 2416 1208 2446 de
1231 2415 1306 2455 jure
1331 2415 1494 2453 vocandis,
1519 2416 1559 2445 de
1583 2416 1637 2446 de-

267 2455 423 2487 fectubus
452 2457 657 2497 hujusmodi,
686 2459 744 2498 qui
771 2468 805 2489 et
831 2459 944 2499 quales
974 2459 1052 2496 sint,
1080 2462 1115 2489 et
1139 2459 1173 2488 in
1200 2459 1322 2498 quibus
1352 2458 1451 2488 rebus
1481 2458 1638 2497 existant,

268 2508 326 2538 pro
343 2503 468 2538 quanto
485 2501 587 2531 eciam
604 2502 726 2542 reperti
743 2502 893 2532 defectus
909 2512 1053 2541 congrue
1077 2505 1235 2541 poterunt
1259 2501 1410 2541 reparari,
1428 2512 1638 2541 quorumque

271 2542 478 2581 temporibus
504 2545 704 2583 acciderunt,
731 2546 772 2575 ad
801 2556 883 2585 quos
913 2548 1041 2585 spectat
1068 2545 1232 2584 repar-acio
1259 2544 1452 2583 eorundem,
1476 2555 1534 2585 per
1560 2545 1638 2575 fide-

266 2582 395 2624 dignos,
423 2589 491 2617 tam
516 2587 649 2618 clericos
672 2599 772 2628 quam
801 2589 908 2627 laicos,
937 2599 1035 2627 super
1062 2588 1230 2627 premissis
1257 2587 1412 2618 omnibus
1439 2591 1474 2618 et
1500 2588 1640 2627 singulis

268 2627 447 2666 pleniorem
472 2630 628 2661 noticiam
652 2631 853 2669 obtinentes,
871 2631 1009 2671 juratos,
1035 2631 1210 2671 diligenter
1233 2634 1267 2661 et
1289 2631 1428 2661 sollicite
1450 2631 1638 2671 inquiratis.

268 2671 323 2706 Et,
348 2672 435 2710 quia,
460 2683 500 2703 ex
524 2674 629 2704 causis
653 2675 821 2714 premissis
844 2679 878 2705 et
901 2675 972 2704 aliis
997 2674 1152 2714 legitimis
1176 2685 1235 2704 nos
1259 2673 1479 2712 moventibus,
1499 2675 1640 2713 fructus,

265 2713 429 2753 redditus,
457 2719 492 2745 et
522 2721 704 2756 proventus
733 2728 962 2757 quoscumque
993 2716 1136 2747 Ecclesie
1166 2717 1364 2757 supradicte,
1392 2727 1476 2757 quos
1504 2717 1643 2757 predicti

264 2756 421 2796 Religiosi
448 2758 520 2789 Viri
544 2760 586 2790 ad
613 2770 647 2790 se
672 2761 838 2801 pertinere
863 2761 1078 2801 pretendunt,
1104 2761 1138 2790 in
1166 2760 1435 2800 quibuscumque
1459 2761 1559 2791 rebus
1585 2771 1643 2791 seu

266 2799 431 2839 manibus,
450 2802 552 2832 eciam
576 2802 602 2833 si
626 2803 659 2833 in
684 2804 875 2834 nominibus
895 2803 1086 2834 debitorum
1111 2803 1265 2842 existant,
1284 2803 1489 2844 providimus
1512 2814 1642 2844 seques-
