1987 3062
238 244 333 286 342
446 256 548 288 THE
583 256 824 289 REGISTER
860 256 921 289 OF
956 256 1133 288 BISHOP
1169 256 1566 289 BRANTYNGHAM.

240 356 313 400 A‘J).
385 360 475 399 quod
499 364 714 400 compareant
736 371 846 391 coram
871 360 1025 397 Domino,
1047 360 1098 390 vel
1122 360 1225 400 ipsius
1243 360 1493 399 Commissariis,
1512 372 1578 392 uno
1597 362 1647 392 vel
1670 362 1771 402 pluri-

230 391 333 449 '153307141
391 404 464 441 bus,
492 404 545 434 die
573 405 668 434 Lune
695 404 845 443 proximo
876 407 952 443 post
978 404 1117 434 Festum
1147 404 1373 434 Exaltacionis
1406 405 1527 436 Sancte
1553 406 1676 443 Crucis,
1703 405 1773 436 ubi-

298 444 303 449 “
337 445 342 450 ”
392 457 536 487 cumque
559 447 673 484 fuerit,
689 452 764 484 etc,
781 447 823 477 ad
847 447 1101 486 proponendum
1124 457 1238 477 causas
1262 447 1529 486 1·aci011abiles‚si
1553 459 1635 488 quas
1658 459 1717 488 pro
1741 459 1775 479 se

391 491 545 527 habeant,
558 500 659 530 quare
674 501 734 530 pro
750 490 904 530 capcione
921 500 1097 529 corporum
1114 491 1305 525 earundem,
1320 501 1358 521 eo
1375 492 1463 530 quod
1479 502 1536 531 per
1552 492 1775 532 quadraginta

391 535 461 564 dies
477 537 512 564 et
527 534 670 573 amplius
687 534 720 563 in
738 533 1100 563 Excommunicacionis
1125 534 1260 574 Majoris
1286 534 1462 565 Sentencia
1484 535 1642 566 indurato
1664 535 1776 565 animo

392 577 612 617 perstiterint,
637 577 739 616 Regie
763 576 935 616 Majestati
960 577 1058 607 scribi
1083 577 1219 607 minime
1243 577 1373 608 debeat.
1422 578 1466 609 Et
1490 578 1615 609 habent
1632 579 1775 609 eundem

391 621 479 651 diem
496 621 591 650 Lune
607 620 649 650 ad
665 620 917 650 certificandum
935 620 1118 650 Dominum
1135 620 1184 650 vel
1205 620 1456 651 Commissarios
1472 622 1669 652 antedictos.

348 676 444 713 Case
464 675 505 711 of
530 674 714 724 adultery
733 688 740 717 ς
771 675 850 711 Pro
863 674 1037 721 personis
1057 675 1292 719 citandis,—

348 730 448 767 Item,
472 728 596 759 eisdem
620 728 673 758 die
696 731 731 759 et
754 728 834 765 1000,
851 728 1021 758 emanavit
1047 728 1181 766 Citacio,
1199 728 1327 760 directa
1352 730 1485 759 Decano
1510 729 1776 761 Christianitatis

390 772 518 803 Exonie
535 774 570 802 et
586 771 719 802 Rectori
738 771 881 802 Ecclesie
906 771 1020 802 Sancti
1045 772 1222 802 Pancracii.
1244 772 1396 812 ejusdem
1423 773 1588 811 Civitatis,
1606 774 1648 803 ad
1671 774 1776 804 citan-

391 816 473 845 dum
492 815 674 845 Dominum
693 815 932 854 Randulphum
952 814 1204 852 Birkeslmvede,
1222 816 1393 846 Vicarium
1418 816 1563 846 Ecclesie
1580 817 1620 846 (le
1640 818 1774 847 Brauni-

390 859 485 889 forde
508 857 675 898 [-Speke]‚
705 861 739 888 et
766 858 952 896 Elenoram,
978 868 1117 888 uxorem
1143 859 1275 890 Ricardi
1302 861 1401 899 Pope,
1425 870 1553 890 necnon
1589 860 1777 890 Hamonem

390 902 534 933 Thomas
550 906 586 932 et
602 902 767 941 Agnetem
792 912 930 932 uxorem
955 901 1117 941 ejusdem,
1135 902 1225 941 quod
1249 907 1464 942 compareant
1487 913 1596 933 coram
1624 904 1776 941 Domino,

392 945 445 976 vel
476 945 549 985 ejus
574 945 817 982 commissario,
842 945 875 975 in
902 945 1049 975 Manerio
1074 945 1280 985 (Ji-yditonie,
1305 946 1359 976 die
1385 946 1502 976 Martis
1525 946 1676 985 proximo
1701 951 1777 986 post

390 989 530 1019 Festum
559 988 795 1018 Decollacionis
823 988 938 1018 Sancti
964 988 1127 1018 Johannis
1156 989 1333 1028 Baptiste3
1371 989 1462 1027 dicti,
1492 989 1657 1021 videlicet.
1692 991 1776 1020 Ran-

389 1032 537 1071 dulphus
560 1035 595 1061 et
618 1032 759 1062 Elenora
781 1031 973 1071 responsuri
996 1041 1096 1071 super
1119 1032 1285 1063 adulterio
1302 1035 1337 1063 et:
1353 1033 1483 1063 incestu
1503 1043 1560 1072 per
1576 1033 1719 1071 eosdem,
1737 1038 1778 1063 ut

388 1075 522 1112 dicitur,
536 1075 718 1105 commissis
736 1085 742 1112 ;
759 1075 850 1112 dicti,
862 1085 950 1112 vem,
966 1075 1075 1104 Hamo
1091 1078 1124 1104 et
1142 1076 1252 1113 Agnes
1269 1086 1368 1115 super
1384 1076 1612 1114 receptacione
1628 1077 1776 1116 ipsorum

387 1121 514 1149 temere
530 1118 564 1148 111
582 1118 734 1158 peccatis.
785 1118 831 1148 Et
848 1118 973 1148 habent
990 1118 1079 1148 diem
1096 1119 1286 1157 predictum
1304 1120 1345 1149 ad
1363 1119 1627 1157 certificandum,
1646 1123 1709 1151 etc.

235 1172 315 1231 ξξξῐ
343 1173 425 1210 The
446 1173 690 1210 Submission
711 1173 750 1209 of
771 1172 940 1209 Richard
964 1172 1228 1217 Prideanx‚—

238 1247 305 1265 nm.
343 1227 441 1264 Item,
458 1226 592 1264 ibidem,
610 1226 718 1266 primo
734 1226 788 1256 ‹lie
805 1226 1021 1265 Septembris,
1042 1226 1201 1257 Ricardus
1220 1228 1395 1266 Prideaux,
1410 1239 1604 1268 comparens
1621 1239 1775 1268 persona-

387 1271 474 1307 liter,
499 1270 593 1300 flexis
616 1270 778 1309 genubus,
798 1269 973 1299 humiliter
995 1280 1014 1299 a.
1038 1270 1182 1300 Domino
1207 1272 1307 1310 petiit
1334 1271 1597 1310 Absolucionein,
1623 1283 1661 1302 eo
1685 1273 1775 1313 quod

388 1313 422 1344 in
462 1313 645 1343 Dominum
684 1313 874 1343 ,iohannem
906 1313 1074 1349 Duraunt,
1108 1314 1283 1344 Rectorem
1325 1315 1469 1345 Ecclesie
1503 1315 1701 1346 Parochialis
1733 1317 1775 1347 (le

390 1357 716 1397 Combeyntmhide,
734 1357 767 1387 in
794 1356 938 1387 Ecclesia
963 1356 1157 1387 Cathedrali
1181 1358 1319 1394 Exonie,
1341 1368 1447 1398 nuper
1471 1369 1589 1389 manus
1612 1360 1775 1391 violentas

389 1404 516 1431 temere
539 1399 664 1440 injecit,
682 1400 714 1430 in
740 1410 816 1430 casu
842 1410 861 1430 a
883 1399 959 1439 jure
983 1410 1048 1429 non
1075 1401 1243 1439 permisso,
1262 1401 1351 1431 unde
1374 1402 1407 1431 in
1434 1412 1553 1442 penam
1572 1403 1714 1433 Canonis
1739 1404 1775 1434 Si

390 1443 471 1484 quis,
488 1443 639 1474 suadente
654 1443 788 1481 diabolo,
807 1443 934 1481 incidit,
952 1443 1023 1482 ipso
1040 1443 1128 1473 facto
1145 1454 1152 1480 3
1178 1448 1314 1484 propter
1330 1446 1417 1484 quod
1436 1446 1586 1485 prefatus
1610 1447 1774 1477 Dominus

390 1490 425 1518 et
441 1487 497 1517 alii
515 1486 673 1518 Canoniei
689 1487 778 1517 dicte
796 1486 941 1517 Ecclesie
955 1486 1165 1517 Cathedralis
1182 1488 1292 1527 ipsum
1312 1489 1490 1518 Ricardum
1508 1490 1773 1520 excommunica-

389 1533 464 1561 tum
481 1530 552 1561 fore
568 1540 605 1560 ac
622 1540 691 1560 esse
708 1530 741 1560 111
759 1530 875 1560 eadem
894 1530 1041 1560 Ecclesia
1058 1530 1189 1569 publice
1205 1531 1453 1562 denunciarunt
1471 1543 1477 1570 ;
1502 1543 1639 1571 necnon,
1658 1533 1773 1564 Archi-

390 1573 528 1611 diaconi,
546 1583 728 1613 eorumque
747 1573 918 1611 Officiales‚
936 1584 973 1603 ac
989 1573 1091 1603 ceteri
1110 1574 1227 1604 Curavi
1251 1575 1284 1604 in
1303 1575 1443 1612 Diocesi‚
1464 1586 1523 1615 pro
1547 1577 1774 1607 excommuni-

389 1620 464 1647 cato
495 1617 605 1656 ipsum
636 1617 881 1656 subsequenter
916 1616 1048 1655 publice
1079 1617 1336 1648 denunciarunt.
1385 1619 1606 1659 Prestitaque,
1638 1620 1772 1659 ibidem,

390 1660 545 1690 caucione
569 1660 610 1690 de
626 1661 773 1699 parendo
796 1659 875 1699 juri,
895 1660 1151 1690 Absolucionem
1175 1661 1216 1691 ad
1242 1665 1385 1700 tempus,
1404 1672 1578 1702 quousque
1602 1664 1775 1694 commode

389 1704 526 1735 Curiam
544 1704 727 1733 Romanam
751 1707 863 1743 posset
879 1703 980 1740 adire,
999 1703 1163 1734 Dominus
1186 1704 1331 1735 absolvit
1354 1705 1499 1735 eundem
1524 1706 1557 1736 in
1582 1706 1689 1736 forma
1713 1707 1772 1737 Ec-

390 1747 487 1777 clesie
510 1750 677 1777 consueta.
722 1746 771 1776 Ac
798 1757 897 1785 super
922 1747 984 1776 hoc
1011 1747 1139 1777 Literas
1162 1747 1282 1778 habuit
1305 1748 1448 1778 directas
1474 1750 1606 1779 Decano
1631 1751 1774 1781 Ecelesie

392 1790 602 1821 cathedralis
626 1790 763 1827 Exonie,
782 1789 1099 1829 Archidiaconisque
1123 1791 1251 1821 Exonie
1267 1794 1301 1821 et
1325 1792 1583 1832 Barnastapolie,
1601 1796 1635 1823 et
1659 1804 1773 1824 eornm

391 1833 619 1869 Officialibns;
653 1833 794 1870 Decano,
820 1833 933 1870 eciam⁷
961 1832 1226 1864 Christianitatis
1258 1835 1394 1873 Exonie,
1423 1835 1609 1875 ceterisque
1641 1837 1775 1868 Curatis

390 1887 450 1917 per
466 1876 782 1906 Archidiaconatum
800 1876 938 1913 Exonie,
954 1879 988 1906 et
1004 1876 1263 1916 Barnustapolie,
1281 1877 1344 1907 sub
1360 1883 1451 1909 certa
1468 1879 1575 1909 forma
1589 1884 1773 1911 contentas.

347 1931 501 1974 Exeter,
525 1930 581 1967 St.
604 1930 627 1966 J
631 1929 768 1967 ames’s
788 1930 925 1979 Priory
940 1942 950 1975 3
971 1927 1178 1980 [Custodia
1198 1930 1473 1983 Sequesm·12?],-

349 1984 447 2022 Item,
464 1983 588 2014 eisdem
611 1983 665 2014 die
688 1986 723 2014 et
739 1983 818 2021 loce,
836 1983 1005 2014 emanavit
1023 1983 1221 2014 Mandatum
1245 1985 1409 2015 directum
1430 1986 1562 2017 Decano
1581 1987 1774 2019 Christiani-

392 2027 473 2058 tatis
497 2026 624 2057 Exonie
646 2037 682 2057 ac
708 2027 841 2057 Rectori
865 2026 1008 2057 Ecclesie
1032 2027 1233 2058 Parochialis
1256 2028 1297 2058 de
1325 2028 1409 2059 Clist
1435 2030 1550 2061 Sancti
1574 2031 1715 2071 Georgii,
1733 2032 1776 2062 ad

391 2070 649 2101 custodiendum
675 2071 895 2110 Sequestrum
922 2070 1159 2109 interpositum
1186 2081 1245 2111 per
1272 2072 1455 2103 Dominum
1482 2073 1516 2104 111
1540 2073 1676 2105 decimis
1699 2086 1775 2114 pro—

392 2113 605 2144 venientibus
631 2113 673 2143 de
700 2113 799 2143 terris
825 2116 861 2144 et
888 2113 993 2153 pratis
1021 2113 1143 2144 Prioris
1171 2114 1286 2145 Sancti
1312 2115 1437 2154 Jacobi,
1461 2115 1563 2155 juxta
1594 2117 1776 2149 Civitatem

392 2157 529 2195 Exonie,
546 2157 633 2187 infra
649 2156 730 2186 fines
753 2159 788 2187 et
812 2156 935 2187 limites
960 2156 1117 2187 Parochie
1140 2157 1182 2187 de
1205 2158 1400 2189 Farendone
1424 2159 1658 2198 existentibus,
1676 2172 1776 2201 super

391 2200 514 2240 quibus
524 2200 558 2230 in
570 2199 773 2231 Cancellaria
782 2199 935 2240 ejusdem
947 2200 1082 2230 Domini
1094 2204 1186 2231 mota
1196 2204 1248 2231 est
1259 2202 1484 2233 controversia
1497 2203 1586 2234 inter
1599 2204 1775 2235 Rectorem

391 2244 433 2274 de
450 2243 644 2274 Farendone
655 2243 813 2283 predicta,
827 2254 867 2273 ex
884 2246 979 2282 parte
996 2253 1071 2281 una,
1089 2246 1124 2274 et
1140 2245 1311 2283 prefatum
1330 2245 1478 2276 Priorem
1492 2256 1532 2276 ex
1550 2251 1644 2286 parte
1660 2248 1774 2287 altera,

390 2297 566 2327 quousque
589 2287 629 2317 lis
651 2286 862 2326 adquieverit
877 2287 911 2316 in
928 2286 989 2316 hae
1004 2291 1110 2327 parte,
1128 2298 1188 2327 pro
1205 2298 1284 2328 pace
1299 2291 1334 2319 et
1351 2289 1464 2329 quiete
1482 2289 1636 2321 Parcium
1659 2301 1773 2331 supra-

391 2330 567 2361 dictarum.

599 2372 643 2411 [A
666 2372 768 2403 blank
792 2382 888 2412 space
913 2372 1003 2411 (nine
1025 2372 1122 2411 lines)
1147 2383 1212 2403 was
1236 2373 1298 2405 left
1322 2373 1429 2414 here]

238 2431 294 2491 {3¹5
348 2433 430 2470 The
452 2433 545 2470 War
564 2433 604 2469 in
627 2433 656 2469 F
659 2445 773 2470 rance
790 2445 800 2479 3
829 2432 964 2469 Litera
992 2433 1311 2478 Prot-essionis,—

294 2482 304 2493 ⁶
348 2486 501 2524 Thomas,
525 2489 598 2524 etc„
622 2486 862 2516 Archidiacono
886 2486 1062 2524 Cornubie,
1087 2489 1160 2525 ete„
1185 2487 1237 2517 vel
1259 2486 1332 2527 ejus
1356 2487 1506 2525 officiali,
1532 2489 1686 2527 salutem,
1710 2493 1773 2522 etc.

392 2530 547 2560 Gaudere
573 2540 639 2560 non
663 2529 876 2559 mediocriter
902 2529 1063 2559 debemus
1089 2539 1130 2559 ex
1158 2530 1222 2560 fide
1248 2530 1449 2561 inclitissimi
1476 2532 1647 2572 PrincipiS,
1678 2534 1775 2573 Regis

390 2573 497 2604 nostri
514 2573 670 2603 Edwardi
686 2572 859 2611 presentis,
876 2572 946 2613 qui,
962 2572 1044 2602 dum
1059 2572 1101 2602 ad
1117 2572 1329 2612 dirigendum
1348 2574 1514 2613 Populum
1530 2575 1591 2605 sibi
1608 2576 1774 2607 creditum

390 2627 449 2656 per
475 2616 630 2647 semitam
658 2616 895 2646 Mandatorum
923 2615 995 2652 Dei,
1027 2618 1224 2655 statumque
1251 2617 1356 2656 Regni
1384 2618 1512 2657 Anglie,
1540 2629 1668 2649 necnon
1695 2620 1773 2650 Pro-

390 2669 514 2697 cerum,
542 2659 752 2698 Magnatum,
779 2662 814 2689 et
842 2658 961 2698 Populi
989 2658 1139 2698 ejusdem
1167 2659 1273 2699 Regni
1297 2670 1490 2691 conservare
1516 2672 1711 2702 prosperum
1739 2666 1774 2693 et

393 2702 613 2742 tranquillum
638 2701 820 2741 pretendit,
849 2701 911 2731 Dei
934 2701 1192 2732 misericordiam
1216 2706 1251 2733 et
1275 2703 1475 2734 Sanctorum
1502 2704 1591 2744 piam
1617 2705 1772 2736 interces-

391 2745 526 2783 sionem,
544 2755 710 2784 suumque
734 2745 767 2775 in
790 2744 851 2775 hae
879 2747 974 2784 parte
996 2744 1104 2784 jactat
1130 2745 1164 2775 in
1192 2745 1336 2776 Domino
1363 2747 1557 2786 cogitatum,
1583 2758 1711 2779 necnon
1736 2751 1772 2779 ct

391 2788 579 2818 considerat
609 2788 713 2827 magis
743 2787 805 2827 piis
834 2787 1005 2827 justorum
1037 2790 1071 2818 et
1101 2788 1250 2819 fidelium
1282 2789 1410 2819 devotis
1437 2791 1644 2822 oracionibus
1669 2802 1771 2831 quam

390 2831 503 2861 officiis
527 2834 562 2861 et
586 2830 756 2861 laboribus
783 2840 958 2870 corporum
987 2831 1039 2861 vel
1063 2831 1185 2862 sudore
1209 2836 1360 2863 nostram
1387 2843 1457 2863 rem
1485 2834 1651 2874 publicam
1677 2844 1771 2874 posse

1952 1693 1958 1701 ’
1950 1508 1969 1662 ψὶι-ΜΜ
