1987 3062
71 809 118 835 sol.

70 843 131 869 86b.

395 251 678 287 REGISTRUM
715 249 1166 286 COMMUNE—ANNO
1207 240 1294 284 11⁰.
1502 238 1594 285 437

222 358 361 398 singulis
378 358 506 398 quartis
529 362 563 389 et
586 358 688 389 sextis
711 358 800 389 feriis
824 358 980 389 continue
1004 357 1074 388 fieri
1098 357 1290 397 procuretis.
1338 357 1391 395 Et,
1411 359 1449 386 ut
1464 356 1505 386 ad
1523 366 1594 395 pre-

223 401 321 432 missa
336 401 486 432 facienda
503 405 630 432 mentes
647 402 858 432 subditorum
876 405 1066 432 nostrorum
1090 401 1244 431 devocius
1268 400 1467 436 excitentur,
1488 399 1593 429 omni-

221 444 284 474 bus
307 448 341 475 et
364 445 502 485 singulis
526 446 620 475 nobis
642 445 812 485 subjectis,
829 448 864 475 et
887 445 958 475 aliis
982 454 1125 485 quorum
1152 444 1324 474 Diocesani
1347 443 1431 473 hanc
1448 446 1596 473 nostram

221 487 473 528 Indulgenciam
497 494 603 519 ratam
627 488 807 519 habuerint
830 492 864 519 et
886 494 1065 528 acceptam,
1086 487 1144 528 qui
1160 486 1355 528 hujusmodi
1372 485 1596 517 Processiones

221 531 370 569 fecerint,
387 535 446 562 aut
469 543 522 562 eas
545 532 651 562 secuti
674 532 809 569 fuerint,
828 532 946 572 pieque
973 533 1079 561 Deum
1104 542 1163 570 pro
1180 530 1345 570 premissis
1362 530 1537 566 oraverint,
1555 529 1597 559 de

221 575 363 613 peccatis
379 575 447 605 suis
464 586 538 605 vere
556 575 785 615 penitentibus
802 579 835 605 et
851 574 1017 612 confessis,
1035 574 1075 604 de
1100 574 1348 614 Omnipotentis
1373 572 1597 603 misericordia

222 621 256 647 et
280 619 380 649 Beate
404 619 507 649 Marie
525 619 677 658 Virginis,
696 619 812 649 Matris
837 619 911 656 Sue,
930 629 966 648 ac
983 619 1161 648 Beatorum
1187 617 1277 647 Petri
1293 620 1327 647 et
1345 616 1439 647 Pauli
1456 616 1595 656 Aposto-

222 660 339 699 lorum,
358 662 576 692 Patronorum
594 666 794 699 nostrorum,
815 662 1041 701 Omniumque
1066 662 1263 692 Sanctorum
1289 660 1415 690 meritis
1439 662 1473 690 et
1498 659 1597 699 preci-

223 703 284 735 bus
308 706 520 743 confidentes,
543 705 763 745 quadraginta
785 705 854 735 dies
879 704 1094 744 Indulgencie
1118 704 1372 734 misericorditer
1395 704 1430 734 in
1455 703 1598 733 Domino

222 748 433 779 concedimus
451 759 508 789 per
524 749 706 786 Presentes‚
723 748 942 779 etc.—-Dated
960 749 1108 786 London,
1126 749 1167 777 22
1184 747 1335 778 October.

177 814 260 850 The
280 814 439 851 Secular
457 827 540 851 arni
558 827 567 860 3
597 815 676 851 Pro
695 813 1022 851 exconmmmicatis
1042 813 1303 860 capiendis,—

180 867 474 905 Excellentissirno,
493 872 565 906 etc.,
592 867 741 905 Ricardo,
766 871 837 904 etc„
862 867 895 897 in
921 867 1122 898 Cancellaria
1146 877 1214 905 sua,
1240 867 1392 904 Thomas,
1418 869 1488 903 etc„
1515 865 1599 896 salu-

222 914 300 949 tem,
333 911 647 942 ete-Excellencie
678 914 785 941 vestre
818 911 916 950 Regie
947 911 1142 940 intimamus
1173 910 1263 951 quod
1295 910 1430 940 Domini
1458 909 1601 940 Thomas

223 954 387 993 [Lacche],
421 955 541 985 Rector
571 955 612 985 de
644 955 847 994 Combepyn‚
873 954 1016 984 Thomas
1048 955 1165 992 Barou,
1194 954 1235 984 de
1261 954 1448 994 Colyforde,
1481 953 1602 993 Guydo

224 997 419 1037 Axebrigge,
441 998 611 1038 Philippus
634 996 871 1038 [Pampiloun],
897 997 1046 1028 Vicarius
1071 998 1110 1027 de
1137 997 1395 1035 Southtautone,
1415 996 1602 1027 XVillelmus

225 1041 400 1081 [Syward]‚
429 1041 578 1071 Vicarius
609 1042 649 1071 de
682 1041 808 1080 Pynho,
842 1041 1019 1080 Gregorius
1051 1039 1204 1081 [Cooke],
1239 1042 1358 1071 l'tector
1390 1039 1534 1070 Ecclesie
1561 1040 1602 1069 de

224 1084 459 1122 Jacobestowe,
490 1085 675 1115 Willelmus
706 1084 850 1124 [Foger],
878 1085 999 1114 Rector
1030 1084 1174 1114 Ecclesie
1206 1084 1247 1114 de
1279 1083 1537 1122 Inxvardeleghe,
1569 1086 1603 1112 et

223 1127 393 1158 Johannes
424 1128 619 1167 [Duraunt]‚
652 1128 773 1158 Rector
798 1127 941 1158 Ecclesie
972 1128 1012 1157 de
1046 1128 1288 1166 Wascliefoiwle,
1321 1131 1457 1167 propter
1487 1136 1603 1156 eorum

223 1171 416 1201 manifestas
433 1172 656 1201 contumacias
673 1175 705 1201 et
729 1171 868 1201 offensas
891 1171 925 1201 in
950 1181 1016 1201 non
1042 1171 1186 1211 parendo
1210 1172 1333 1201 nostris
1359 1170 1602 1200 Monicionibus

223 1214 397 1245 Canonicis
413 1218 609 1253 contractas,
626 1214 753 1244 fuerint
773 1221 806 1244 et
822 1214 891 1244 sint
914 1218 1027 1245 nostra
1054 1215 1254 1244 auctoritate
1278 1214 1442 1244 ordinaria
1467 1213 1604 1253 Majoris

224 1258 589 1288 Excommunicacionis
606 1258 781 1289 Sentencia
798 1258 860 1288 rite
877 1261 911 1287 et
928 1257 1074 1297 legitime
1091 1258 1243 1288 innodati
1267 1262 1300 1288 et
1324 1256 1604 1287 excommunicati

223 1301 353 1340 publice
379 1301 536 1339 nunciati,
561 1312 597 1331 ac
620 1301 652 1331 in
679 1300 874 1341 hujusmodi
900 1301 1264 1331 Excommunicacionis
1288 1301 1464 1331 Sentencia
1487 1310 1545 1339 per
1569 1299 1603 1329 xl

224 1344 293 1374 dies
317 1347 351 1374 et
373 1344 516 1384 amplius
539 1355 557 1374 a
581 1347 729 1383 tempore
753 1344 1020 1374 denunciacionis
1052 1344 1247 1384 hujusmodi
1280 1347 1543 1384 perseverarunt,
1569 1345 1604 1372 et

223 1387 331 1417 adhuc
356 1390 574 1426 perseverant,
598 1387 708 1417 animo
735 1387 901 1425 indurato,
930 1388 1045 1418 Claves
1074 1387 1218 1418 Ecclesie
1247 1387 1505 1426 dampnabiliter
1528 1396 1602 1416 con-

226 1431 439 1470 tempnendo.
483 1431 617 1469 Verum,
635 1441 711 1461 cum
731 1430 874 1461 Ecclesia
890 1441 955 1460 non
973 1431 1094 1461 habeat
1110 1431 1191 1471 quid
1210 1431 1297 1461 ultra
1314 1431 1422 1468 faciat,
1442 1429 1605 1460 Potestati

226 1474 324 1513 Regie
341 1474 565 1513 supplicamus
582 1474 750 1514 quatinus,
770 1478 807 1504 ut
824 1484 908 1514 quos
926 1474 989 1504 Dei
1008 1475 1106 1504 timor
1122 1485 1141 1504 a
1164 1474 1251 1504 malo
1274 1484 1340 1504 non
1364 1476 1496 1503 revocat
1521 1483 1605 1512 pena

225 1517 344 1547 saltem
362 1517 553 1556 temporalis
570 1517 722 1547 cohibeat
737 1527 756 1547 a
772 1520 915 1556 peccato,
934 1528 992 1557 pro
1008 1517 1162 1557 capcione
1185 1517 1353 1548 dictorum
1377 1517 1512 1554 Thome,
1531 1520 1603 1554 etc.,

225 1560 598 1597 excommunicatorum,
617 1561 704 1590 utin
729 1560 956 1590 consimilibus
980 1564 1030 1591 est
1054 1561 1124 1591 fieri
1148 1564 1354 1598 consuetum,
1372 1560 1512 1591 scribere
1536 1560 1604 1599 dig-

226 1607 326 1634 netur
343 1606 451 1633 vestra
469 1604 567 1643 Regia
586 1603 928 1634 Celsitudo.——Dated
946 1604 1094 1642 London,
1114 1605 1149 1634 21
1172 1605 1324 1635 October.

182 1669 324 1706 Exeter
340 1681 350 1715 3
370 1669 424 1705 St.
449 1669 472 1705 J
477 1668 586 1706 ohn's
608 1668 790 1718 Hospital
804 1682 815 1715 3
839 1668 1064 1706 Com-missio
1079 1669 1132 1706 ad
1152 1669 1431 1717 inspiciendum
1447 1668 1606 1706 Statum

235 1729 268 1759 et
291 1722 563 1760 Orclt'tzacc'ones
583 1724 624 1759 z'n
646 1722 846 1770 Hospitali
865 1723 999 1760 Sancti
1017 1723 1210 1760 „Iohannis
1230 1723 1446 1768 [wonlef—-

182 1776 280 1815 Item,
314 1776 503 1814 Londoniis,
536 1775 661 1816 xxiiijto
692 1777 745 1807 die
778 1777 941 1815 Octobris,
969 1777 1130 1816 scriptum
1158 1778 1226 1807 fuit
1251 1777 1411 1816 Magistro
1440 1776 1606 1807 Willelmo

226 1819 404 1859 Trevellys,
436 1820 478 1850 ad
509 1819 752 1859 inspiciendum
784 1820 922 1851 Statuta
949 1824 983 1850 et
1011 1820 1247 1851 Ordinaciones
1278 1820 1459 1860 Hospitalis
1491 1819 1606 1851 Sancti

226 1862 389 1894 Johannis
406 1863 543 1901 Exonie,
563 1866 596 1894 et
612 1863 653 1893 de
669 1863 876 1894 rescribendo
893 1873 968 1894 cum
993 1864 1117 1904 poterit
1133 1864 1166 1894 in
1183 1875 1250 1904 qua
1274 1868 1377 1904 parte,
1401 1874 1458 1894 sen
1483 1863 1606 1903 quibus

226 1906 386 1946 partibus,
404 1906 577 1946 indigeant
593 1907 736 1946 reparari
752 1917 809 1937 seu
827 1907 1005 1938 emendari.

75 1970 135 1996 No·
177 1971 215 2008 N
218 1984 266 2009 on
274 1972 480 2009 -residence
495 1985 504 2018 5
524 1973 762 2009 Mamlatmn
780 1978 911 2010 contra
930 1986 1006 2009 non
1024 1973 1295 2018 residentes,—

74 2012 151 2029 VBM—

75 2045 142 2063 BER,
177 2025 331 2063 Thomas,
352 2029 425 2064 etc.,
444 2025 582 2057 Officiali
598 2030 711 2056 nostre
734 2026 984 2058 Jurisdiccionis
1008 2027 1186 2057 Peculiaris
1210 2027 1243 2057 in
1269 2026 1426 2064 Devonia,
1452 2026 1605 2064 salntem,

226 2072 286 2099 etc.
294 2069 441 2099 -Nobis
462 2069 685 2107 subditorum,
703 2073 738 2100 et
757 2070 910 2110 precipue
935 2070 1146 2108 Curatorum,
1164 2070 1362 2110 periculosas
1379 2069 1606 2109 necligencias,

227 2122 308 2152 quas
326 2112 465 2143 ulterius
483 2112 634 2143 tollerare
651 2123 715 2143 non
733 2123 918 2153 possumus,
936 2124 976 2143 ne
993 2114 1139 2154 ipsorum
1157 2114 1290 2153 sanguis
1306 2114 1346 2143 de
1363 2114 1485 2143 nostris
1502 2112 1604 2143 mani-

228 2155 290 2185 bus
321 2155 519 2195 requiratur,
543 2166 584 2186 ex
609 2156 714 2187 Officii
738 2157 842 2186 nostri
865 2157 979 2187 debito
1007 2157 1155 2196 cogimur
1178 2157 1355 2196 increpare.
1403 2157 1497 2193 Sane,
1524 2156 1605 2186 tacti

227 2198 338 2228 dolore
355 2198 461 2229 cordis
478 2199 689 2237 intrinsecus,
714 2199 957 2239 fidedignorum
975 2200 1136 2230 relacione
1159 2200 1386 2230 intelleximus
1410 2199 1500 2240 quod
1523 2209 1603 2229 non-

229 2241 313 2272 nulli
337 2242 492 2272 Rectores
516 2248 551 2272 et
573 2242 694 2273 Vicarii
719 2243 875 2282 Perpetui
900 2243 1120 2273 Ecclesia-rum
1146 2243 1389 2273 Parochialiuin
1412 2246 1604 2273 nostrarum

228 2284 382 2315 Civitatis
399 2288 433 2315 et
457 2285 611 2323 Diocesis,
626 2296 644 2315 a
662 2286 757 2316 Curis
781 2285 827 2316 eis
844 2286 1023 2326 deputatis,
1049 2297 1107 2326 pro
1130 2287 1253 2326 quibus
1280 2287 1421 2316 Domino
1444 2289 1605 2316 tenentur

228 2328 366 2358 reddere
389 2328 564 2365 racionem,
591 2339 625 2358 se
649 2329 874 2366 mercenarios,
899 2329 1021 2369 quibus
1052 2340 1117 2360 non
1141 2333 1191 2359 est
1215 2340 1292 2359 cura
1315 2329 1356 2359 de
1380 2329 1497 2360 ovibus
1528 2339 1604 2359 cum

228 2371 415 2401 animarum
431 2371 522 2402 lucra
538 2382 602 2402 non
620 2375 771 2411 querant,
790 2372 901 2412 pocius
924 2372 1147 2410 ostendentes,
1164 2383 1183 2402 a
1199 2372 1268 2402 suis
1294 2372 1454 2410 Ecclesiis,
1480 2372 1605 2412 absque

230 2417 342 2444 nostra
362 2415 510 2444 Licencia
527 2425 584 2445 seu
601 2415 712 2455 aliqua
728 2426 825 2445 causa
848 2415 1046 2453 racionabili,
1065 2426 1099 2446 se
1122 2416 1308 2454 absentant,
1327 2419 1361 2446 et
1384 2416 1605 2446 absentarunt

229 2467 287 2497 per
303 2460 453 2497 tempora
476 2458 645 2496 diuturna,
665 2458 883 2488 Ecclesiarum
907 2458 1102 2498 hujusmodi
1118 2462 1152 2489 et
1169 2459 1442 2498 parochianorum
1466 2469 1604 2489 suorum

229 2500 375 2540 regimen
407 2503 531 2531 temere
559 2501 766 2539 (leserend03
794 2512 834 2532 ex
862 2512 928 2541 quo
953 2502 988 2532 in
1015 2502 1136 2541 populo
1163 2502 1246 2532 vicia
1271 2502 1435 2542 pululant,
1462 2502 1604 2532 Divinus

232 2544 351 2574 Cultus
367 2543 576 2582 diminuitur,
601 2544 808 2584 hospitalitas
832 2545 1024 2583 retrahitur,
1049 2545 1176 2575 edificia
1198 2545 1421 2584 collabuntur,
1438 2549 1472 2576 et
1495 2545 1608 2585 gravia

231 2587 384 2617 scandala
399 2587 613 2626 suscitantur,
631 2598 676 2626 ac,
694 2588 897 2628 prochdolor,
915 2588 1024 2618 anime
1040 2589 1079 2618 ad
1097 2598 1241 2628 quorum
1258 2589 1401 2619 salutem
1417 2588 1607 2628 spirituales

231 2630 351 2660 medici
366 2630 583 2670 deputantur,
599 2631 810 2661 evidentibus
826 2631 978 2670 periculis
1001 2635 1225 2671 exponuntur.
1272 2632 1350 2669 Nos,
1369 2632 1481 2671 igitur,
1498 2635 1550 2662 tot
1575 2634 1608 2662 et

231 2673 336 2703 tantis
368 2673 462 2703 malis
493 2676 527 2704 et
558 2674 710 2713 periculis
737 2675 911 2714 oportunis
936 2674 1068 2704 obviare
1099 2675 1252 2705 remediis
1283 2675 1486 2713 affectantes,
1515 2675 1607 2705 vobis

232 2716 484 2754 committimus,
502 2721 573 2755 etc„
591 2718 750 2757 quatinus
774 2727 887 2747 omnes
912 2720 945 2747 et
968 2717 1114 2758 singulos
1137 2719 1294 2749 Rectores
1311 2721 1346 2749 et
1362 2718 1507 2748 Vicarios
1532 2719 1607 2748 Per-

231 2763 359 2799 petuos,
388 2763 458 2790 tam
484 2760 517 2789 in
545 2763 658 2790 nostra
687 2761 829 2791 Civitate
855 2761 1001 2800 predicta
1028 2771 1128 2801 quam
1155 2761 1189 2792 in
1215 2761 1350 2800 Exonie,
1381 2761 1547 2799 Tottonie,
1575 2764 1610 2792 et

237 2802 483 2842 Barnastapolie
509 2803 851 2842 Archidiaconatibus,
880 2804 1020 2834 ubilibet
1046 2804 1256 2843 constitutos,
1285 2805 1344 2845 qui
1370 2815 1388 2834 a
1416 2805 1512 2836 Curis
1538 2805 1607 2835 suis

241 2845 436 2886 hujusmodi
459 2846 582 2887 absque
605 2851 719 2878 nostra
742 2846 893 2878 Lieencia
914 2858 949 2878 se
971 2847 1162 2886 absentant,
1180 2847 1208 2879 si
1230 2847 1445 2888 personaliter
1467 2848 1609 2879 inveniri
