1987 3062
296 199 389 245 274
507 211 606 243 THE
640 210 879 243 REGISTER
918 210 977 243 OF
1014 210 1190 244 BISHOP
1226 207 1628 242 BRANTYNGHAM.

299 313 374 372 3³3·ss-
452 315 597 346 Diocesis
614 315 836 346 Ecclesiarum
860 315 1016 345 Rectores
1040 314 1108 354 qui,
1129 314 1273 345 dimissis
1297 313 1483 344 animarum
1508 312 1595 343 curis
1611 312 1734 342 eisdem
1748 320 1834 341 com-

300 380 373 410 [VOL
389 380 420 406 Π
434 380 444 413 1
459 358 576 397 missis,
589 359 728 389 avaricie
742 358 824 388 vicio
837 357 992 395 excecati,
1009 368 1025 387 a
1039 357 1137 388 dictis
1150 358 1217 388 suis
1230 357 1383 388 Ecclesiis
1395 367 1428 387 se
1441 356 1628 404 absentant,
1646 358 1680 384 et
1696 353 1839 384 residen-

421 400 429 408 '
462 402 545 432 ciam
558 402 664 432 facere
676 413 709 431 se
727 402 859 441 fingunt
875 401 907 430 in
927 401 1071 431 Ecclesia
1087 405 1200 431 nostra
1218 401 1399 440 Collegiata
1415 399 1574 440 predicta,
1587 409 1620 429 111
1634 408 1700 438 qua
1712 397 1837 436 absque

451 445 543 485 juste
570 445 750 475 residencie
782 444 923 480 meritis,
948 444 1011 474 sibi
1038 447 1203 484 usurpant
1230 444 1319 483 longi
1345 443 1506 482 temporis
1533 442 1668 479 victum,
1697 440 1837 470 eandem

451 488 641 524 Ecclesiam,
667 492 706 518 ut
722 498 837 518 verum
850 487 1009 525 dicamus
1027 487 1130 527 magis
1148 491 1323 517 onerantes
1340 496 1440 527 quam
1458 486 1657 515 honorantes
1674 484 1715 514 ad
1732 483 1835 513 hono-

451 541 521 561 rem
545 534 580 562 et
604 532 735 561 laudem
761 531 831 561 Dei.
892 531 989 561 Unde
1020 530 1184 569 contingit
1203 531 1291 570 quod
1316 529 1461 559 intencio
1485 529 1717 559 Fundatorum
1742 526 1776 556 in
1801 536 1838 555 ea

452 577 544 614 parte
555 574 772 609 subvertitur,
781 578 815 604 et
826 584 903 603 cura
914 573 1071 604 continue
1082 573 1260 604 residencie
1271 573 1454 611 necligetur
1466 572 1662 602 animarum.
1678 569 1837 607 Quocirca

453 618 545 647 vobis
569 621 683 647 tenore
705 617 916 647 Presencium
937 617 1138 656 precipimus
1161 621 1195 647 et
1216 617 1426 653 mandamus,
1452 614 1592 645 firmiter
1607 613 1835 653 injungentes,

452 661 612 700 quatinus
623 670 737 690 omnes
755 664 789 690 et
804 660 951 700 singulos
969 660 1190 690 Ecclesiarum
1209 659 1450 690 Parochialium
1468 657 1663 698 hujusmodi
1682 657 1835 687 uectores

452 704 487 734 in
504 704 594 734 dicta
612 704 756 734 Ecclesia
772 707 885 733 nostra
903 703 1083 742 collegiata
1099 703 1290 740 residentes,
1308 702 1507 733 auctoritate
1530 704 1652 739 nostra,
1676 699 1840 730 moneatis

453 751 501 785 ut,
526 747 612 777 infra
636 757 692 777 sex
716 747 785 777 dies
809 747 1030 777 Monicionem
1054 750 1199 777 vestram
1223 746 1373 786 proximo
1397 750 1583 785 sequentes,
1611 744 1653 774 ad
1677 742 1838 773 Ecclesias

452 800 528 820 suas
567 790 773 820 Parochiales
804 790 1021 829 personaliter
1052 800 1085 820 se
1111 790 1326 824 transferant,
1356 793 1390 819 et
1420 788 1578 819 continue
1606 786 1775 817 resideant
1802 785 1834 815 in

451 834 587 871 eisdem,
607 834 670 864 sub
687 844 770 873 pena
782 832 879 873 juris.
930 833 1086 873 Alioquin
1101 834 1142 863 ad
1159 833 1438 873 sequestrandum
1455 832 1585 861 fructus
1613 829 1833 860 Ecclesiarum

452 887 600 914 suarum,
624 880 659 907 et
679 877 987 916 sequestracionem
1013 877 1152 906 eandem
1177 876 1426 916 publicandum,
1451 878 1486 905 et
1503 873 1760 905 custodiendum
1779 881 1836 911 per

454 930 510 950 vos
528 920 578 950 vel
595 921 684 957 alios,
709 924 823 950 tenore
848 920 1059 950 Presencium
1082 920 1116 950 iu
1140 930 1177 949 ea
1199 924 1291 960 parte
1314 918 1558 949 committimus
1581 917 1666 947 vices
1693 919 1833 946 nostras.

455 963 500 993 Et
515 964 597 1003 quid
613 963 766 1002 feceritis,
784 967 818 993 et
833 963 914 993 dicti
935 964 1087 993 [tectores
1105 963 1237 993 interim
1256 962 1414 992 duxerint
1437 961 1637 998 faciendum,
1661 970 1730 997 nos,
1754 959 1836 988 citra

455 1007 593 1037 Festum
611 1007 725 1037 Sancti
741 1007 914 1037 Luurencii
930 1006 1081 1046 proximo
1099 1007 1265 1037 futurum.
1282 1006 1485 1044 ubicumque
1502 1005 1535 1034 in
1552 1003 1674 1033 nostris
1691 1002 1836 1033 Civitate

454 1050 505 1079 vel
523 1050 652 1080 Diocesi
669 1054 750 1080 tunc
775 1050 948 1088 fuerimus,
966 1046 1123 1080 distincte
1139 1052 1174 1080 et
1197 1052 1311 1089 aperte
1335 1047 1532 1086 certificetis,
1557 1045 1775 1078 etc.-Dated
1803 1050 1839 1074 at

454 1093 604 1132 Bishop's
622 1094 769 1131 Tawton,
789 1093 828 1125 27
845 1093 936 1133 July.

300 1145 360 1205 ἑῇ)
410 1146 564 1184 Letters
595 1147 881 1196 Dimissory,—

414 1201 619 1231 —Benedict
647 1201 688 1230 de
717 1201 853 1240 Eresby,
885 1200 955 1230 “ad
983 1211 1097 1230 omnes
1130 1200 1282 1238 Minores,
1308 1203 1342 1230 et
1372 1199 1474 1229 eciam
1508 1199 1549 1228 ad
1576 1208 1692 1228 omnes
1723 1197 1837 1227 Sacros

455 1244 597 1274 Ordines
610 1244 628 1256 ''
647 1244 810 1284 (Bishop’s
827 1244 975 1282 Tawton,
993 1244 1033 1274 28
1051 1244 1156 1284 July).

413 1298 605 1336 Shevioke
618 1312 629 1345 3
667 1299 854 1336 Benedict
873 1299 921 1336 de
942 1298 1102 1348 Eresby,
1135 1299 1248 1345 R.,--

415 1353 515 1390 Item,
542 1353 675 1390 ibidem,
708 1356 742 1383 et
769 1353 883 1382 eodem
916 1353 978 1391 die,
1011 1353 1179 1392 predictus
1204 1353 1250 1389 B„
1280 1353 1401 1382 Rector
1428 1351 1573 1382 Ecclesie
1600 1350 1640 1379 de
1668 1347 1839 1386 Shevioke,

458 1395 578 1426 habuit
594 1396 740 1427 Literam
758 1396 984 1436 reparacioniS,
1002 1396 1161 1427 directam
1180 1395 1319 1426 Officiali
1338 1395 1496 1425 Peculiari
1515 1393 1688 1424 cornubie.

414 1450 583 1500 Oratory
598 1464 608 1497 3
645 1451 799 1487 Licence
819 1457 855 1487 to
874 1451 1116 1496 celebrate,-

415 1504 513 1542 Item,
531 1506 619 1544 apud
637 1505 788 1535 Tautone
804 1504 996 1545 [Episcopi],
1015 1508 1099 1535 xxx⁰
1115 1504 1167 1534 die
1183 1504 1264 1534 dicti
1280 1503 1410 1542 mensis,
1430 1503 1478 1534 W.
1496 1502 1615 1533 Monke
1628 1504 1662 1531 et
1672 1500 1745 1541 ejus
1757 1510 1842 1530 uxor

458 1547 648 1578 habuerunt
665 1548 859 1585 Licenciam,
877 1551 950 1585 etc„
967 1548 1001 1578 in
1019 1548 1151 1588 Capella
1164 1558 1224 1578 sua
1239 1558 1246 1585 ;
1270 1558 1327 1587 per
1342 1557 1478 1577 annum.

274 1610 277 1615 ’
306 1598 399 1663 [fif-<3¹³
419 1592 588 1650 Agaiiist
607 1603 754 1639 certain
776 1603 1006 1639 miscreants
1027 1602 1111 1639 who
1132 1602 1209 1638 had
1231 1602 1375 1639 robbed
1397 1601 1503 1639 John
1524 1600 1753 1650 Skydinore,
1775 1598 1842 1636 the

470 1656 644 1693 Marshal
664 1657 704 1693 of
733 1656 800 1693 the
822 1656 997 1705 Bishop's
1018 1656 1179 1700 Han,—

420 1708 573 1747 Thomas,
591 1714 663 1747 etc,
681 1710 928 1740 Archidiaconis
945 1710 1100 1740 Tottonie
1114 1713 1148 1740 et
1167 1709 1423 1748 Barnastapolie,
1437 1714 1471 1738 et
1483 1708 1614 1738 Dec-ano
1627 1708 1668 1738 de
1678 1707 1844 1743 Tor-itone,

463 1764 499 1783 ac
516 1753 616 1783 eciam
639 1753 771 1783 Rectori
788 1753 932 1783 Ecclesia
949 1753 1148 1783 Parochialis
1172 1753 1212 1783 de
1236 1753 1401 1790 Toritone‚
1426 1755 1461 1782 et
1485 1752 1639 1781 omnibus
1656 1755 1690 1780 et
1705 1750 1845 1790 singulis

464 1797 597 1827 Curatis
614 1796 647 1826 in
665 1796 789 1826 eisdem
813 1796 1147 1826 Archidiaconatibus
1172 1796 1291 1826 Divina
1316 1795 1569 1833 celebrantibus,
1598 1794 1752 1831 salutem,
1781 1797 1844 1823 etc.

465 1839 605 1877 Querela
622 1839 784 1870 ,Iohannis
802 1839 996 1879 Skydmore,
1014 1839 1220 1869 Mareschalli
1244 1839 1329 1869 Aule
1353 1842 1474 1876 nostre,
1498 1848 1630 1878 gravem
1648 1837 1845 1877 recepimus,

466 1882 694 1913 continentem
711 1883 800 1922 quod
825 1882 961 1922 quidam
985 1882 1112 1912 subditi
1128 1883 1242 1920 nostri,
1259 1893 1317 1912 sue
1340 1882 1457 1912 salutis
1473 1883 1683 1919 inmemores,
1702 1889 1844 1921 quorum

465 1926 601 1956 nomina
616 1926 806 1964 ignoramus
819 1929 853 1955 et
870 1936 1035 1965 personas,
1052 1936 1152 1955 unam
1166 1926 1328 1956 either-<im
1341 1925 1381 1955 de
1393 1925 1544 1955 charecta
1557 1928 1670 1955 nostra
1686 1926 1847 1964 ceperunt

466 1972 500 1999 et
534 1971 758 2008 asportarunt,
785 1972 820 1999 et
851 1969 940 2008 apud
966 1979 1020 1998 eos
1047 1969 1267 1999 detinuerunt
1298 1973 1399 2008 atque
1427 1968 1590 2006 detinent,
1614 1970 1787 2007 occupant,
1811 1969 1846 1996 et

468 2012 648 2048 concelant,
677 2012 802 2052 absque
825 2022 922 2041 causa
952 2012 1141 2042 racionabili
1166 2022 1224 2042 seu
1251 2012 1386 2042 licencia
1410 2021 1631 2051 quacumque,
1663 2015 1788 2042 temere
1813 2012 1847 2039 et

467 2055 604 2095 injuste,
622 2058 736 2085 contra
754 2055 960 2085 voluntatem
977 2055 1080 2094 ipsius
1096 2055 1258 2086 Johanuis
1275 2055 1469 2095 Skydmore,
1486 2058 1521 2085 et
1537 2055 1569 2085 in
1586 2054 1689 2094 ipsius
1701 2053 1846 2094 prejudi-

468 2099 556 2129 cium
580 2098 675 2128 valde
698 2108 804 2137 grave,
829 2108 894 2128 non
919 2099 1044 2138 absque
1070 2099 1161 2137 gravi
1185 2108 1321 2129 suarum
1347 2098 1491 2136 periculo
1516 2098 1727 2136 animarum3
1751 2107 1850 2136 super

470 2152 536 2182 quo
553 2152 571 2171 a
587 2142 682 2171 nobis
698 2141 881 2171 remedium
899 2141 1165 2172 Ecclesiasticum
1185 2142 1375 2181 postulavit.
1405 2141 1594 2179 Devocioni,
1605 2141 1716 2181 igitur,
1731 2145 1848 2179 vestre,

470 2185 693 2216 communiter
709 2195 766 2215 seu
783 2185 925 2223 divisim,
944 2185 977 2214 in
996 2185 1121 2216 virtute
1140 2185 1345 2223 Obediencie‚
1371 2183 1512 2215 firmiter
1528 2185 1744 2225 injungendo,
1762 2194 1848 2214 com-

472 2228 641 2259 mittimus
658 2232 693 2258 et
716 2229 913 2258 mandamus
930 2228 1090 2268 quatinus
1113 2228 1147 2258 in
1172 2228 1326 2259 Ecclesiis
1343 2231 1377 2258 et
1399 2228 1471 2258 aliis
1494 2228 1572 2258 locis
1599 2227 1850 2258 Archidiacona-

472 2276 571 2302 tuum
589 2271 826 2311 predictorum,
843 2271 965 2311 quibus
989 2282 1047 2311 per
1071 2276 1198 2311 partem
1223 2271 1325 2311 ipsius
1347 2271 1510 2302 ,Iohannis
1533 2271 1664 2302 fueritis
1687 2269 1850 2310 requisiti,

472 2325 547 2345 cum
566 2314 672 2354 major
684 2315 717 2344 in
731 2315 852 2345 eisdem
869 2314 1019 2345 Ecclesiis
1036 2315 1166 2344 affuerit
1184 2315 1297 2354 populi
1314 2315 1507 2353 multitudo,
1532 2314 1694 2344 moneatis
1717 2324 1852 2353 surrup-

473 2366 561 2388 tores
593 2358 672 2396 (sic),
700 2360 932 2397 asportatores,
958 2358 1157 2396 detentores,
1181 2362 1403 2397 occupatores,
1427 2361 1462 2388 et
1485 2358 1704 2388 concelatores
1727 2357 1852 2387 cithere

474 2401 632 2441 predicte,
663 2402 753 2441 quod
784 2401 871 2431 infra
895 2401 952 2441 viij
978 2401 1047 2431 dies
1072 2401 1291 2431 Monicionem
1323 2404 1466 2431 vestram
1495 2401 1645 2440 proximo
1675 2403 1852 2441 sequentes

474 2443 678 2484 hujusmodi,
694 2444 855 2474 citheram
871 2444 1052 2474 restituant
1068 2444 1292 2482 effectualiter,
1317 2443 1467 2482 liberent,
1490 2448 1592 2484 atque
1619 2444 1762 2482 tradant,
1789 2443 1853 2473 sub

476 2498 560 2528 pena
571 2487 934 2518 Excommunicacionis
946 2487 1091 2528 Majoris,
1105 2498 1206 2527 quam
1220 2488 1253 2517 in
1266 2487 1408 2522 eosdem,
1424 2487 1514 2527 lapso
1532 2487 1674 2518 termino
1691 2487 1850 2527 predictO,

475 2531 543 2561 suis
560 2531 656 2570 culpa
671 2534 705 2560 et
722 2541 812 2560 mora
829 2531 1091 2570 precedentibus,
1109 2530 1271 2561 Canonice
1294 2530 1490 2568 fulminetis,
1513 2534 1548 2561 et
1570 2531 1702 2560 eosdem
1726 2539 1855 2560 excom·

477 2573 664 2609 municetis,
681 2584 717 2604 ac
734 2574 948 2613 postmodum
964 2573 1265 2604 excommunicatos
1289 2574 1419 2613 publice
1435 2578 1469 2603 et
1484 2574 1708 2613 solempniter,
1725 2574 1758 2603 in
1776 2573 1855 2603 locis

478 2617 644 2656 predictis,
676 2617 874 2647 auctoritate
899 2621 1012 2647 nostra
1036 2617 1244 2647 denuncietis
1269 2620 1304 2647 et
1329 2617 1521 2647 denunciari
1546 2616 1687 2655 faciatis,
1716 2616 1855 2656 pulsatis

478 2660 656 2699 campanis,
673 2660 817 2690 candelis
833 2660 975 2690 accensis
991 2663 1026 2690 et
1041 2660 1208 2697 extinctis,
1225 2663 1259 2690 et
1276 2670 1351 2690 cum
1369 2660 1460 2689 omni
1476 2660 1709 2699 solempnitate
1733 2659 1796 2689 alia
1819 2659 1852 2688 in

479 2702 643 2733 similibus
666 2703 980 2733 denunciacionibus
1004 2703 1074 2733 fieri
1098 2706 1266 2741 consueta,
1291 2702 1416 2733 Diebus
1447 2703 1630 2733 Dominicis
1656 2706 1691 2733 et
1714 2702 1855 2732 Festivis

329 2781 341 2801 ²
363 2782 517 2814 Written
533 2793 575 2814 on
592 2793 610 2814 a
627 2783 727 2814 blank
743 2794 825 2825 page
843 2783 911 2822 (fol.
930 2784 1007 2822 14b)
1024 2784 1058 2814 of
1074 2783 1133 2815 the
1150 2783 1303 2825 Register
1318 2783 1353 2813 of
1376 2783 1482 2824 Royal
1500 2784 1631 2814 Letters
1647 2783 1714 2814 and
1732 2782 1851 2816 Writs.
