1987 3062
329 218 422 261 386
543 230 642 262 THE
678 229 917 263 REGISTER
951 229 1010 260 or
1046 227 1222 260 BISHOP
1257 228 1654 262 BRANTYNGHAM.

324 331 400 374 Α-Ῑξ·
478 334 591 374 drope,
618 334 749 365 Rectori
773 333 917 364 Ecclesie
941 333 982 363 de
1006 332 1182 371 Parkliam,
1207 333 1297 373 quod
1325 333 1429 373 possit
1458 333 1623 364 celebrare
1649 333 1780 372 Divina,
1804 333 1857 364 vel

325 365 429 424 {271¹}
479 377 587 408 facere
614 377 772 408 celebrari
798 377 830 407 in
863 377 1031 416 presencia
1060 387 1120 406 sua
1150 387 1208 416 per
1238 377 1439 416 presbiteros
1469 377 1624 415 ydoneos,
1652 377 1685 407 in
1716 377 1855 416 singulis

382 418 387 424 ⁸
425 418 430 424 '
481 421 623 461 Capellis
646 421 733 451 infra
750 421 932 452 Civitatem
956 423 990 450 et
1014 419 1180 450 Diocesim
1203 420 1330 450 Exonie
1353 420 1487 451 situatis
1511 420 1738 460 ubicumque3
1762 420 1854 458 dum,

481 468 605 501 tamen,
624 464 776 494 Ecclesiis
801 463 997 494 Matricibus
1022 463 1246 503 prejudicium
1270 463 1400 494 nullum
1425 463 1506 502 fiat3
1530 463 1692 504 quamdiu
1716 463 1859 494 Domino

478 507 642 547 placuerit
659 507 867 537 duraturam.

436 561 891 611 Letters-Dimissory,-—

439 615 594 647 Nicholas
611 615 719 656 Kelly,
736 615 882 654 accolite,
901 615 973 646 “ad
990 625 1104 646 omnes
1121 614 1236 645 Sacros
1254 615 1394 646 Ordines
1408 615 1425 627 ''
1444 614 1606 654 (London,
1624 616 1665 646 22
1683 614 1783 653 Feb).

439 671 635 708 Oratories
649 683 659 717 3
691 670 852 707 G'eneral
870 671 1024 707 Licence
1044 677 1079 707 to
1099 670 1340 718 celebrate,—

439 725 537 762 Item,
555 724 689 761 ibidem,
707 724 787 764 xxiij
807 724 869 762 die,
886 724 1074 754 Willelmus
1092 723 1280 764 Huwysshe
1296 727 1331 754 et
1347 723 1419 763 ejus
1436 734 1519 754 uxor
1535 724 1727 755 habuerunt
1744 724 1857 754 Licen-

482 768 575 806 ciam,
594 770 666 805 eto„
691 768 725 798 in
748 768 916 808 presencia
940 768 1089 808 ipsorum
1105 778 1162 798 seu
1186 778 1301 798 eorum
1325 767 1473 806 alterius,
1498 767 1531 798 in
1555 768 1693 807 singulis
1718 767 1859 807 Capellis

481 812 549 841 sive
567 811 727 842 Oratoriis
743 811 964 841 Maneriorum
981 821 1117 841 suorum
1134 811 1222 841 infra
1236 811 1415 842 Civitatem
1430 814 1464 842 et
1478 811 1642 842 Diocesim
1655 811 1857 842 situatorum

480 855 684 894 ubicumque
701 865 707 892 ;
733 855 893 894 quamdiu
912 855 1054 885 Domino
1072 854 1233 894 placuerit
1249 854 1458 885 duraturam.

332 895 418 921 MAR-
438 898 534 936 Item,
554 898 742 935 Londoniis,
759 898 887 928 decimo
903 901 1020 928 octavo
1037 898 1089 928 die
1105 897 1228 928 mensis
1245 898 1368 935 Marcii,
1387 897 1550 928 Dominus
1567 898 1728 928 concessit
1744 897 1857 927 Licen-

330 936 409 958 cms·
480 942 564 972 ciam
582 941 693 971 Nobili
710 941 799 979 Viro,
818 941 961 971 D‹›mino
974 941 1141 971 Willelmo
1158 942 1340 981 Botryaux,
1358 941 1468 978 Militi,
1493 944 1527 972 et
1549 941 1622 981 ejus
1647 941 1751 978 uxori,
1769 940 1859 980 quod

482 984 610 1025 possint
639 985 747 1015 facere
778 985 936 1015 celebrari
967 985 1089 1015 Divina
1121 994 1180 1024 per
1211 984 1411 1024 presbiteros
1437 984 1593 1024 ydoneos,
1625 985 1659 1014 in
1691 984 1859 1024 presencia

480 1029 629 1067 ipsorum
655 1038 712 1058 seu
737 1038 853 1058 eorum
875 1028 1039 1064 alterium
1067 1037 1204 1064 necnon,
1234 1027 1313 1067 ipsis
1339 1028 1543 1065 absentibus,
1572 1027 1661 1068 quod
1688 1027 1858 1058 Johannes

482 1072 585 1109 Hone,
604 1071 834 1102 Seneschallus
850 1072 1009 1110 ipsorum,
1026 1071 1059 1101 in
1076 1071 1245 1111 presencia
1267 1081 1334 1108 sua,
1352 1071 1490 1111 ipsoque
1513 1071 1650 1101 absente
1674 1071 1857 1110 deputatus

479 1115 520 1145 ab
537 1115 662 1152 eodem,
678 1115 799 1145 Divina
816 1115 941 1154 poterit
957 1114 1064 1144 facere
1077 1114 1244 1152 celebrari,
1262 1114 1295 1144 in
1307 1114 1446 1154 singulis
1461 1114 1602 1154 Capellis
1615 1114 1683 1145 sive
1697 1114 1858 1145 Oratoriis

481 1158 567 1188 infra
608 1158 789 1189 Civitatem
821 1161 855 1188 et
888 1157 1052 1188 Diocesim
1084 1158 1218 1188 situatis
1250 1157 1454 1198 ubicumque
1473 1167 1480 1195 ;
1513 1157 1605 1196 duni,
1630 1161 1754 1196 tamen,
1779 1162 1857 1195 etc.;

481 1201 640 1241 quamdiu
659 1202 803 1231 Domino
819 1201 982 1241 placuerit
998 1201 1208 1231 duraturam.

438 1244 536 1283 Item,
555 1245 678 1275 eisdem
696 1245 750 1274 die
766 1248 800 1275 et
817 1245 895 1282 loco,
915 1245 1078 1274 Dominus
1095 1244 1255 1274 concessit
1281 1244 1466 1274 Licenciam
1492 1244 1633 1274 Ricardo
1657 1242 1748 1284 Juyl,
1767 1244 1856 1284 quod

480 1288 594 1328 possit,
612 1292 685 1326 etc„
703 1288 735 1318 in
754 1288 922 1328 presencia
939 1298 1006 1325 sua,
1024 1287 1057 1318 in
1076 1288 1209 1327 Capella
1234 1288 1348 1318 Sancti
1372 1287 1507 1326 Thome,
1527 1287 1686 1325 Martiris,
1705 1288 1739 1318 in
1757 1287 1855 1318 Cimi-

483 1332 567 1362 terio
598 1331 742 1362 Ecclesie
774 1331 974 1362 Parochialis
1002 1331 1115 1362 Sancti
1144 1331 1274 1362 Petroci
1297 1331 1472 1362 Bodminie
1488 1342 1495 1370 ;
1524 1331 1685 1372 quamdiu
1714 1330 1857 1361 Domino

483 1375 647 1415 placuerit
663 1377 870 1406 duraturam.

436 1419 535 1456 Item,
553 1419 675 1449 eisdem
693 1419 746 1448 die
763 1422 798 1449 et
813 1419 893 1456 loco,
914 1418 1078 1448 Dominus
1095 1418 1257 1448 concessit
1275 1417 1461 1448 Licenciam
1475 1417 1618 1448 Domino
1636 1417 1767 1448 Andree
1783 1420 1856 1448 atte

477 1463 577 1500 More,
599 1462 738 1493 Custodi
755 1462 788 1492 in
808 1462 951 1492 Ecclesia
969 1461 1150 1501 Collegiata
1175 1461 1296 1492 Sancte
1323 1461 1425 1492 Marie
1442 1461 1482 1491 de
1502 1462 1615 1501 Otery,
1632 1461 1674 1491 ad
1691 1461 1856 1491 celebran-

478 1506 559 1536 dum
578 1506 709 1541 Divina,
727 1505 884 1545 quociens
907 1509 941 1536 et
965 1505 1099 1545 quando
1123 1505 1302 1544 expediens
1327 1505 1490 1543 videatur,
1515 1508 1550 1535 et
1573 1515 1632 1544 per
1656 1504 1856 1544 presbiteros

478 1549 625 1586 ydoneos
642 1549 749 1579 facere
772 1549 943 1587 celebrari,
961 1549 994 1579 in
1015 1548 1148 1588 Capella
1172 1548 1287 1579 Sancti
1312 1548 1502 1586 Salvatoris,
1527 1548 1626 1588 juxta
1650 1549 1791 1578 Pontem
1816 1548 1857 1578 de

479 1592 583 1632 Otery
607 1593 757 1632 predicta
781 1592 930 1629 situata;
954 1592 1115 1632 quamdiu
1142 1592 1284 1622 Domino
1309 1592 1471 1632 placuerit
1497 1592 1732 1622 tantummodo
1756 1591 1854 1622 dura-

478 1639 601 1666 turam.

436 1679 535 1716 Item,
552 1679 686 1717 ibidem,
704 1677 830 1719 xxiiijtO
847 1678 909 1717 die,
929 1678 1092 1709 Dominus
1109 1678 1271 1709 concessit
1289 1677 1474 1708 Licenciam
1500 1677 1664 1708 Willelmo
1682 1677 1804 1717 Bevyle
1820 1680 1855 1708 et

477 1722 672 1754 Elizabethe
696 1723 792 1753 uxori
816 1722 978 1763 ejusdem,
1003 1722 1093 1762 quod
1116 1722 1254 1761 possint,
1272 1725 1349 1758 ete„
1374 1722 1407 1751 in
1434 1722 1602 1761 presencia
1625 1722 1773 1761 ipsorum
1796 1731 1854 1751 seu

477 1776 593 1796 eorum
623 1766 771 1805 alterius,
800 1766 834 1796 in
867 1765 1000 1805 Capella
1031 1765 1072 1795 de
1104 1765 1286 1804 Lanerghe,
1311 1765 1344 1796 in
1370 1765 1538 1796 Cornubia
1569 1764 1723 1803 [hannem
1748 1766 1784 1795 in
1808 1764 1853 1795 St.

476 1809 624 1849 Sz'thney]
642 1820 649 1846 ;
668 1819 773 1849 usque
790 1809 928 1840 Festum
947 1809 1060 1840 Sancti
1078 1808 1247 1839 Michaelis
1263 1808 1340 1839 inde
1356 1812 1558 1849 sequturum
1575 1808 1783 1839 duraturam.

817 2040 1037 2097 mutatio
1096 2040 1228 2092 &nui
1281 2041 1494 2091 ffumini.

433 2125 570 2178 ginno
585 2125 763 2177 {lomim
776 2125 1029 2177 &Milesium
1047 2126 1358 2168 trescentcsimo
1373 2127 1680 2179 septuagesimo
1700 2128 1854 2174 octabu,

486 2183 527 2221 et
549 2180 898 2223 &mmmm-ionia
917 2179 1095 2232 {Homini
1115 2181 1269 2222 octauo.

326 2256 400 2282 AD·
433 2257 888 2307 Letters-Dimissory,——

327 2292 400 2316 13¹&
435 2311 523 2343 John
550 2312 674 2352 Dreyn,
691 2311 888 2350 subdeaeon,
908 2311 977 2342 “ad
990 2311 1105 2342 Sacros
1119 2311 1322 2343 Diaconatus
1346 2315 1381 2343 et
1408 2312 1655 2343 Presbiteratus
1680 2312 1853 2344 Ordines'’

479 2355 642 2394 (London,
661 2356 701 2385 30
721 2354 859 2393 March).

329 2410 419 2434 ΑΡΜ-
438 2410 605 2460 Oratory
623 2423 633 2456 3
652 2409 804 2446 Licence
825 2416 860 2446 to
880 2410 1123 2455 celebrate,—

330 2450 383 2469 ΜΞ
438 2464 536 2501 Item,
561 2463 751 2502 Londoniis,
775 2466 870 2494 sexto
893 2464 946 2494 die
976 2463 1099 2494 mensis
1125 2463 1258 2504 Aprilis,
1283 2464 1448 2495 Dominus
1478 2465 1640 2496 concessit
1670 2467 1854 2497 Licenciam

481 2507 640 2547 Morgano
663 2507 745 2546 Seys
762 2509 797 2537 et
813 2507 886 2547 ejus
903 2507 1007 2545 uxori,
1033 2507 1122 2547 quod
1146 2507 1282 2547 possint,
1300 2512 1352 2538 etc
1367 2532 1373 2546 ,
1391 2508 1424 2538 in
1442 2509 1610 2548 presencia
1633 2510 1780 2550 ipsorum
1796 2519 1853 2540 seu

481 2561 596 2581 eorum
623 2550 772 2588 alterius,
799 2550 832 2580 in
858 2550 990 2590 Capella
1014 2550 1082 2580 sive
1105 2550 1258 2581 Oratorio
1279 2551 1368 2581 infra
1392 2551 1597 2582 Mansionem
1616 2554 1797 2584 eorundem
1820 2552 1852 2582 in

482 2593 641 2624 Parochia
651 2593 692 2623 de
705 2593 911 2633 Southleghe
920 2594 1100 2631 situatam;
1127 2593 1287 2633 quamdiu
1305 2594 1446 2624 Domino
1464 2595 1625 2635 placuerit
1641 2596 1847 2627 duraturam.

438 2647 643 2698 Hemyock
673 2645 906 2699 [Hemyoke‚
939 2645 1067 2699 MS.];
1096 2648 1243 2685 Master
1272 2648 1443 2686 William
1474 2650 1685 2701 Trevellys,
1707 2651 1849 2696 S.T.P.,

438 2703 575 2787 Lieieiice
592 2755 626 2786 of
648 2755 898 2786 non-residenee
921 2755 973 2786 for
989 2754 1051 2786 five
1066 2765 1161 2795 years
1179 2766 1186 2793 ;
1212 2756 1369 2787 “necnon
1385 2757 1428 2787 ad
1444 2757 1686 2789 dimittendum
1709 2758 1849 2795 fructus,

479 2798 642 2835 redditus,
669 2802 704 2830 et
732 2802 915 2839 proventus
941 2798 1093 2839 ejusdem
1126 2798 1272 2829 Ecclesie
1301 2799 1399 2830 alicui
1430 2800 1482 2831 vel
1512 2800 1679 2842 aliquibus
1706 2801 1851 2842 personis
