1987 3062
322 233 416 275 442
537 244 637 276 ΤΗΕ
662 244 907 278 REGISTER
931 245 989 277 or
1014 244 1194 278 BISHOP
1218 245 1622 279 BRANTYNGHAM.

320 345 395 406 123}
450 347 583 399 Ztmto
611 348 789 400 {annun}
817 347 1071 400 ffliuczimo
1094 348 1266 392 OEOEOEW
1295 348 1546 400 ottogessimo
1575 348 1722 400 ptimo.

320 413 638 475 V0¹‘¹·Episcopal
662 426 897 473 Visitati0113
928 426 1163 464 Mandatum
1175 439 1251 474 pro
1281 425 1506 464 Visitacione
1525 425 1567 463 in
1587 425 1757 463 Ecclesia
1779 424 1851 464 Ca-

484 479 661 525 tlzedmli,
671 502 719 507 —

428 532 581 571 Thomas,
599 536 672 571 etc„
691 534 823 564 Decano
841 534 985 565 Ecclesie
1001 537 1112 565 nostre
1131 534 1335 573 Exoniensis,
1354 533 1405 564 vel
1422 533 1494 574 ejus
1513 533 1779 571 Locumtenenti,
1791 535 1851 564 aut

473 577 620 616 Capituli
652 577 795 608 Ecclesie
826 582 938 608 nostre
969 578 1116 618 predicte
1147 578 1344 615 Presidenti,
1372 578 1525 616 salutem,
1554 577 1750 615 etQ—Quia
1781 587 1849 614 nos,

472 620 592 650 Divina
609 620 742 651 favente
759 621 945 659 clemencia,
962 622 1015 652 die
1039 622 1134 652 Lune
1158 621 1308 662 proxima
1331 624 1406 661 post
1430 621 1526 651 Diem
1552 620 1761 651 Dominicam
1785 631 1851 660 qua.

471 666 627 694 cantatur
644 664 797 695 Officium
817 664 1010 701 Quasimodo
1024 667 1126 704 qeniti
1142 665 1292 705 proximo
1309 675 1400 695 nunc
1416 664 1576 701 futuram,
1588 674 1663 694 cum
1678 664 1849 694 continua-

471 707 562 736 cione
579 710 613 737 et
630 708 860 747 prorogacione
876 708 1006 738 dierum
1024 712 1106 739 tunc
1123 709 1347 749 sequencium,
1365 708 1398 738 in
1417 707 1545 747 prefata
1568 707 1714 738 Ecclesia
1736 710 1850 737 nostra

474 750 653 781 Exoniensi
685 751 796 781 debite
821 752 1030 782 visitacionis
1062 752 1225 789 Officium,
1250 752 1292 782 ad
1323 751 1481 782 honorem
1509 751 1570 782 Dei
1599 754 1633 781 et
1663 750 1850 781 animarum

471 793 624 831 salutem,
649 795 888 825 excercendum
913 795 982 825 fore
1006 796 1213 826 decrevimus
1239 798 1272 825 et
1299 795 1474 825 actualiter
1500 794 1716 834 proponimus
1741 805 1849 824 excer-

473 847 544 867 cere
563 848 569 875 ;
596 847 734 875 necnon,
759 839 925 878 quomodo
949 842 984 869 et
1008 839 1159 879 qualiter,
1178 850 1215 869 ac
1238 838 1274 877 si,
1301 839 1446 876 Statura,
1465 837 1710 875 Ordinaciones,
1727 840 1762 868 et
1785 838 1848 868 De-

474 885 573 918 creta,
592 884 660 911 tam
687 882 962 912 predecessorum
986 885 1177 913 nostrorum
1204 883 1319 922 [quam
1342 881 1479 921 nostra}
1505 892 1522 911 a
1539 881 1630 911 vobis
1648 885 1682 911 et
1699 884 1847 911 vestrum
1978 883 1987 907 3

475 924 613 964 singulis
636 935 673 955 ac
696 925 847 964 ejusdem
872 929 984 956 nostre
1008 926 1152 956 Ecclesie
1176 926 1313 956 Vicariis
1338 928 1372 956 et
1395 925 1557 956 Minis-tris
1580 924 1698 955 ceteris
1722 924 1849 954 fuerint
1976 931 1987 958 ῑ,

473 967 646 998 observata
662 968 870 1008 investigare,
888 969 1066 1008 inquirere,
1083 972 1117 999 et
1134 969 1253 1007 videre,
1272 979 1308 999 ac
1324 980 1360 999 ea
1378 979 1442 1008 que
1458 967 1557 1007 [tam]
1568 967 1601 998 in
1618 968 1687 1007 ipsa
1703 968 1849 998 Ecclesia

473 1014 586 1041 nostra
603 1022 703 1051 quam
721 1012 883 1043 Ministris
906 1012 1069 1052 ejusdem,
1086 1012 1328 1053 cujuscumque
1352 1016 1471 1049 status,
1489 1011 1673 1051 dignitatis,
1691 1021 1747 1041 seu
1773 1021 1847 1041 con-

473 1054 610 1085 dicionis
624 1055 806 1093 extiterint,
814 1056 1025 1086 correccionis
1039 1059 1073 1087 et
1086 1056 1331 1086 reformacionis
1344 1055 1448 1086 officio
1461 1054 1680 1095 repererimus
1692 1054 1847 1094 indigere,

473 1101 610 1136 paterna
625 1099 798 1129 affeccione
815 1099 975 1139 corrigere
992 1103 1025 1129 et
1042 1100 1075 1130 in
1092 1103 1220 1130 statum
1237 1099 1399 1137 debitum,
1418 1103 1518 1138 prout
1539 1098 1660 1128 nostris
1683 1098 1849 1128 incumbit

473 1141 629 1179 humeris,
654 1142 857 1179 reformare;
882 1142 984 1180 vobi&
1009 1148 1123 1173 tenore
1146 1142 1369 1180 presencium,
1394 1142 1647 1180 committimus,
1666 1144 1741 1179 etc„
1767 1152 1845 1181 qua-

472 1185 564 1215 tinus
580 1185 699 1223 citetis,
718 1196 774 1215 seu
793 1186 887 1216 citari
905 1186 1042 1224 faciatis,
1061 1186 1290 1226 peremptorie,
1309 1196 1423 1216 omues
1447 1189 1480 1216 et
1503 1185 1650 1224 singulos
1674 1185 1706 1215 in
1733 1184 1846 1224 Digni-

471 1228 599 1258 tatibus
615 1239 671 1258 seu
690 1229 812 1259 Officiis
830 1230 955 1269 prefate
973 1233 1084 1260 nostre
1103 1229 1244 1260 Ecclesie
1261 1229 1471 1267 constitutos,
1490 1228 1671 1259 Canonicos
1695 1228 1796 1258 eciam
1814 1231 1848 1258 et

471 1271 718 1310 Prebendarios,
751 1272 905 1311 Vicat-ios,
934 1273 1163 1311 Annuelarios,
1196 1277 1230 1304 et
1269 1277 1394 1303 ceteros
1425 1282 1654 1312 quoscumque
1693 1271 1845 1312 ejusdem

470 1315 651 1354 Ministros,
680 1316 895 1355 personaliter
920 1317 947 1346 si
977 1315 1080 1357 [ipsi]¹
1110 1316 1313 1357 aprmehendi
1342 1316 1481 1354 valeant,
1506 1315 1585 1345 alias
1616 1316 1846 1345 Procuratores

470 1359 650 1389 eorundem
668 1359 693 1389 si
712 1370 795 1399 quos
811 1360 998 1390 dimiserint
1017 1371 1023 1395 ;
1047 1360 1204 1400 alioquin,
1222 1360 1354 1400 publice
1379 1359 1557 1390 Citacionis
1574 1358 1681 1389 edicto
1698 1358 1731 1388 in
1756 1358 1845 1388 dicta

468 1406 580 1432 nostra
598 1403 742 1433 Ecclesia
759 1403 889 1443 publice
906 1403 1084 1443 proposito,
1100 1403 1197 1444 juxta
1215 1403 1352 1434 modum
1370 1406 1404 1433 et
1427 1403 1568 1433 formam
1594 1400 1646 1442 [ac
1668 1405 1844 1432 consuetu-

468 1445 610 1485 dinem]'²
626 1446 659 1476 in
676 1446 871 1486 hujusmodi
889 1447 1097 1477 visitacionis·
1114 1447 1247 1487 negocio
1263 1447 1296 1477 in
1314 1446 1475 1487 prelibata
1488 1446 1631 1476 Ecclesia
1648 1449 1759 1476 nostru
1772 1445 1844 1475 huc-

470 1493 568 1519 tenus
586 1489 697 1519 debite
720 1490 920 1527 observatos,
939 1491 1029 1530 quod
1046 1494 1267 1530 compareant,
1285 1494 1319 1520 et
1342 1490 1485 1530 quilibet
1508 1499 1622 1519 eorum
1647 1491 1844 1528 compareat,

467 1543 577 1563 coram
601 1533 704 1571 nobis,
723 1534 773 1563 vel
798 1534 1055 1572 [Commissariis
1079 1534 1211 1571 nostris,
1236 1534 1261 1564 si
1287 1544 1354 1571 nos,
1381 1533 1597 1573 personaliter
1620 1532 1792 1572 prepediti,
1811 1532 1844 1562 id

468 1576 574 1606 facere
591 1576 807 1616 nequimus]²‚
828 1577 913 1607 vices
930 1581 1059 1608 nostras
1082 1578 1274 1617 gerentibus
1297 1577 1331 1608 in
1355 1577 1416 1608 hac
1438 1579 1543 1616 parte,
1563 1576 1651 1606 dicto
1668 1576 1720 1605 die
1738 1576 1842 1613 Lune,

469 1629 545 1649 cum
569 1620 821 1650 continuacionc
844 1623 879 1651 et
901 1621 1134 1660 prorogacione
1160 1621 1288 1651 dierum
1313 1624 1395 1651 tunc
1418 1619 1642 1660 sequencium,
1670 1619 1704 1649 in
1736 1619 1844 1649 Domo

469 1663 651 1703 Capitulari
676 1663 825 1702 ejusdem
851 1668 962 1694 nostre
988 1664 1131 1694 Ecclesie
1155 1665 1248 1703 (hora
1273 1664 1378 1704 prima
1402 1663 1453 1694 vel
1479 1663 1608 1693 circiter
1630 1662 1729 1692 modo
1746 1662 1843 1692 solito

467 1706 680 1746 congregati),
694 1707 888 1747 hujusmodi
902 1708 1113 1738 Visitacionis
1127 1711 1238 1738 nostre
1254 1708 1406 1738 Officium
1421 1707 1583 1738 Canonice
1596 1705 1750 1743 subituri,
1766 1706 1843 1745 Dig-

468 1750 682 1789 nitatumque
713 1761 850 1781 suarum
878 1754 913 1782 et
937 1751 1157 1782 Ecclesiarum
1183 1751 1469 1791 appropriatamm
1494 1750 1627 1788 eisdem,
1653 1749 1844 1780 Officiorum

466 1793 603 1832 insuper
620 1794 867 1824 Prebendarum
885 1797 919 1824 ct
945 1795 1208 1825 Canonicatuum
1233 1806 1269 1824 ac
1294 1794 1530 1824 Beneficiorum
1555 1802 1690 1823 suorum
1709 1791 1787 1832 [que
1809 1792 1844 1822 in

466 1837 556 1867 dicta
580 1840 693 1868 nostra
719 1836 900 1877 Ecclesiay,
927 1838 1195 1878 Pensionumcjlue
1219 1842 1253 1868 et
1278 1837 1476 1868 Porcionum
1499 1839 1595 1877 [quas
1618 1836 1651 1866 in
1676 1834 1844 1875 aliquibus

467 1879 621 1910 Ecclesiis
638 1883 827 1911 nostrarum
847 1881 1001 1911 Civitatis
1025 1888 1059 1912 et
1084 1881 1230 1912 Diocesis
1254 1892 1287 1911 se
1311 1881 1430 1911 habere
1455 1878 1696 1920 pretenduntP,
1722 1890 1786 1919 que
1809 1879 1843 1909 in

465 1923 631 1962 sepedicta
649 1924 794 1954 Ecclesia
811 1924 973 1962 obtinent,
992 1925 1120 1963 titulos,
1138 1935 1266 1955 necnon
1290 1925 1419 1955 Literas
1444 1924 1608 1954 Ordinum
1632 1933 1768 1953 suorum
1794 1921 1844 1963 [et

466 1966 739 2006 Dispensacioncs
755 1978 854 2007 super
871 1968 1003 1998 defectu
1023 1969 1185 1998 natalium
1203 1975 1237 1998 et
1253 1968 1324 1998 aliis
1348 1967 1596 2008 impedimentis
1619 1966 1646 1996 si
1670 1976 1735 2006 que
1758 1966 1842 2006 paci·
1974 1993 1981 2007 ,

465 2009 604 2048 antur],²
620 2010 750 2050 plenius
767 2011 949 2041 exhibituri
965 2021 971 2049 3
995 2011 1198 2051 faeturi[que
1216 2009 1385 2049 ulterius]l
1409 2014 1443 2042 et
1466 2010 1640 2050 recepturi,
1658 2009 1839 2040 communi-

465 2056 516 2084 ter
532 2057 566 2083 et
582 2053 724 2092 divisim,
742 2055 831 2094 quod
848 2054 1043 2094 hujusmodi
1059 2055 1268 2085 visitacionis
1286 2054 1438 2085 Officium
1463 2055 1504 2084 dc
1528 2053 1580 2084 sui
1604 2055 1723 2084 natura
1739 2052 1842 2092 exigit

464 2100 499 2127 et
524 2097 673 2137 requirit,
699 2108 735 2128 ac
763 2098 936 2129 Canonicis
963 2101 997 2128 et
1023 2099 1221 2129 Sanctorum
1252 2098 1390 2128 Patrum
1418 2098 1452 2127 in
1480 2098 1540 2128 hac
1567 2099 1661 2137 parte
1687 2096 1841 2126 convenit

464 2140 658 2177 Institutis;
683 2141 840 2181 quodque
863 2142 904 2172 ad
928 2141 1192 2172 observacionem
1218 2142 1431 2172 Statutorum
1456 2139 1530 2180 [et]l
1550 2139 1840 2171 consuetudinum

463 2187 644 2214 memorate
658 2185 801 2215 Ecclesie
814 2188 936 2222 nostre,
950 2185 1236 2226 Decretorumque
1250 2188 1283 2215 et
1296 2185 1554 2216 Ordiuacionum
1569 2184 1840 2214 Predecessorum

463 2232 651 2258 nostrorum
669 2230 703 2258 et
719 2228 825 2258 nostri
841 2229 1025 2259 dinoscitur
1041 2228 1215 2268 pertinere.
1262 2229 1339 2267 Vos,
1357 2228 1468 2266 eciam,
1488 2227 1629 2258 Domine
1646 2227 1784 2264 Decane,
1799 2225 1839 2256 ad

463 2271 627 2310 predictos
645 2271 731 2302 diem
750 2275 784 2302 et
807 2271 915 2302 locum
941 2276 1055 2303 tenore
1079 2272 1289 2302 Presencium
1314 2271 1533 2312 peremptorie
1557 2271 1707 2308 citamus,
1725 2272 1837 2310 quate-

462 2325 526 2344 nus
549 2315 591 2344 ad
615 2325 671 2345 vos
694 2315 827 2353 attinet,
854 2316 895 2346 ad
919 2316 1029 2346 omnia
1052 2318 1086 2346 et
1109 2315 1240 2354 singula
1269 2315 1469 2355 supradicta.
1524 2314 1631 2352 Quem
1656 2313 1836 2344 terminum

462 2358 721 2397 peremptorium
739 2362 773 2388 et
795 2359 990 2398 hujusmodi
1007 2358 1523 2399 comparicionen],—ani1narum
1540 2357 1701 2398 periculis,
1719 2359 1838 2386 natura

462 2401 597 2440 negocii,
616 2402 777 2441 pietatum
797 2403 902 2432 causis
919 2405 953 2432 et
969 2402 1049 2440 aliis,
1067 2413 1124 2442 per
1140 2413 1199 2432 nos
1216 2402 1373 2442 primitus
1395 2401 1505 2432 debite
1523 2399 1837 2440 pensatis,—taliter

461 2445 619 2475 duximus
646 2445 897 2476 moderandum.
947 2446 996 2476 De
1024 2446 1086 2484 die,
1115 2456 1201 2483 vero,
1227 2445 1425 2485 recepcionis
1452 2444 1672 2481 Presencium,
1698 2446 1732 2473 et
1756 2442 1835 2483 quid

461 2498 560 2527 super
576 2488 638 2518 hiis
655 2488 799 2519 feceritis
816 2492 849 2519 et
865 2489 1029 2519 duxeritis
1046 2489 1244 2526 faciendum,
1263 2499 1331 2524 nos,
1349 2492 1409 2519 aut
1425 2488 1511 2518 vices
1534 2491 1662 2518 nostras
1686 2490 1836 2526 gerentes

459 2530 663 2570 hujusmodi,
680 2531 778 2562 dictis
801 2532 854 2562 die
877 2536 911 2562 et
934 2532 1003 2563 loco
1026 2536 1060 2563 et
1084 2532 1172 2571 liora,
1190 2532 1378 2562 certificetis
1402 2542 1459 2571 per
1483 2531 1610 2562 Literas
1633 2533 1758 2561 vestras
1782 2539 1834 2569 pa-

462 2577 582 2612 tentes,
612 2574 730 2605 harum
757 2575 873 2605 seriem
900 2579 934 2606 et
961 2576 1139 2606 citatorum
1172 2575 1306 2605 nomina
1333 2578 1365 2605 et
1393 2574 1588 2615 cognomina
1618 2573 1833 2609 continentes,

458 2617 491 2647 in
510 2617 651 2648 formam
669 2618 835 2657 publicam
852 2619 1010 2656 redactas,
1029 2629 1086 2649 seu
1103 2619 1221 2649 saltem
1246 2618 1352 2658 sigillo
1376 2618 1487 2658 aliquo
1510 2617 1642 2658 publico
1666 2616 1832 2656 consigna-

459 2661 673 2691 tas.—Dated
691 2664 726 2691 at
744 2661 850 2702 Clyst,
870 2663 909 2694 ‘27
928 2662 1050 2693 March.

414 2703 612 2734 Mandatum
626 2714 685 2744 pro
710 2704 899 2737 Visicacione
916 2705 1299 2743 Archidiaconatamn,—

413 2745 822 2786 [Cornubie].—Th0mas,
842 2752 916 2787 etc.,
936 2748 1175 2779 Archidiacono
1192 2752 1304 2779 nostro
1319 2747 1485 2779 Cornubie
1502 2747 1535 2778 in
1554 2746 1697 2778 Ecclesia
1720 2746 1830 2776 nostra

304 2830 315 2850 1
340 2831 491 2862 Inserted
508 2832 610 2863 above
626 2832 683 2864 the
700 2832 778 2864 line.
1051 2833 1063 2851 2
1087 2833 1206 2864 Added
1222 2833 1258 2864 in
1275 2833 1331 2864 the
1349 2833 1485 2873 margin.
