1987 3062
520 240 807 274 REGISTRUM
844 240 1294 274 coMMUNE—ANNO
1336 233 1397 275 10.
1604 233 1697 276 225

169 344 245 371 Α-Ό·
320 348 413 386 parte
431 346 588 378 Partibus
613 347 801 386 antedictis,
826 358 884 388 per
907 348 994 379 viros
1017 347 1201 387 fidedignos
1218 347 1310 378 omni
1334 347 1522 388 suspicione
1539 351 1698 387 carentes,

170 378 261 438 &gfff
319 392 555 421 contentorum
572 391 606 421 in
623 391 713 421 dicto
731 392 827 422 Brevi
844 392 1001 422 noticiam
1024 392 1172 422 debitam
1196 391 1396 429 obtinentes,
1413 391 1510 431 juxta
1528 392 1698 422 discrecio-

227 431 232 438 '
266 432 272 438 '
320 443 396 463 nem
414 434 507 464 vobis
523 445 542 464 a
559 435 629 464 Deo
644 435 767 473 datam,
785 435 819 465 in
837 435 943 465 forma
964 435 1187 476 jurandorum
1211 435 1351 465 testium
1375 435 1552 475 diligenter
1576 435 1698 465 exami-

168 472 214 499 fol.
230 475 273 502 2b.
323 478 434 507 nando
450 481 484 507 et
500 478 624 518 absque
638 478 780 518 strepitu
799 482 833 509 et
850 479 955 518 figura
970 479 1097 519 judicii,
1109 479 1287 509 summarie
1305 482 1338 508 et
1354 479 1394 508 de
1412 479 1509 518 plano
1522 478 1701 518 inquiratis

320 521 506 552 veritatem.
566 522 608 551 Et
632 532 696 561 que
720 532 777 561 per
800 522 1059 562 Inquisicionem
1083 522 1277 562 hujusmodi
1302 522 1505 560 inveneritis,
1522 532 1592 560 nos,
1616 522 1699 552 citra

321 564 459 595 Festum
492 565 733 595 Translacionis
766 566 879 596 Sancti
910 566 1078 596 Swithuni
1103 566 1253 605 proximo
1284 565 1452 604 futurum,
1485 565 1643 596 distincte
1667 568 1700 596 et

321 611 435 647 aperte
448 608 635 638 certificetis
652 619 711 648 per
729 608 854 639 Literas
868 612 993 639 vestras
1009 613 1161 649 patentes
1177 612 1212 639 et
1228 609 1363 648 clausas,
1377 609 1496 640 harum
1510 612 1544 639 et
1557 609 1700 649 Inquisi-

320 651 422 681 cionis
446 655 554 682 vestre
575 651 702 690 seriem,
729 662 794 682 una
818 663 893 683 cuin
918 653 1008 683 dicto
1032 653 1139 690 Brevi,
1164 652 1307 692 plenarie
1330 652 1551 691 continentes,
1576 655 1617 682 ut
1640 662 1699 682 nos

321 698 456 733 extunc,
487 695 574 725 infra
600 695 698 726 breve
727 699 869 736 tempus,
898 695 1099 726 Justiciariis
1122 696 1164 726 de
1188 696 1307 726 Assisis
1338 697 1523 727 secundum
1547 695 1699 735 ejusdem

322 738 435 768 Brevis
452 739 654 779 exigenciam
670 739 847 770 cerciorare
865 739 1043 770 valeamus.
1089 739 1143 770 Ad
1159 750 1224 779 que
1240 740 1390 770 facienda
1407 740 1499 770 vobis
1516 739 1698 770 committi-

321 791 395 812 mus
413 782 499 813 vices
515 785 654 814 nostras.
700 782 987 813 valete—Dalm
1006 783 1155 821 London,
1173 784 1213 814 23
1231 783 1328 814 June.

277 851 353 889 For
386 853 598 892 Collectors
631 854 671 891 of
704 854 803 891 alms
836 854 974 891 within
1007 854 1075 891 the
1114 853 1275 891 Diocese
1302 865 1312 901 ;
1345 854 1425 891 Pro
1460 853 1702 900 Questoribus

330 907 466 945 Sancti
485 908 658 956 Spiritus
677 908 721 945 dc
745 908 840 945 Urbe
861 906 1150 958 [Romana]—

169 956 269 989 [JUH-
280 961 433 1001 Thomas,
451 966 527 1000 etc.,
548 962 709 993 universis
725 965 758 992 et
774 962 913 1001 singulis
938 962 1188 992 Archidiaconis
1212 962 1246 992 in
1271 961 1417 992 Ecclesia
1440 965 1554 992 nostra
1578 963 1700 993 Exoni-

169 991 227 1021 ω’]
322 1006 402 1043 ensi,
420 1009 454 1037 et
470 1017 584 1036 eorum
602 1005 804 1036 Officialibus
822 1015 829 1043 3
853 1016 990 1044 necnon,
1009 1005 1150 1035 Decanis
1176 1005 1363 1044 Ruralibus,
1382 1005 1603 1037 Ecclesiarum
1623 1007 1700 1038 Rec-

323 1050 460 1089 toribus,
487 1050 660 1089 Perpetuis
684 1049 834 1087 Vicariis,
860 1052 892 1079 et
919 1049 1113 1079 Presbiteris
1146 1049 1402 1088 Parochialibus,
1428 1053 1497 1080 tam
1530 1053 1643 1080 nostre
1668 1053 1702 1081 et

321 1093 458 1124 alterius
471 1093 714 1133 cujuscumque
726 1091 905 1123 Peculiaris
916 1103 1017 1133 quam
1031 1092 1134 1122 eciam
1148 1092 1429 1123 Archidiaconalis
1442 1093 1702 1133 Jurisdiccionis,

321 1139 512 1167 nostrarum
529 1136 684 1167 Civitatis
701 1140 735 1166 et
752 1136 907 1175 Diocesis,
925 1136 1080 1173 salutem,
1099 1136 1353 1167 ete-Gratum
1379 1136 1588 1176 impenditur
1611 1137 1702 1168 obse-

322 1180 440 1220 quium
463 1180 635 1211 Altissimo
659 1183 693 1210 et
715 1183 889 1219 acceptum
914 1180 996 1209 dum
1019 1179 1173 1219 operibus
1196 1179 1364 1210 insistitur
1380 1180 1515 1220 pietatis
1531 1190 1596 1220 que
1619 1181 1701 1211 iram

322 1224 455 1264 mitigat
478 1227 513 1254 et
536 1223 795 1254 misericordiam
818 1222 942 1253 excitat
967 1222 1158 1253 Salvatoris.
1207 1223 1287 1261 Hac,
1320 1233 1449 1263 nempe,
1483 1223 1702 1254 meditacione

322 1267 518 1307 propensius
541 1266 687 1304 excitati,
705 1266 797 1296 vobis
822 1266 983 1296 universis
1006 1268 1041 1296 et
1064 1266 1205 1305 singulis
1228 1266 1263 1296 in
1287 1266 1415 1297 virtute
1432 1266 1631 1297 Obediencie
1648 1267 1699 1298 fir·

324 1311 423 1341 miter
450 1310 658 1350 injungimus
685 1312 720 1340 et
746 1310 944 1339 mandamus
975 1309 1145 1349 quatinus,
1173 1320 1250 1340 cum
1283 1314 1511 1349 procuratores
1542 1320 1601 1341 seu
1633 1311 1702 1342 veri

322 1354 437 1385 nuncii
456 1354 607 1394 Magistri
623 1357 657 1384 et
674 1353 830 1383 Fratrum
856 1352 1038 1392 Hospitalis
1062 1352 1175 1383 Sancti
1199 1353 1344 1392 Spiritus
1368 1353 1410 1383 de
1435 1353 1525 1384 Urbe
1549 1354 1700 1385 Romana

323 1397 365 1428 ad
383 1408 439 1428 vos
462 1408 520 1428 seu
548 1396 707 1428 Ecclesias
723 1399 784 1426 aut
809 1396 893 1426 Loca
917 1400 1027 1426 vestra
1049 1395 1255 1435 accesserint,
1274 1396 1423 1427 fidelium
1441 1396 1636 1428 elemosinas
1659 1398 1701 1428 ad

323 1441 603 1472 sustentacionem
621 1449 804 1480 pauperum
823 1442 857 1469 et
873 1439 1081 1469 infirmorum
1098 1439 1131 1469 in
1149 1439 1238 1470 dicto
1256 1440 1421 1480 Hospitali
1438 1440 1632 1480 degencium
1649 1441 1702 1480 pie

323 1485 472 1525 petituri,
489 1484 576 1524 ipsos
600 1484 640 1513 ad
665 1483 726 1513 hoc
749 1482 976 1513 favorabiliter
999 1483 1197 1521 admittatis,
1222 1483 1398 1523 Privilegia
1416 1487 1450 1514 et
1467 1483 1702 1523 Indulgencias

321 1529 429 1559 eidem
447 1527 614 1567 Hospitali
629 1527 693 1557 rite
709 1536 861 1557 concessa
876 1527 970 1557 Clero
987 1529 1022 1556 et
1037 1526 1159 1566 populo
1176 1526 1269 1557 vobis
1282 1527 1457 1557 commisso
1474 1527 1655 1567 exponatis,
1668 1531 1702 1558 et

323 1572 455 1602 eosdem
473 1581 636 1611 exponere
653 1570 856 1610 permittatis
872 1570 951 1600 locis
967 1572 1002 1600 et
1018 1570 1224 1609 temporibus
1248 1570 1415 1600 consuetis
1430 1581 1438 1608 ;
1461 1571 1556 1609 dum,
1575 1573 1699 1609 tamen,

322 1615 465 1646 formam
491 1613 731 1645 Predecessoris
755 1613 860 1644 nostri
884 1612 1058 1643 inmediati
1081 1617 1231 1652 tempore
1255 1613 1415 1644 usitatam
1431 1617 1466 1645 et
1485 1617 1644 1644 contenta
1666 1614 1701 1645 in

324 1659 443 1690 Literis
468 1657 666 1698 Apostolicis
682 1657 728 1687 eis
745 1657 905 1687 concessis
929 1657 963 1686 in
987 1656 1098 1696 aliquo
1122 1666 1187 1687 non
1212 1657 1384 1687 excedant.
1435 1658 1642 1696 Mandantes,
1667 1661 1702 1688 et

322 1703 355 1733 in
372 1702 498 1732 virtute
516 1700 713 1732 Obediencie
730 1700 869 1730 firmiter
885 1700 1110 1740 injungentes,
1131 1700 1290 1739 quatinus
1307 1700 1466 1740 quicquid
1491 1701 1544 1741 pia
1568 1701 1702 1732 devocio

322 1746 472 1777 fidelium
489 1745 612 1775 eisdem
632 1744 901 1784 procuratoribus
918 1754 974 1773 seu
993 1743 1122 1773 nunciis
1138 1743 1173 1773 in
1191 1743 1252 1774 hac
1268 1747 1363 1783 parte
1379 1744 1514 1775 duxerit
1530 1745 1701 1775 conferen-

320 1791 402 1820 dum
427 1799 484 1819 seu
509 1788 698 1828 legandum,
723 1787 802 1827 ipsis
825 1787 895 1817 sine
919 1786 1145 1817 diminucione
1168 1797 1380 1827 quacumque
1404 1787 1532 1818 faciatis
1550 1788 1701 1819 celeriter

319 1833 459 1864 liberari.
500 1832 673 1866 Volumus,
691 1834 816 1869 autem,
833 1831 923 1870 quod
939 1834 1112 1870 questores
1129 1830 1265 1861 Fabrice
1284 1831 1426 1862 Ecclesie
1444 1835 1557 1862 nostre
1574 1832 1698 1862 Exoni-

318 1877 405 1907 ensis
437 1879 587 1915 tempore
618 1874 908 1913 Quadragesimali,
941 1873 1117 1914 questibus
1148 1874 1219 1904 aliis
1244 1878 1326 1905 tunc
1351 1875 1566 1914 cessantibus,
1598 1875 1697 1915 privi-

319 1920 402 1961 legio
418 1920 586 1959 gaudeant
601 1917 768 1958 singulari.
817 1916 1034 1948 Presentibus
1050 1928 1108 1957 per
1126 1927 1232 1948 unum
1247 1928 1373 1948 annum
1391 1929 1409 1948 a
1424 1918 1504 1949 data
1519 1919 1701 1950 earundem

318 1962 555 1995 tantummodo
571 1961 907 1992 duraturis.——Dated
932 1961 1082 1999 Lond0n‚
1100 1962 1115 1991 1
1134 1961 1154 1992 J
1160 1960 1224 2001 uly.

277 2009 376 2045 Item,
395 2006 510 2037 eodem
535 2005 598 2043 die,
618 2004 786 2035 emanavit
809 2005 904 2044 quasi
927 2004 1098 2035 consimile
1122 2005 1333 2042 Mandatum,
1353 2005 1493 2035 mutatis
1516 2006 1697 2044 mutandis,

318 2062 378 2091 pro
396 2049 562 2090 Hospitali
579 2048 693 2080 Sancti
716 2048 866 2085 Antonii,
893 2047 927 2078 in
951 2048 1058 2078 forma
1081 2050 1250 2086 consueta,
1267 2058 1326 2088 per
1350 2058 1456 2079 unum
1472 2059 1600 2080 aunum
1624 2052 1697 2080 tan-

318 2094 497 2126 tummodo
513 2092 836 2123 duratu1·um.--See
852 2090 974 2131 Bishop
990 2090 1159 2130 Stafford's
1175 2091 1325 2131 Reqister,
1343 2101 1425 2132 page
1442 2093 1515 2123 311.

274 2161 329 2199 St.
353 2158 735 2209 Mawgan-in-Pyder
746 2170 757 2205 3
778 2157 1024 2205 Dispensacio
1034 2159 1153 2205 juoeta
1172 2157 1385 2205 capitulum
1401 2157 1501 2195 Cum
1521 2171 1567 2195 ex
1587 2171 1699 2204 eo,—

312 2214 356 2252 N
353 2213 624 2259 (immund,—

275 2268 428 2306 Thomas,
460 2271 539 2305 etc.,
573 2267 594 2298 J
598 2265 721 2297 ohanni
751 2264 978 2303 Nanscunnel,
1011 2265 1145 2296 Rectori
1176 2265 1320 2296 Ecclesie
1352 2265 1552 2296 Parochialis
1583 2266 1698 2297 Sancti

320 2311 487 2351 Maugani,
506 2311 659 2348 salutem,
678 2309 1010 2340 etc—Attendentes
1027 2311 1061 2339 te
1077 2308 1147 2339 fore
1171 2308 1316 2339 habilem
1333 2311 1368 2339 et
1383 2309 1552 2349 ydoneum
1568 2309 1609 2339 ad
1626 2312 1697 2340 stu-

319 2355 477 2393 dendum,
496 2357 536 2384 ut
551 2364 609 2394 per
625 2363 731 2384 unum
748 2362 886 2390 annum,
906 2362 924 2382 a
940 2352 1017 2382 data
1036 2351 1249 2382 Presencium
1266 2352 1422 2382 continue
1439 2353 1696 2392 numerandum,

319 2398 352 2428 in
370 2397 599 2429 Universitate
623 2395 749 2428 Oxonie
771 2396 924 2426 insistere
941 2395 1048 2426 valeas
1071 2395 1185 2426 studio
1209 2395 1392 2434 literarum,
1409 2396 1566 2436 quodque
1582 2396 1624 2426 ad
1641 2396 1697 2427 Sa-

320 2451 390 2471 cros
408 2441 547 2472 Ordines
563 2440 653 2471 ultra
670 2439 828 2471 Ordinem
853 2438 1130 2477 Subdiaconatus,
1147 2439 1179 2468 in
1197 2448 1273 2479 quo,
1292 2441 1332 2469 ut
1347 2439 1515 2477 asseritur,
1534 2439 1695 2470 constitu-

319 2486 376 2514 tus
399 2483 522 2522 existis,
547 2483 682 2514 interim
706 2482 891 2523 promoveri
914 2482 1052 2512 minime
1075 2482 1242 2518 tenearis;
1266 2482 1359 2519 dum,
1386 2485 1509 2521 tamen,
1526 2483 1614 2513 dicte
1638 2486 1696 2513 tue

320 2527 463 2557 Ecclesie
486 2527 594 2557 medio
611 2529 760 2566 tempore
783 2525 989 2556 deserviatur
1011 2525 1223 2555 laudabiliter
1244 2525 1277 2555 in
1302 2525 1441 2563 Divinis,
1459 2529 1493 2557 et
1509 2526 1696 2557 animarum

321 2580 398 2600 cura
414 2570 447 2600 in
465 2570 579 2600 eadem
602 2569 795 2600 nullatenus
818 2568 1003 2606 necligatur
1018 2578 1025 2606 ;
1049 2571 1169 2606 tecum,
1186 2568 1286 2608 juxta
1301 2568 1486 2609 capitulum
1504 2569 1585 2600 Cum
1601 2579 1637 2601 ex
1652 2580 1694 2608 eo,

321 2617 435 2643 tenore
451 2613 662 2644 Presencium
678 2613 917 2652 dispensamus.
964 2611 1098 2642 Proviso
1115 2612 1205 2651 quod
1222 2614 1469 2651 procuratorem
1485 2612 1520 2643 in
1533 2613 1622 2643 dicta
1636 2616 1695 2644 tua

320 2656 466 2687 Ecclesia
481 2656 631 2687 dimittas
647 2656 875 2694 sufficientem,
887 2655 945 2695 qui
961 2654 1055 2685 nobis
1072 2658 1107 2685 et
1122 2654 1244 2686 nostris
1256 2655 1418 2686 Ministris
1433 2655 1546 2687 debite
1561 2666 1694 2697 respon-

319 2699 397 2730 deat
412 2699 481 2730 vice
498 2703 565 2732 tua.
611 2700 721 2730 Dated
736 2697 915 2739 [London],
935 2698 951 2729 1
967 2696 990 2728 J
993 2697 1060 2739 uly.

278 2770 409 2808 Roche
426 2783 437 2817 3
464 2769 524 2807 De
542 2770 770 2819 inquirendo
798 2782 910 2817 super
937 2768 1218 2806 incontinent-ia
1238 2769 1400 2807 Domini
1418 2770 1597 2820 Huyonis
1615 2770 1698 2808 Fil-

315 2825 420 2870 berte,
437 2823 607 2861 Rectoris
625 2824 669 2861 de
688 2825 728 2862 Za
746 2823 938 2870 Rome,—

305 2892 334 2935 Q
