1987 3062
609 218 967 261 INSTITUTIONS,
1006 219 1109 254 ΕΤΟ.
1568 212 1625 255 61

98 320 171 347 AD·
204 324 302 362 Item,
319 335 359 355 an
378 325 499 355 Vicarii
515 325 556 356 de
571 325 753 356 residencia
769 325 919 355 facienda
935 324 1130 365 juraverint.

98 356 171 415 &0810
206 368 256 398 De
272 368 457 399 Minoribus
474 369 638 399 Beneficia
654 369 866 399 habentibus,

103 422 143 448 11.

205 411 303 449 Item,
323 412 364 442 de
383 412 589 443 Benefici-atis
606 423 671 442 non
689 412 851 442 ordinatis
868 412 954 442 infra
971 422 1109 443 annum.

206 455 303 493 Item,
321 456 362 486 de
379 456 581 486 habentibus
597 466 686 486 nunc
704 456 755 486 vel
771 456 863 496 prius
880 455 977 495 plura
996 456 1165 487 Beneficia.

205 499 302 537 Item,
320 499 360 529 de
378 499 573 539 Symoniace
589 500 750 530 ordinatis
767 499 818 529 vel
835 499 1005 539 promotis.

207 543 301 581 Item,
319 543 360 573 de
378 542 559 573 Ordinibus
575 543 783 582 singulorum
802 543 1043 581 ordinatorum,
1061 546 1096 573 et
1113 553 1131 573 a
1147 546 1298 583 ternpore
1315 554 1392 584 quo,
1413 546 1447 573 et
1464 554 1481 574 a
1498 543 1629 584 quibus.

205 586 303 624 Item,
320 586 361 616 de
377 597 469 616 arma
485 587 705 626 portantibus.

204 631 302 668 Item,
319 630 360 659 de
377 630 558 669 noctivagis
574 634 609 661 et
624 629 852 661 contenciosis.

208 675 307 711 Item,
326 673 366 703 de
382 673 525 704 ebriosis.

204 718 305 755 Item,
324 717 366 747 de
382 717 548 747 Tabernas
565 719 599 747 et
615 717 678 747 alia
694 717 764 747 loca
781 720 935 757 suspecta
952 717 1164 748 adeuntibus.

205 762 301 799 Item,
319 761 361 790 de
378 761 600 791 venatoribus.

206 805 302 843 Item,
320 805 362 834 de
378 804 650 843 negociatoribus.

204 849 301 886 Item,
319 848 360 878 de
377 847 438 878 hiis
455 848 511 887 qui
529 847 731 878 secularibus
748 846 900 886 negociis,
919 846 1074 886 precipue
1099 847 1156 877 ubi
1181 850 1346 878 tractatur
1368 848 1533 889 judicium
1558 860 1630 880 san-

247 891 367 930 guinis,
386 902 420 921 se
438 891 638 922 immiscent.

205 935 302 973 Item,
320 935 361 965 de
377 935 612 974 recipientibus
630 934 803 974 pensiones
820 934 862 963 ab
879 933 1042 964 Ecclesiis.

204 979 303 1016 Item,
322 979 363 1008 de
378 978 615 1017 recipientibus
631 978 664 1008 in
682 978 795 1008 alienis
813 977 980 1008 Parochiis
997 977 1142 1007 decimas
1160 978 1372 1017 parochiales.

205 1023 304 1060 Item,
324 1022 364 1052 de
381 1022 456 1052 filiis
473 1022 732 1061 presbiterorum
750 1021 1005 1051 succedentibus
1020 1021 1053 1051 in
1073 1021 1243 1052 Beneficiis
1262 1023 1418 1062 paternis.

204 1066 301 1103 Item,
319 1066 360 1095 (16
376 1065 548 1105 illegitime
565 1065 726 1095 ordinatis
744 1065 794 1095 vel
811 1064 1023 1095 beneficiatis.

205 1109 301 1148 Item,
319 1109 361 1139 de
378 1109 574 1139 Rectoribus
592 1109 698 1148 palam
717 1109 767 1139 vel
785 1108 914 1139 occulte
931 1108 1091 1139 uxoratis.

205 1153 301 1190 Item,
315 1153 356 1182 (16
370 1152 625 1191 Archidinconis,
640 1163 753 1183 eorum
773 1152 985 1190 OfficialibuS,
998 1155 1031 1182 et
1049 1152 1198 1191 Decanis,
1217 1163 1256 1183 an
1275 1153 1440 1194 recipiunt
1458 1155 1631 1194 pecuniam

249 1207 307 1236 pro
330 1196 451 1226 delicto
468 1196 609 1233 notorio,
628 1199 662 1226 et
678 1196 821 1236 qualiter
837 1196 958 1226 delicta
975 1196 1155 1235 corrigunt.

206 1240 303 1279 Item,
320 1250 360 1269 an
380 1240 545 1270 Ordinarii
564 1240 703 1280 predicti
720 1239 865 1269 subditis
882 1239 951 1269 suis
967 1239 1035 1269 sint
1052 1239 1189 1270 onerosi.

206 1283 303 1321 Item,
331 1293 371 1313 an
399 1283 632 1314 Archidiaconi
659 1283 822 1323 recipiant
852 1283 1121 1322 procuracionem
1149 1284 1391 1314 inmoderatam
1419 1295 1438 1314 a
1465 1284 1536 1315 loco
1564 1295 1630 1316 non

251 1327 398 1358 visitato,

205 1370 303 1409 Item,
320 1380 360 1400 an
378 1369 495 1400 Ballivi
513 1379 628 1400 eorum
644 1369 712 1399 sint
729 1369 828 1399 nimis
844 1368 981 1399 onerosi.

205 1413 302 1453 Item,
320 1414 361 1443 de
378 1413 526 1443 vestibus
543 1413 812 1453 presbiterorum.

206 1457 305 1495 Item,
324 1457 365 1487 (16
381 1456 564 1496 Sacrilegis,
578 1457 619 1486 de
635 1456 814 1497 suspensis,
831 1457 872 1486 de
889 1456 1195 1495 excommunicatis,
1216 1457 1258 1487 de
1274 1456 1478 1496 interdictis3
1495 1459 1535 1488 de
1560 1469 1631 1499 per-

247 1511 354 1541 Jurns.

205 1544 302 1582 Item,
321 1544 361 1574 (16
376 1543 411 1574 in
423 1543 503 1573 locis
519 1543 706 1574 interdictis
724 1543 979 1573 celebrantibus.

206 1587 304 1625 Item,
324 1597 365 1617 an
383 1587 473 1617 laicis
490 1587 591 1617 detur
607 1587 751 1617 Ecclesia
769 1586 809 1617 ad
827 1586 967 1622 firmam,
990 1586 1039 1616 vel
1056 1589 1144 1616 terra
1162 1586 1314 1618 Ecclesie.

208 1630 304 1669 Item,
322 1631 364 1661 de
379 1641 445 1661 non
462 1630 705 1665 residentibus3
725 1631 766 1661 de
783 1630 1036 1660 dimittentibus
1056 1630 1233 1660 Ecclesiam
1252 1632 1292 1661 ad
1311 1630 1414 1663 firma.

204 1674 302 1713 Item,
320 1684 360 1704 an
378 1674 481 1714 aliqui
498 1674 682 1713 presbiteri,
700 1674 855 1704 Rectores
872 1673 923 1703 vel
939 1673 1056 1712 clerici,
1072 1675 1104 1704 in
1123 1674 1230 1705 Sacris
1247 1674 1429 1706 Ordinibus
1445 1677 1632 1716 constituti,

248 1727 375 1748 comam
392 1717 553 1748 nutriunt
569 1717 619 1748 vel
638 1720 715 1748 tena.
733 1717 801 1756 (sic)
821 1720 968 1747 utantur.

206 1761 304 1800 Item,
321 1762 362 1791 de
377 1761 601 1792 alienantibus
617 1761 702 1791 bona
720 1760 874 1792 Ecclesie.

206 1805 303 1844 Item,
321 1805 363 1835 de
379 1804 511 1836 Divinis
528 1804 660 1843 Officiis,
678 1815 718 1834 an
737 1805 799 1835 rite
816 1804 908 1835 fiant.

204 1848 301 1887 Item,
319 1849 461 1888 qualiter
475 1848 660 1879 sacerdotes
677 1858 753 1879 cum
772 1846 962 1879 Eukaristia
978 1846 1150 1879 incedunt.

204 1892 302 1931 Item,
320 1892 361 1922 (16
377 1891 549 1923 adulteris.

206 1935 304 1975 Item,
323 1936 363 1966 de
379 1935 586 1966 incestuosis.

204 1979 302 2018 Item,
319 1979 361 2009 de
376 1978 627 2017 concubinariis,
645 1978 888 2019 cujuscumque
905 1978 1107 2009 condicionis
1124 1978 1281 2010 existant.

204 2022 304 2060 Item,
323 2023 364 2053 de
380 2022 574 2053 tenentibus
590 2022 732 2062 lupanar
747 2022 797 2052 vel
815 2022 1017 2052 lenocinium
1035 2022 1338 2054 committentibus.

204 2065 301 2105 Item,
319 2066 360 2096 de
377 2066 545 2097 usurariis.

205 2109 303 2149 Item,
321 2110 362 2140 de
378 2109 596 2140 violatoribus
611 2109 740 2149 jurium
758 2111 792 2139 et
807 2108 1004 2139 libertatum
1022 2109 1167 2139 Ecclesie
1183 2112 1218 2141 et
1233 2121 1271 2141 ea
1288 2113 1544 2152 usurpantibus.

205 2153 301 2192 Item,
319 2154 360 2184 de
377 2152 556 2184 diffamatis
573 2163 673 2192 super
689 2162 901 2192 quocumque
916 2152 1054 2183 crimine
1070 2153 1102 2183 in
1121 2153 1251 2184 delicto.

203 2196 301 2235 Item,
318 2197 360 2227 de
376 2196 652 2227 contrahentibus
669 2196 875 2226 clandestina
893 2195 1116 2226 matrimonia.

205 2239 302 2279 Item,
320 2240 361 2270 (16
377 2240 441 2270 hiis
457 2240 515 2280 qui
532 2239 728 2280 hujusmodi
744 2239 932 2270 contractui
948 2239 1188 2271 interfuerunt.

203 2283 303 2322 Item,
322 2284 364 2314 de
379 2283 465 2314 male
481 2282 738 2313 decimantibus.

204 2326 302 2366 Item,
319 2327 361 2357 (16
383 2326 611 2357 oblacionibus
628 2326 679 2356 vel
701 2325 834 2366 juribus
858 2326 1080 2357 Ecclesiarum
1105 2326 1345 2366 parochialium
1361 2328 1484 2360 delicta
1499 2330 1630 2361 subtra-

246 2370 412 2401 bentibus.

203 2412 301 2452 Item,
325 2415 366 2444 de
389 2413 587 2451 redditibus,
611 2412 718 2450 terris,
744 2412 794 2442 vel
819 2410 892 2442 aliis
916 2412 1019 2451 bonis,
1044 2423 1104 2453 pro
1130 2414 1378 2446 sustentacione
1406 2416 1544 2447 luminis
1570 2421 1632 2449 aut

246 2457 382 2487 alterius
400 2456 506 2488 Officii
523 2457 556 2486 in
575 2456 720 2486 Ecclesia
736 2455 799 2486 Dei
815 2455 1001 2495 assignatis.

202 2499 300 2538 Item,
317 2501 358 2530 de
381 2500 547 2532 Cantariis
564 2499 615 2530 vel
632 2499 703 2530 aliis
719 2499 939 2530 servitutibus
955 2499 989 2530 in
1013 2499 1158 2530 Ecclesia
1178 2500 1347 2540 faciendis,
1366 2505 1425 2533 aut
1441 2503 1630 2535 elemosinis

245 2543 368 2574 debitis
385 2544 436 2574 vel
452 2553 517 2574 non
534 2553 669 2583 quoquo
682 2543 781 2572 modo
797 2543 987 2573 subtractis.

202 2586 299 2625 Item,
316 2587 358 2617 de
373 2587 635 2627 impedientibus
652 2586 837 2617 Servicium
856 2586 1069 2616 Dominicum
1086 2586 1120 2616 in
1138 2587 1293 2620 Ecclesia.

203 2629 300 2669 Item,
317 2630 358 2661 de
378 2630 609 2670 parochianam
627 2629 808 2660 Ecclesiam
825 2639 891 2659 non
909 2629 1212 2669 frequentantibus.

202 2672 299 2711 Item,
316 2673 358 2704 de
373 2673 689 2704 administrantibus
705 2673 738 2703 in
756 2672 863 2703 aliena
880 2672 1039 2703 Parochia
1055 2673 1126 2703 sine
1143 2673 1302 2705 Licencia.

201 2716 299 2754 Item,
317 2717 357 2747 de
374 2716 576 2747 habentibus
594 2716 756 2754 Oratoria,
774 2719 809 2746 et
825 2725 892 2756 quo
908 2715 992 2756 jure.

202 2759 301 2797 Item,
321 2759 362 2790 de
378 2760 574 2790 tenentibus
591 2759 694 2789 scolas
710 2759 926 2790 adulterinas.

202 2802 299 2843 Item,
316 2803 358 2833 de
374 2803 562 2834 defectibus
580 2803 802 2834 Ecclesiarum
820 2806 854 2833 et
871 2803 1154 2833 Ornamentorum
1171 2804 1362 2844 earundem,
1379 2808 1440 2836 ete.
