1987 3062
438 220 722 256 REGISTRUM
760 222 1218 257 coMMUNn—ANNO
1263 214 1353 256 100.
1564 206 1656 254 407

118 324 194 365 ⁴⁵¹·P·
266 325 492 364 personaliter
506 327 681 360 intendere
697 328 883 368 valeamus,
901 327 1011 369 vobis,
1028 328 1146 369 igitur,
1165 327 1372 360 auctoritate
1388 326 1552 366 ipsarum,
1571 333 1658 355 com-

116 360 206 417 {730‘19'1
267 369 447 411 mittimus,
476 374 555 411 ete,
584 373 746 412 quatinus
770 373 936 414 premissa
961 374 1075 404 omnia
1099 376 1133 404 et
1159 371 1295 413 singula
1318 372 1354 402 in
1380 370 1507 401 eisdem
1533 370 1658 400 Literis

173 412 180 418 '
210 412 216 418 '
266 416 438 452 contenta,
456 414 559 453 juxta
574 416 785 456 exigenciam
800 416 994 454 earundem,
1014 417 1049 447 in
1066 415 1218 447 Ecclesia
1234 418 1353 446 nostra
1369 412 1566 446 Cathedrali
1584 422 1657 454 pre-

264 455 367 496 dicta,
395 457 429 487 in
456 457 735 490 Processionibus
763 459 984 500 solempniter
1008 458 1184 498 faciendis,
1213 459 1374 499 quociens
1400 456 1575 489 videbitur
1601 466 1655 487 ex-

263 499 390 540 pedire,
409 499 522 532 debite
539 501 743 542 publicetis;
768 504 996 534 ceitificantes
1013 513 1084 542 nos,
1104 506 1165 534 aut
1180 506 1336 533 nostrum
1354 501 1541 533 Officialem
1560 500 1655 531 Prin-

264 542 407 583 cipalem
427 543 665 585 Exoniensem,
689 555 760 585 seu,
782 546 857 587 ipso
878 545 1028 585 absente,
1051 547 1161 577 nostri
1182 545 1386 578 Consistorii
1405 544 1653 582 Presidentem,

264 585 352 616 citra
371 585 513 618 Festum
535 588 652 619 Sancti
672 588 809 620 Andree
828 590 982 630 proximo
1003 590 1075 629 jam
1095 589 1263 627 futurum,
1288 589 1450 620 distincte
1472 590 1506 619 et
1527 590 1655 628 apperte,

261 629 343 668 quid
359 629 508 661 feceritis
521 631 555 661 in
567 632 752 671 premissis,
768 642 835 662 una
849 642 926 663 cum
938 631 1132 664 nominibus
1149 636 1183 663 et
1201 630 1460 672 cognominibus
1479 630 1658 663 rebellium

261 676 295 702 et
321 673 642 714 contradicencium,
670 674 697 705 si
722 675 781 715 qui
806 674 947 712 fuerint,
974 675 1010 706 in
1035 674 1098 705 hac
1124 678 1234 716 parte,
1262 685 1323 716 per
1347 674 1482 705 Literas
1508 678 1653 712 vestras,

262 716 488 748 etc.—-Dated
508 717 661 759 London,
683 720 704 748 4
725 717 1032 757 October.—Ite1n,
1055 718 1173 749 eodem
1194 718 1258 755 die,
1283 721 1486 749 emanarunt
1506 722 1655 759 quatuor

261 758 327 790 alia
342 757 516 791 'Mandata
539 761 729 792 consimilia
751 761 882 793 directa
904 764 1054 802 quatuor
1077 761 1349 801 Archidiaconis,
1376 761 1417 793 de
1441 761 1560 793 eadem
1581 771 1649 792 ma-

260 802 357 832 teria.
406 804 481 842 [See
502 803 638 845 Bis-lios)
662 804 910 836 Grandis-sons
934 804 1098 845 Iovi-ster,
1122 814 1209 845 page
1232 806 1341 845 1116.]

217 870 469 909 Confessions
486 885 495 918 3
524 874 589 910 Ad
606 873 855 912 audiendum
883 873 1220 922 Censes-sione&—

217 924 316 966 Item,
341 926 538 967 Londoniis,
562 927 634 968 vjto
657 927 710 959 die
731 928 856 960 mensis
879 927 1051 968 Octobris,
1077 928 1246 960 Dominus
1269 928 1437 960 concessit
1459 928 1653 960 Licenciam

259 969 375 1001 Fratri
389 969 541 1002 dohanni
557 970 748 1011 Laurencii,
766 970 904 1004 Ordinis
920 972 1083 1003 Fratrum
1099 971 1370 1011 Predicatorum,
1388 972 1432 1004 ad
1448 972 1654 1004 audiendum

109 1011 161 1036 sol.
178 1011 238 1037 75b.
259 1012 495 1045 confessiones
513 1013 730 1046 subditorum
748 1014 887 1046 Domini
905 1025 1210 1056 quorumcumque,
1225 1020 1288 1046 ete.
1306 1027 1314 1053 ;
1334 1025 1512 1056 perunum
1525 1024 1652 1046 annum

260 1056 471 1088 duraturam.

217 1120 420 1158 Oratories
437 1134 447 1167 3
476 1121 636 1158 Licence
657 1127 692 1159 to
713 1122 960 1167 celebrate,—

211 1174 311 1215 Item,
347 1173 485 1215 ibidem,
512 1176 547 1215 xj
577 1175 641 1215 die,
679 1175 847 1207 Dominus
883 1175 1050 1207 concessit
1090 1176 1286 1208 Licenciam
1318 1175 1476 1208 Johanne
1513 1177 1641 1215 Fouke‚

258 1217 370 1249 facere
389 1217 552 1249 celebrari
573 1219 712 1258 Divina,
734 1223 813 1259 etc.,
836 1220 871 1250 in
891 1218 1031 1260 Capella
1051 1220 1122 1251 sive
1143 1219 1301 1251 Oratorio
1322 1220 1413 1251 infra
1433 1220 1647 1251 Mansionem

256 1261 363 1301 ipsius
384 1261 424 1292 de
443 1261 550 1302 Pylle,
574 1262 608 1292 in
627 1262 796 1293 Parochia
815 1263 855 1294 de
876 1263 1031 1294 'I'autone
1051 1263 1227 1304 [Bislzoffs
1252 1263 1436 1303 chwton];
1464 1274 1524 1305 per
1543 1273 1648 1294 unum

254 1314 379 1335 annum
397 1304 608 1336 duraturam.

213 1346 311 1383 Item,
336 1347 461 1378 eisdem
484 1347 537 1378 die
559 1352 592 1379 et
611 1347 697 1389 loco,
723 1348 890 1379 Dominus
913 1349 1078 1380 concessit
1100 1349 1293 1380 Licentiam
1314 1349 1464 1381 Johanni
1487 1350 1591 1381 Huda
1614 1354 1647 1381 ct

257 1390 410 1422 Dionisie
428 1391 502 1431 ejus
519 1391 628 1431 uxori,
647 1391 739 1432 quod
757 1392 890 1433 possint
907 1392 1028 1430 facere,
1049 1395 1128 1432 ete,
1148 1392 1183 1423 in
1202 1391 1343 1433 Capella
1360 1393 1484 1425 Sancte
1502 1393 1645 1432 VVenne,

254 1433 347 1465 infra
365 1433 568 1466 Parochiam
589 1434 629 1466 de
649 1435 820 1467 Launowe
838 1436 902 1476 [St.
926 1435 1049 1475 ch];
1078 1446 1139 1477 per
1159 1446 1265 1467 unum
1284 1446 1412 1467 annum
1431 1436 1643 1468 duraturam.

162 1503 415 1541 Confessions
433 1517 442 1550 3
470 1505 537 1542 Ad
554 1505 802 1542 audiendum.
825 1504 1525 1554 Coo(sessimees—Haulcesworthe,—

210 1557 310 1597 Item,
335 1557 462 1589 eisdem
485 1557 539 1590 die
561 1562 595 1590 et
616 1558 701 1597 loco,
728 1559 897 1590 Dominus
920 1560 1087 1592 concessit
1110 1560 1286 1591 Licencias
1310 1560 1466 1593 Dominis
1490 1561 1643 1593 Roberto

251 1601 537 1639 Haukesworthffi
565 1601 737 1643 Perpetuo
761 1601 900 1633 Vicario
927 1601 1055 1634 Curato
1079 1603 1114 1634 in
1140 1603 1294 1634 Ecclesia
1317 1603 1506 1645 Collegiata
1532 1605 1639 1637 Cridi-

252 1645 355 1685 tonie,
377 1649 411 1676 et
430 1644 565 1686 Rogero
585 1645 724 1684 Perour,
747 1645 897 1677 Sacriste
914 1645 949 1676 in
969 1645 1121 1677 Ecclesia
1141 1645 1332 1688 Collegiata
1350 1647 1456 1680 Beate
1476 1648 1587 1680 Marie
1605 1649 1646 1680 de

252 1687 370 1729 Otery,
394 1688 485 1729 quod
505 1698 621 1720 eorum
640 1691 783 1729 uterque
803 1688 918 1720 valeat
939 1687 1062 1730 eligere
1084 1688 1149 1720 sibi
1170 1700 1276 1721 unum
1296 1690 1351 1722 vel
1370 1691 1485 1732 plures
1506 1691 1644 1723 Confes-

252 1742 355 1769 sores,
384 1732 544 1773 quociens
570 1735 604 1763 et
631 1732 767 1772 quando
792 1731 898 1763 fuerit
924 1736 1143 1773 oportunum,
1173 1733 1233 1774 qui
1259 1733 1351 1774 ipsos
1378 1745 1399 1765 a
1426 1739 1646 1774 peccatorum

251 1785 389 1807 suorum
406 1775 549 1807 maculis
566 1774 742 1807 absolvere
760 1776 880 1816 possit,
902 1779 936 1807 et
954 1776 1166 1817 penitencias
1184 1787 1246 1817 pro
1264 1778 1452 1810 commissis
1470 1779 1645 1820 imponere

250 1818 426 1859 salutares,
452 1819 558 1851 eciam
578 1819 613 1849 in
635 1817 769 1850 casibus
791 1819 937 1850 Domino
960 1819 1155 1860 specialiter
1174 1821 1368 1853 reservatis.

210 1883 477 1933 Illegitimacy
492 1896 501 1929 3
530 1882 788 1931 Dispensacio
809 1896 898 1920 cum
918 1883 1192 1932 illesjz'timm—

204 1936 304 1977 Item,
329 1937 527 1977 Londoniis,
552 1937 623 1977 xija
649 1937 714 1977 die,
741 1937 910 1969 Dominus
935 1937 1148 1978 dispensavit
1173 1949 1250 1970 cum
1274 1938 1456 1971 Edmundo
1482 1940 1634 1982 Knythe,

247 1980 379 2019 clerico,
398 1980 438 2011 de
455 1979 565 2011 soluto
581 1980 697 2021 genito
713 1984 746 2011 et
762 1979 885 2016 soluta,
904 1981 1111 2012 auctoritate
1128 1981 1321 2013 Literarum
1338 1982 1540 2021 Revcrendi,
1560 1988 1638 2020 etc,

248 2024 387 2055 Domini
411 2022 591 2063 Johannis,
619 2023 841 2054 miseracione
865 2023 994 2054 Divina
1019 2023 1128 2055 Tituli
1153 2024 1278 2056 Sancte
1303 2023 1429 2057 Sabine
1454 2026 1641 2060 Presbiteri

247 2066 448 2103 cardinalis,
472 2067 514 2097 ad
536 2077 652 2098 omnes
673 2066 817 2098 Ordines
839 2070 873 2097 et
895 2066 1102 2097 Beneficium
1125 2067 1416 2107 Ecclesiasticum,
1441 2073 1519 2107 etc.,
1545 2074 1583 2102 ut
1606 2072 1641 2102 in

246 2109 377 2147 forma3
407 2108 623 2151 presentibus
645 2109 815 2150 Magistro
837 2109 985 2150 Hugone
1007 2110 1047 2141 de
1070 2109 1296 2151 Hickelynge,
1324 2109 1496 2144 Canonico
1518 2114 1552 2144 in
1575 2114 1637 2145 Ec-

246 2153 348 2185 clesia
374 2153 570 2186 Cathedrali
596 2153 739 2189 Exonie,
768 2157 802 2185 et
828 2153 975 2184 Domino
1001 2152 1133 2184 Thoma
1159 2153 1199 2184 de
1227 2152 1375 2194 Organo,
1406 2154 1576 2188 Canonico
1602 2158 1638 2189 in

243 2196 368 2228 Libera
397 2195 538 2238 Capella
565 2196 675 2237 Regia
704 2196 821 2228 Sancti
850 2196 1017 2238 Stephani
1047 2196 1357 2236 Westmonasterii,
1389 2198 1637 2233 Londoniensis

244 2240 410 2281 Diocesis,
428 2239 577 2272 testibus
595 2240 638 2272 ad
655 2240 831 2281 premissa,
851 2243 914 2272 etc.

206 2304 375 2353 Chapels
393 2317 402 2350 ;
431 2304 592 2341 L‘icence
614 2310 648 2341 to
669 2303 918 2348 celebrates--

198 2358 299 2398 Item,
323 2358 449 2390 eisdem
471 2357 524 2390 die
545 2361 579 2389 et
597 2357 682 2395 loco,
707 2357 876 2389 Dominus
897 2357 1063 2388 concessit
1084 2356 1277 2389 Licenciam
1299 2358 1469 2400 Magistro
1492 2361 1633 2403 Hugoni

241 2401 468 2443 Hickelynge,
495 2401 633 2433 Rectori
659 2401 809 2432 Ecclesie
835 2400 877 2431 de
904 2398 1096 2440 Mahynyet
1123 2399 1372 2441 [illenlzenyot]
1401 2404 1492 2444 quod
1520 2406 1630 2446 possit

236 2442 415 2483 celebrare,
434 2448 468 2476 et
484 2444 596 2476 facere
612 2443 787 2481 celebrari,
806 2442 935 2473 Divina
950 2443 983 2473 in
1002 2441 1149 2484 Capellis
1166 2443 1272 2476 Beate
1290 2445 1399 2478 Marie
1417 2447 1457 2478 de
1474 2447 1625 2489 Trengof

240 2492 274 2520 et
291 2487 432 2526 Trethu,
454 2497 583 2519 necnon
601 2487 636 2518 in
655 2485 796 2527 Capella
814 2486 920 2517 Beate
939 2485 1048 2517 Marie
1066 2485 1295 2527 Magdalene‚'
1318 2489 1420 2529 juxta
1438 2490 1625 2532 Lyskerde,

239 2532 274 2563 in
287 2530 458 2563 Parochia
477 2530 518 2563 de
538 2530 731 2572 Mahynyet
750 2529 906 2571 predicta
926 2529 1074 2568 situatis,
1099 2533 1162 2561 ete.

94 2624 98 2643 ¹
125 2624 209 2657 This
243 2635 314 2656 was
349 2635 369 2656 a
403 2624 566 2666 Hospital
602 2624 655 2656 for
690 2622 811 2664 lepers.
938 2621 972 2652 in
990 2620 1048 2653 the
1065 2621 1315 2666 neighbouring
1333 2625 1456 2659 Parish
1473 2628 1509 2659 of
1526 2628 1623 2661 War-

130 2668 293 2709 Trengoff
319 2669 406 2706 (now
430 2668 620 2708 Trengove)
647 2666 713 2699 and
737 2666 815 2697 Tre·
937 2664 1072 2706 legg-an,
1091 2666 1204 2698 which
1220 2678 1290 2699 was
1306 2668 1366 2701 the
1383 2669 1463 2702 Seat
1480 2671 1534 2703 for
1549 2682 1623 2703 cen-

130 2711 222 2743 thew
247 2722 303 2744 are
328 2710 412 2743 both
437 2711 471 2742 in
497 2709 720 2751 Menhenyot,
749 2708 816 2741 and
941 2709 1048 2740 turies
1083 2709 1119 2740 of
1154 2709 1214 2742 the
1250 2711 1382 2743 antient
1419 2713 1555 2757 Family
1592 2716 1628 2748 of

129 2755 189 2787 the
206 2755 333 2787 former
351 2757 444 2786 must
461 2756 522 2785 not
541 2752 583 2785 be
603 2752 816 2785 confounded
939 2752 1109 2794 Trengoff.

129 2797 215 2830 with
235 2798 295 2830 the
317 2797 441 2830 Manor
463 2797 498 2828 of
520 2796 580 2829 the
603 2807 694 2829 same
716 2805 815 2828 name
