1987 3062
301 238 393 282 398

298 351 372 376 AD.

299 384 372 410 1379.

298 418 368 447 [Vol.
383 418 435 447 11⁴]
448 417 456 427 ‘

297 2645 356 2674 [fol.
372 2644 426 2673 29]

523 251 623 282 THE
650 250 890 283 REGISTER
915 250 973 282 OF
998 249 1179 282 BISHOP
1203 247 1600 281 BRANTYNGHAM.

443 356 529 394 fuga
548 356 582 384 et
602 353 770 384 evasionis
790 351 940 393 periculo
960 351 1033 382 fieri
1053 354 1180 391 posset,
1203 349 1301 381 nobis
1321 349 1463 381 indilate
1481 348 1819 383 transmitterentur;

449 397 598 437 alioquin
616 397 650 427 in
667 397 751 427 artis
769 394 960 426 carceribus
979 394 1294 434 de[s]cenderentur
1311 397 1344 425 et
1362 392 1425 424 sub
1443 393 1512 424 fida
1529 391 1684 423 custodia
1703 391 1827 422 detine-

446 443 566 471 rentur
580 439 684 470 donec
701 438 794 469 aliud
810 448 912 478 super
926 437 989 469 hoc
1003 437 1242 468 mandaremus
1257 450 1264 475 ς
1289 436 1475 473 credentes,
1494 438 1661 476 preterea,
1680 437 1830 474 recepta-

446 488 549 523 tores,
568 482 772 521 defensores,
794 486 828 512 et
845 482 996 513 fautores
1014 490 1130 511 eorum
1148 479 1522 512 Excommunicacionis
1541 478 1721 510 Sentencia
1737 478 1830 507 inno-

447 528 625 564 (lavimus3
648 525 878 557 Absolucione
895 525 1058 565 ipsorum,
1076 526 1295 565 preterquam
1312 524 1345 553 in
1363 523 1483 553 mortis
1502 520 1657 559 articulo,
1676 520 1830 551 Romano

443 570 602 601 Pontifici
627 572 811 601 reservata.
860 567 906 599 Et
930 568 1070 607 insuper
1095 566 1307 597 decrevimus
1333 564 1423 606 quod
1448 565 1653 605 quicumque
1679 562 1826 603 aliquem

447 613 679 655 predictorum
706 612 851 643 scienter
876 614 1110 652 presumerent
1137 609 1376 641 Ecclesiastice
1401 609 1535 640 tradere
1564 607 1738 648 sepulture
1765 606 1831 637 Ex-

448 655 720 687 commicacionis
744 654 922 686 Sentencie
947 653 1175 694 subjacerent,
1204 663 1222 684 a
1247 646 1316 694 q⁴ua
1339 651 1471 683 absolvi
1494 661 1562 682 non
1587 654 1738 691 possent,
1765 651 1830 681 nisi

448 700 543 740 prius
561 699 709 739 propriis
728 697 884 729 manibus
903 696 1157 729 extumularent
1174 700 1208 728 et
1225 696 1343 737 procul
1363 696 1509 727 eicerent
1529 695 1572 727 ab
1591 695 1830 726 If]c‹,·lesiastica

448 742 625 783 sepultura
650 752 794 782 corpora
817 741 1011 772 eorundem.
1060 741 1106 772 Et
1131 739 1377 780 subsequenter
1402 740 1594 771 districcius
1622 738 1832 770 inhibuimus

448 785 605 817 omnibus
621 789 654 817 et
670 785 812 826 singulis
828 784 958 817 Christi
972 783 1158 824 Fidelibus,
1177 785 1356 824 utriusque
1373 792 1484 821 sexus,
1504 783 1747 822 cujuscumque
1764 783 1830 811 sta-

446 834 514 867 tus,
534 829 671 871 gradus,
690 829 830 868 ordinis,
850 829 1067 866 condicionis,
1087 828 1277 868 dignitatis,
1297 827 1352 858 vel
1368 824 1615 868 preeminencie
1633 825 1828 865 existerent,

448 873 554 903 eciam
572 872 599 903 si
615 872 734 913 Regia,
754 871 924 912 Reginali,
944 871 1129 912 Imperiali,
1149 871 1203 902 vel
1222 870 1426 907 Pontificali,
1448 880 1506 901 seu
1524 869 1645 910 quavis
1664 867 1732 899 alia
1748 867 1830 908 Dig<

447 916 556 947 nitate
573 914 755 956 fulgerent,
776 916 884 946 eciam
902 916 930 946 si
948 918 1059 946 essent
1078 915 1200 946 Sancte
1219 913 1371 944 Romane
1390 912 1540 944 Ecclesie
1559 910 1768 950 CardinaleS,
1790 920 1832 941 ne

447 960 481 989 in
499 958 719 997 Civitatibus,
738 959 879 997 Castris,
898 958 1010 997 Villis,
1028 958 1083 989 vel
1099 958 1199 989 Locis
1216 958 1286 988 suis
1302 956 1451 997 aliquem
1466 956 1698 997 predictorum
1715 954 1830 994 damp-

447 1006 607 1033 natorum
627 1002 773 1033 scienter
790 1003 992 1043 reciperent,
1014 1011 1073 1032 seu
1091 1001 1158 1032 illis
1178 1000 1220 1031 ad
1238 1000 1295 1031 illa
1314 1000 1446 1031 aditum
1464 996 1615 1040 prebere,
1638 997 1691 1029 vel
1711 997 1753 1028 ad
1773 996 1832 1028 illa

446 1046 482 1076 in
503 1043 627 1085 quibus
649 1045 794 1085 predicti
817 1044 1006 1086 dampnati,
1030 1044 1085 1075 vel
1108 1043 1231 1084 aliquis
1254 1053 1380 1082 eorum,
1406 1041 1604 1073 habitarent
1626 1040 1680 1072 vel
1702 1049 1832 1071 moram

446 1088 622 1120 traherent
650 1088 762 1127 blada,
793 1089 923 1127 vinum,
956 1098 1083 1126 carnes,
1115 1097 1278 1128 pannum,
1311 1086 1415 1126 ligna,
1448 1084 1623 1123 victualia,
1656 1084 1828 1125 pecunias,

445 1142 584 1172 merces,
607 1141 671 1169 res,
694 1130 749 1162 vel
770 1141 982 1172 quecumque
1003 1130 1093 1162 bona
1115 1130 1181 1161 alia
1217 1129 1260 1161 ad
1283 1140 1398 1161 eorum
1421 1139 1520 1160 usum
1543 1128 1653 1166 utilia,
1678 1131 1827 1168 portare,

446 1176 594 1216 mittere,
615 1175 669 1207 vel
690 1175 830 1214 deferre,
855 1184 912 1206 seu
934 1174 1075 1215 portari,
1100 1177 1159 1205 aut
1180 1173 1284 1211 mitti,
1308 1173 1363 1204 vel
1384 1172 1507 1204 deferri
1528 1172 1638 1203 facere
1660 1181 1828 1212 presume-

446 1222 532 1258 rent,
551 1228 612 1249 nec
628 1228 689 1259 per
705 1217 789 1249 alios
806 1217 1056 1258 quoquomodo,
1077 1217 1105 1248 si
1122 1216 1183 1248 hec
1201 1215 1381 1257 prohibere
1399 1219 1548 1257 possent.
1569 1215 1672 1251 mitti,
1694 1215 1828 1253 deferri,

444 1272 502 1292 seu
526 1262 656 1302 portari
682 1262 930 1302 permitterent.
980 1259 1235 1295 Prohibuimus,
1264 1260 1413 1299 insuper,
1440 1269 1481 1289 ne
1506 1259 1581 1299 quis
1609 1258 1746 1298 aliquod
1773 1259 1830 1288 im-

446 1305 679 1346 pedimentum
698 1309 851 1346 prestare
869 1304 1020 1342 auderet,
1040 1314 1100 1344 per
1117 1314 1153 1334 se
1167 1303 1221 1334 vel
1240 1302 1343 1334 alium
1362 1313 1419 1334 seu
1439 1302 1533 1342 alios,
1553 1301 1688 1343 publice
1706 1301 1760 1333 vel
1778 1312 1829 1332 oc-

446 1348 547 1388 culte,
581 1348 708 1380 directe
739 1348 793 1379 vel
824 1348 1000 1385 indirecte,
1033 1347 1215 1388 quominus
1247 1346 1392 1387 predicti
1424 1344 1607 1384 Robertus,
1640 1344 1827 1381 Johannes,

446 1392 625 1429 Ger-aldus,
645 1395 678 1423 et
694 1391 830 1430 Petrus,
849 1394 882 1423 et
900 1390 957 1421 alii
975 1390 1151 1431 dampnati
1171 1390 1326 1430 superius
1344 1389 1521 1428 nominati,
1542 1391 1756 1428 caperentur,
1777 1387 1830 1418 de-

445 1436 648 1473 tinerentur,
680 1438 715 1466 et
744 1435 787 1466 ad
817 1445 878 1465 nos
907 1435 1246 1471 transmitterentur;
1285 1433 1484 1473 quinymmo
1515 1432 1671 1465 omnibus
1702 1432 1830 1464 Christi

446 1477 622 1510 Fidelibus
641 1478 797 1509 districte
815 1477 1023 1518 precipimus
1042 1477 1132 1517 quod
1151 1477 1227 1517 ipsi,
1249 1477 1304 1508 vel
1324 1487 1440 1508 eorum
1460 1475 1616 1517 quilibet,
1638 1479 1833 1516 prestarent

446 1522 493 1553 eis
515 1521 573 1562 qui
593 1521 727 1552 eosdem
749 1530 879 1561 capere,
904 1530 961 1551 seu
983 1524 1102 1561 captos
1123 1520 1274 1551 detinere
1310 1524 1344 1551 et
1363 1520 1405 1551 ad
1426 1530 1486 1551 nos
1507 1520 1740 1551 transmittere
1763 1518 1829 1549 vel-

444 1564 527 1603 lent,
552 1568 760 1605 oportunum
783 1563 958 1603 auxilium,
985 1563 1175 1603 consilium,
1199 1566 1233 1594 et
1255 1563 1419 1601 favorem,
1444 1563 1503 1604 qui
1526 1574 1592 1594 non
1616 1567 1735 1594 contra
1758 1572 1829 1602 pre-

442 1609 546 1639 missa
568 1608 623 1639 vel
646 1607 785 1648 aliquod
808 1608 1050 1647 premissorum
1075 1607 1237 1643 facerent,
1265 1617 1323 1638 seu
1348 1607 1406 1647 qui
1431 1606 1602 1647 prefatum
1627 1605 1827 1641 Robertum,

445 1652 500 1693 qui
517 1662 551 1682 se
565 1650 775 1683 Clementem
789 1651 920 1691 Papam
935 1650 1100 1689 nominat,
1118 1651 1264 1681 scienter
1278 1649 1409 1690 Papam
1424 1649 1650 1688 nominarent,
1668 1652 1833 1681 tenerent.

448 1695 634 1729 crederent,
663 1704 722 1725 seu
748 1694 974 1734 predicarent,
1006 1693 1033 1724 si
1059 1703 1201 1733 persone
1228 1693 1417 1732 singulares
1444 1692 1828 1727 Excommunicacionis,

448 1739 486 1775 si,
505 1748 597 1776 vero,
617 1736 853 1769 Communitas
870 1747 928 1768 seu
945 1737 1162 1768 Universitas
1179 1736 1291 1768 forent
1309 1736 1489 1767 Interdicti
1508 1733 1704 1767 Sentencias
1722 1737 1830 1766 incur-

447 1785 560 1812 rerent
576 1790 614 1811 eo
631 1781 716 1821 ipso,
734 1790 773 1811 ac
790 1779 957 1811 Civitates
974 1783 1008 1811 et
1024 1784 1113 1811 terre
1130 1780 1282 1820 ipsorum
1300 1778 1443 1810 aliorum
1462 1783 1615 1810 carerent
1631 1778 1831 1809 commercio

448 1824 649 1864 Civitatum,
668 1828 849 1863 terrarum,
872 1826 975 1863 atque
992 1822 1155 1861 locorum,
1178 1833 1215 1854 ac
1234 1821 1402 1854 Civitates
1421 1822 1493 1863 ipse
1512 1821 1706 1853 Pontificali
1725 1821 1832 1862 digni-

446 1871 520 1899 tate
538 1877 573 1899 se
593 1870 772 1898 noscerent
792 1866 865 1897 fore
884 1865 1079 1907 privandos.
1128 1865 1176 1897 Et
1194 1865 1353 1897 volumus
1373 1865 1464 1906 quod
1485 1865 1528 1896 ab
1547 1864 1745 1906 hujusmodi
1767 1866 1832 1897 Ex-

448 1910 768 1941 communicacionis
794 1909 975 1941 Sentencia
999 1909 1113 1941 nullus
1139 1908 1182 1940 ab
1207 1908 1273 1940 alio
1300 1918 1402 1950 quam
1428 1919 1447 1939 a
1471 1908 1625 1940 Romano
1651 1907 1828 1946 Pontifice,

446 1957 665 1995 preterquam
687 1954 721 1984 in
744 1953 864 1984 mortis
888 1951 1045 1991 articulo,
1071 1955 1186 1993 posset
1208 1950 1351 1990 absolvi,
1377 1962 1438 1983 nec
1462 1951 1690 1984 Interdictum
1714 1951 1832 1992 hujus-

445 1996 537 2027 modi
552 2006 613 2037 per
627 1996 732 2027 alium
748 2006 851 2037 quam
865 2005 927 2036 per
941 1995 1085 2026 eundem
1101 1995 1294 2026 Romanum
1310 1995 1513 2027 Pontificem
1527 1995 1673 2027 relaxari
1689 1996 1829 2028 valeret.

447 2038 584 2080 Omnes,
608 2039 757 2080 insuper,
783 2039 841 2079 qui
863 2049 883 2070 a
903 2038 1038 2080 prefato
1059 2037 1222 2076 Robert0‚
1245 2042 1412 2079 tanquam
1434 2049 1453 2069 a
1476 2038 1630 2069 Romano
1653 2038 1829 2077 Pontifice,

448 2092 678 2123 quascumque
705 2082 858 2121 Gracias,
886 2081 1139 2122 Indulgencias,
1169 2081 1391 2121 Devociones,
1423 2081 1619 2122 Privilegia,
1650 2082 1832 2123 Dispensa-

444 2128 568 2166 ciones,
589 2136 647 2157 seu
664 2125 873 2161 Prelaturas,
894 2126 1102 2167 Dignitates,
1124 2127 1341 2161 Personatus,
1363 2137 1421 2157 seu
1440 2127 1558 2166 quevis
1578 2127 1645 2158 alia
1662 2127 1833 2158 Beneficia

447 2170 502 2201 vel
529 2169 660 2209 Officia,
690 2168 933 2200 Ecclesiastica
959 2168 1013 2200 vel
1040 2168 1223 2205 mundana,
1254 2179 1315 2209 per
1342 2180 1376 2200 se
1404 2174 1465 2201 aut
1492 2170 1731 2210 interpositam
1757 2179 1830 2210 per-

448 2222 562 2244 sonam
599 2216 768 2254 peterent,
792 2222 850 2244 seu
872 2212 979 2243 eciam
1002 2212 1142 2253 proprio
1162 2216 1258 2244 motu
1281 2211 1406 2251 oblata,
1431 2212 1568 2252 donata,
1593 2223 1651 2244 seu
1674 2223 1831 2244 concessa

447 2259 666 2297 acceptarent
689 2266 747 2287 seu
771 2255 972 2296 reciperent,
999 2255 1211 2287 decrevimus
1234 2255 1307 2286 fore
1331 2254 1509 2294 inhabiles,
1537 2260 1571 2288 et
1595 2266 1651 2288 eos
1675 2256 1830 2288 inhabili-

445 2300 608 2339 tavimus,
633 2298 675 2330 ad
698 2299 864 2340 premissa
886 2302 920 2330 et
943 2299 1061 2339 quevis
1084 2297 1151 2329 alia
1174 2298 1346 2330 Beneficia
1368 2298 1609 2331 Ecclesiastica
1632 2298 1828 2337 obtinenda,

448 2346 483 2374 et
511 2343 724 2383 privavimus
753 2342 825 2382 jam
855 2340 1027 2379 obtentis3
1065 2345 1099 2373 et
1129 2341 1381 2381 nichilominus,
1415 2342 1443 2372 si
1475 2352 1619 2382 persona
1650 2343 1738 2375 soret
1770 2344 1832 2374 sin-

448 2385 576 2425 gularis
589 2385 975 2423 Excommunicacionis,
992 2385 1030 2421 si,
1045 2395 1138 2423 verO,
1153 2384 1388 2416 Communitas
1405 2385 1460 2417 vel
1479 2387 1597 2426 quevis
1616 2386 1832 2418 Universitas

446 2428 638 2465 Interdicti,
653 2428 865 2459 incurrerent
879 2428 1076 2459 Sentencias
1088 2428 1163 2468 ipso
1175 2427 1266 2458 facto
1281 2439 1288 2465 3
1309 2438 1328 2458 a
1340 2438 1419 2469 qua,
1434 2428 1582 2469 quidem,
1598 2429 1834 2460 Excommuni-

447 2471 593 2502 cacionis
607 2470 787 2503 Sentencia
801 2470 923 2511 aliquis
938 2469 1080 2508 absolvi,
1096 2474 1130 2502 et
1142 2470 1369 2503 Interdictum
1384 2471 1582 2512 hujusmodi
1598 2471 1641 2504 ab
1656 2472 1721 2504 alio
1735 2482 1834 2513 quam

448 2525 468 2545 a
483 2514 637 2545 Romano
655 2513 822 2545 Pontifice
837 2513 983 2545 relaxari
999 2524 1067 2544 non
1083 2517 1231 2554 possent.
1269 2513 1503 2554 Decrevinius,
1524 2526 1668 2556 quoque„
1689 2516 1760 2547 fore
1778 2513 1833 2547 ab-

448 2556 577 2588 solutos
599 2567 619 2588 a
640 2555 755 2588 debito
776 2556 965 2593 fidelitatis,
990 2555 1152 2596 homagii,
1177 2566 1236 2588 seu
1257 2555 1342 2598 ligii,
1368 2561 1403 2590 et
1424 2557 1564 2590 alterius
1586 2559 1830 2599 cujuscumque

449 2599 614 2641 obsequii,
637 2610 752 2631 omnes
773 2603 806 2631 et
828 2599 979 2641 singulos
1000 2600 1058 2640 qui
1080 2600 1205 2631 eisdem
1226 2599 1432 2641 dampnatis,
1459 2602 1614 2642 superius
1635 2602 1828 2639 nomina-tis,

448 2644 653 2684 juramento,
673 2642 894 2685 obligacione,
913 2644 1147 2684 promissione,
1168 2643 1402 2684 submissione,
1421 2645 1476 2677 vel
1492 2649 1604 2686 pacto,
1620 2655 1831 2686 quacumque

447 2687 610 2718 firmitate
630 2685 769 2725 vallato,
793 2690 894 2717 antea
912 2686 1058 2718 fuissent
1078 2687 1233 2724 astricti;
1261 2687 1344 2719 alias
1366 2698 1470 2729 penas
1489 2688 1616 2720 eisdem
1638 2688 1830 2729 dampnatis

448 2730 634 2761 infliximus
651 2733 685 2761 et
700 2740 721 2760 a
735 2730 811 2769 jure
826 2729 976 2761 inflictas
991 2729 1203 2762 decrevimus
1219 2732 1253 2762 in
1272 2741 1332 2763 suo
1349 2730 1470 2763 robore
1489 2732 1680 2765 duraturas.
1728 2733 1831 2765 Volu-

448 2783 535 2810 mus,
550 2772 699 2813 insuper,
715 2771 805 2813 quod
821 2782 938 2803 omnes
953 2776 987 2804 et
1003 2772 1127 2813 singuli
1144 2771 1273 2805 Christi
1289 2774 1422 2806 Fideles
1439 2776 1507 2816 qui,
1524 2775 1643 2808 Crucis
1658 2779 1831 2816 assumpto

449 2818 631 2853 caractere,
657 2814 699 2846 ad
722 2815 934 2857 prefatorum
957 2815 1227 2848 scismaticorum
1251 2820 1284 2848 et
1306 2816 1570 2860 dampnatorum
1593 2819 1829 2850 exterminium

1971 1929 1979 1943 Ν
1960 1702 1987 1914 δ”.αη-ἐμὶὲικ
1983 1677 1987 1683 .
1977 1596 1982 1598 .
