1987 3062
316 221 411 263 422

315 330 390 356 A.D.

315 365 388 390 1380.

315 397 378 422 Vol.
400 398 410 423 1

299 2666 348 2691 sol.

296 2699 357 2725 80b.

540 232 640 264 THE
665 232 909 267 REGISTER
934 234 992 266 OF
1017 234 1195 268 BISHOP
1219 235 1622 270 BRANTYNGHAM.

459 332 687 379 auctoritate3
715 337 902 375 exemptos
925 345 1017 374 vero,
1041 339 1074 367 et
1095 335 1332 377 privilegiatos
1352 337 1560 369 auct-oritate
1580 335 1700 377 Regia„
1724 334 1854 366 solicite

458 374 604 421 lucratis,
635 386 765 417 vosque.
789 387 904 408 omnes
932 381 966 408 et
993 378 1119 419 singuli
1146 378 1271 420 quibus
1299 390 1437 420 presens
1465 383 1620 410 nostriun
1647 379 1854 410 Mandatum

459 416 649 465 dirigimus,
671 419 814 459 prefatis
835 420 953 452 diebus
972 425 1007 452 et
1025 421 1119 459 locis,
1142 433 1255 453 coram
1276 422 1492 455 Secularibus
1512 426 1546 454 et
1565 421 1793 462 Regularibus
1813 431 1851 452 ac

461 459 536 491 aliis
554 461 713 493 Personis
731 463 982 495 Ecclesiastieis
1001 465 1219 506 supradictis,
1240 465 1426 497 secundum
1444 469 1575 497 statum
1592 469 1627 497 et
1644 464 1854 505 exigenciam

459 507 613 536 vestrum
640 505 824 546 cujuslibet
850 507 968 539 taliter
994 508 1193 540 exhibentes
1220 508 1312 549 quod
1339 508 1381 540 ad
1408 509 1573 549 premissa
1599 509 1674 539 sitis
1701 507 1853 548 prompti

460 550 494 595 et
509 549 633 588 parati,
653 549 829 590 dispositis
845 551 889 582 ad
904 551 966 583 hec
983 551 1271 592 gubernatoribus
1288 556 1322 584 et
1340 551 1540 584 ductoribus
1557 552 1591 582 in
1610 551 1753 592 singulis
1769 550 1852 581 locis

458 601 493 621 in
523 591 680 623 Devonial
705 593 861 633 predicta
887 595 921 625 in
951 593 1075 635 quibus
1103 605 1238 627 necesse
1266 596 1371 627 fuerit
1399 599 1434 627 et
1460 594 1636 626 videbitur
1664 593 1844 634 expedire3

459 634 578 665 scit-uri
595 636 687 676 quod
704 636 816 668 dictus
834 637 1002 669 Dominus
1018 642 1134 670 noster
1149 639 1223 670 Rex
1241 639 1384 670 diversis
1402 637 1586 678 Militibus,
1607 648 1645 668 ac
1664 637 1739 668 aliis
1756 636 1853 667 laicis

459 680 492 708 et
510 676 609 717 ligeis
629 679 698 710 suis
718 680 945 713 existentibus
964 682 999 713 in
1020 681 1087 713 illis
1108 681 1282 719 Partibus,
1307 682 1444 723 scripsit
1465 681 1582 712 eadem
1604 681 1645 712 de.
1665 690 1777 715 causa,
1799 682 1849 717 ut,

459 719 587 752 Divina
611 722 726 762 gracia
750 724 952 764 precedente
977 736 1016 755 ac
1041 726 1147 756 eciam
1172 725 1375 766 opitulante,
1403 735 1534 756 necnon
1559 735 1640 755 sano
1667 723 1806 755 consilio
1833 734 1853 754 a

455 763 538 794 viris
552 764 585 794 in
598 766 701 796 armis
726 765 836 797 doctis
849 770 883 798 et
895 768 1044 808 expertis
1058 772 1209 808 accepto,
1229 778 1291 808 pro
1304 767 1497 798 defensione
1520 766 1716 805 hujusmodi
1735 768 1854 796 contra

457 806 612 839 inimicos
628 809 800 848 predictos
818 809 859 841 ab
877 811 1045 842 universis
1063 812 1209 843 l‘relatis
1225 816 1258 843 et
1276 811 1373 844 Ulero
1393 812 1552 851 dictoque
1570 811 1718 841 Domino
1735 813 1851 841 nostro

458 849 562 891 Rege,
585 862 623 882 ac
642 851 750 893 Regni
772 853 822 884 sui
842 852 966 894 Anglie
987 853 1130 894 Populo,
1153 866 1194 887 cx
1213 855 1305 886 facto
1326 859 1440 886 vestro
1459 855 1604 886 valeatis
1622 853 1744 884 merito
1764 862 1850 883 com-

456 894 609 925 mendari
628 898 731 936 atque
750 895 894 930 laudari.
916 908 978 938 pro
996 898 1145 929 tuicione
1165 902 1199 929 et
1218 898 1410 929 salvacione
1430 898 1582 938 ipsorum
1603 908 1641 927 ac
1662 895 1852 936 Anglicane

455 936 606 969 Ecclesie
623 943 819 979 memorate,
840 944 874 972 et
889 941 921 971 in
940 941 1174 972 confusionem
1191 942 1405 972 inimicorum
1423 939 1665 980 predictorum.
1714 939 1768 971 Ad
1787 949 1852 980 que

457 980 591 1013 facilius
615 985 650 1013 et
670 981 811 1014 liberius
833 983 1000 1024 facienda,
1025 984 1242 1023 excercenda,
1267 988 1300 1015 et
1323 984 1545 1024 expedienda,
1569 982 1679 1022 vobis,
1705 982 1744 1013 de
1768 992 1849 1022 quo-

456 1034 533 1054 rum
555 1024 872 1066 circumspeccione,
899 1030 977 1062 e‘.c.,
1005 1027 1230 1057 communiter
1253 1032 1288 1058 ct
1311 1027 1459 1065 divisim,
1486 1027 1576 1058 vices
1602 1029 1736 1057 nostras
1760 1035 1846 1056 com-

454 1067 625 1099 mittimus
652 1071 688 1099 et
713 1067 901 1108 plenariam
913 1073 1130 1109 potestatem.
1159 1069 1338 1103 Nolumus,
1355 1073 1480 1107 autem,
1496 1079 1555 1099 nec
1569 1069 1776 1099 intendimus
1789 1078 1850 1107 per

455 1110 632 1150 premissa,
663 1111 853 1152 privilegiis
884 1115 1121 1153 exemptorum
1151 1116 1184 1144 et
1216 1112 1513 1153 privilegiatorum
1544 1122 1606 1152 pro
1636 1111 1849 1152 temporibus

456 1153 582 1184 futuris
607 1154 642 1184 in
666 1153 780 1195 aliquo
806 1154 978 1196 derogare.
1029 1155 1064 1186 Si
1089 1165 1185 1195 quos,
1212 1166 1303 1193 vem,
1333 1155 1601 1186 contradictores
1627 1155 1681 1186 vel
1708 1153 1850 1185 rebelles

452 1196 651 1227 inveneritis
670 1197 706 1227 in
726 1198 911 1237 premissis,
935 1197 976 1228 de
996 1197 1189 1229 nominibus
1210 1202 1243 1229 et
1265 1197 1522 1238 cognominibus
1544 1197 1726 1228 eorundem
1747 1196 1845 1228 nobis

454 1243 610 1271 constare
648 1240 796 1272 fideliter
833 1240 981 1272 faciatis.
1031 1240 1131 1279 Quid.
1164 1245 1290 1281 autem,
1324 1241 1475 1272 feceritis
1504 1241 1539 1272 in
1568 1240 1743 1282 premissis
1774 1250 1845 1277 noS,

454 1281 653 1323 hujusmodi
676 1284 816 1325 negocio
840 1284 1010 1325 expedito,
1038 1284 1233 1315 certificetis
1257 1295 1318 1325 per
1340 1287 1484 1324 vestras,
1512 1284 1739 1315 ete-Dated
1762 1283 1848 1314 Lon-

454 1325 532 1364 don,
556 1327 574 1357 7
595 1325 706 1367 April.
1606 1338 1621 1349 κ

410 1368 511 1408 Item,
532 1369 658 1401 eisdem
677 1369 731 1402 die
751 1373 785 1402 et
802 1369 888 1407 loeo,
911 1371 1084 1402 emanavit
1104 1369 1279 1402 consimile
1296 1369 1513 1409 Mandatum,
1536 1370 1703 1402 directum
1722 1369 1848 1401 Priori-

452 1411 516 1445 bus
535 1413 795 1453 Launcestonie‚
818 1414 1009 1453 Bodminie,
1032 1418 1066 1446 et
1086 1413 1380 1455 Tywardraythe3
1408 1423 1548 1449 necnon,
1573 1413 1741 1454 Magistro
1761 1413 1847 1444 Tho-

452 1466 507 1487 me
533 1455 654 1497 Bevyl,
685 1460 719 1488 et
748 1457 904 1488 Dominis
931 1457 1082 1489 Johanni
1122 1457 1317 1489 Nanseunel
1346 1468 1385 1488 ac
1413 1456 1564 1488 Johanni
1602 1457 1773 1491 Duraunt.
1806 1455 1847 1487 de

453 1499 707 1541 Poundestoke,
742 1500 907 1541 Maugani
936 1501 984 1540 [in
1015 1500 1155 1542 Pydre],
1187 1504 1222 1532 et
1252 1501 1293 1532 de
1321 1499 1581 1542 Lanreythowe,
1615 1499 1847 1530 Ecclesiam-uni

453 1542 706 1575 Parochialium
730 1542 946 1584 Rectoribus,
973 1555 1035 1586 pro
1061 1543 1243 1577 Cornubia.

415 1596 874 1645 Letters—Dimissory‚—

410 1648 558 1681 Thomas
586 1649 764 1690 Newtone,
794 1649 943 1691 literate,
974 1649 1048 1682 “ad
1077 1660 1193 1682 omnes
1222 1649 1375 1682 Minores
1404 1649 1548 1681 Ordines
1561 1649 1578 1661 ’'
1611 1648 1775 1690 (London,
1807 1650 1845 1680 11

450 1692 575 1734 April).

413 1746 616 1795 Irregular
636 1746 936 1784 Ministrations
951 1760 961 1793 3
990 1746 1248 1796 Dispensaeio
1278 1761 1365 1784 cum
1388 1745 1600 1796 presbitero
1629 1746 1839 1784 celebrante

466 1799 511 1836 in
532 1799 680 1836 minori
698 1806 860 1845 etate,—

409 1853 509 1893 Item,
550 1851 687 1891 ibidem,
719 1853 849 1885 decimo
888 1854 1010 1895 quinto
1038 1853 1103 1893 die,
1135 1853 1303 1885 Dominus
1342 1853 1557 1895 dispensavit
1595 1863 1672 1885 cum
1710 1852 1845 1894 Rogero

452 1895 568 1935 Hune,
597 1896 799 1937 presbitero,
830 1907 932 1938 super
959 1896 1214 1937 irregularitate
1240 1900 1418 1928 contracta
1443 1907 1505 1938 per
1531 1896 1686 1936 eundem,
1717 1906 1779 1937 pro
1807 1905 1846 1926 eo

453 1939 545 1981 quod
573 1940 664 1972 infra
691 1943 818 1972 etatem
846 1938 1037 1981 legitimam
1067 1940 1109 1971 ad
1139 1939 1259 1971 Sacros
1289 1939 1434 1971 Ordines
1462 1940 1655 1980 promoveri
1684 1950 1719 1971 se
1748 1939 1841 1976 fecit,

451 1987 486 2014 et
508 1984 543 2015 in
567 1984 637 2016 suis
661 1984 830 2025 susceptis
853 1982 1040 2015 Ordinibus
1063 1983 1285 2022 ministravit,
1313 1986 1347 2014 et
1371 1982 1455 2014 alias
1478 1983 1664 2014 immiscuit
1689 1993 1723 2014 se
1748 1982 1844 2015 Divi-

450 2027 525 2064 nis3
561 2037 640 2067 non,
670 2030 797 2067 tamen,
828 2026 864 2058 in
895 2030 1142 2068 contemptum,
1174 2030 1263 2063 etc.;
1301 2027 1519 2064 auctoritate,
1550 2026 1721 2063 videlicet,
1753 2026 1844 2057 Lite-

450 2080 565 2102 rarum
587 2069 775 2110 Augustini
799 2069 839 2102 de
862 2069 1025 2109 Linzano,
1051 2070 1239 2101 Licenciati
1262 2071 1297 2101 in
1320 2070 1487 2107 Decretis,
1515 2069 1677 2102 Canonici
1700 2069 1843 2102 Salerni-

449 2113 534 2153 tani,
560 2113 699 2145 Domini
722 2113 816 2154 Pape
837 2111 1024 2153 Capellam,
1050 2112 1112 2144 sub
1136 2113 1216 2144 data
1239 2112 1358 2151 Rome,
1384 2113 1476 2153 apud
1500 2113 1663 2145 Sanctum
1688 2114 1841 2152 Petrum,

450 2158 487 2197 iij
512 2157 630 2189 Nonas
652 2155 843 2195 Februarii,
869 2155 1097 2188 Pontificatus
1120 2156 1259 2188 Domini
1281 2156 1414 2189 Urbani
1438 2157 1530 2197 Pape
1555 2157 1649 2188 Sexti
1671 2156 1771 2189 Anno
1795 2167 1843 2187 se-

451 2200 561 2232 cundo
584 2201 618 2241 [3
643 2199 740 2240 Feb,
766 2200 942 2239 1379-80];
972 2200 1130 2239 injuncta
1153 2197 1218 2230 sibi
1242 2209 1305 2240 pro
1327 2199 1429 2232 modo
1453 2200 1551 2241 culpe
1577 2200 1770 2240 penitencia
1793 2210 1842 2232 sa-

448 2242 575 2281 lutari3
600 2242 772 2279 videlicet,
793 2242 883 2283 quod
901 2246 1076 2274 remaneat
1094 2242 1215 2273 amodo
1234 2252 1417 2282 suspensus
1435 2253 1542 2283 usque
1561 2244 1703 2276 Festum
1722 2245 1843 2276 Pente·
1875 2255 1881 2259 ·

450 2290 559 2319 costes
581 2287 737 2328 proximo
758 2287 927 2324 futurum,
952 2296 991 2316 ac
1012 2289 1134 2326 postea,
1155 2285 1302 2317 celebret
1324 2290 1428 2327 prout
1450 2286 1514 2318 sibi
1536 2287 1714 2328 placuerit.
1763 2287 1841 2318 Pre-

451 2327 604 2362 sentibus
627 2334 721 2369 tunc,
747 2328 887 2368 ibidem,
914 2329 1093 2371 Magistris
1117 2330 1172 2361 W.
1200 2329 1287 2361 Bide
1310 2334 1345 2362 et
1369 2330 1413 2362 H.
1442 2329 1622 2370 Hiclynge.

410 2384 466 2420 St.
483 2384 657 2422 Gerrans
678 2381 834 2435 [Sancti
854 2382 1038 2428 Gerendi,
1054 2381 1159 2435 MS]
1176 2396 1184 2428 ;
1206 2383 1269 2419 Sir
1284 2383 1482 2421 Matthew
1499 2382 1698 2433 Bodrygy,
1715 2385 1834 2430 R.‚-

405 2437 548 2469 Licence
564 2437 599 2468 of
614 2436 868 2468 non-residence
883 2436 937 2468 for
950 2447 971 2468 a
985 2447 1077 2478 year,
1096 2437 1184 2468 from
1202 2439 1244 2468 30
1260 2437 1353 2478 Sept.
1373 2441 1455 2469 next
1472 2437 1636 2477 (London,
1656 2440 1697 2469 20
1714 2437 1836 2479 April).

446 2480 590 2518 —Item‚
606 2480 731 2512 eisdem
753 2479 806 2511 die
827 2483 862 2512 et
881 2480 966 2517 loco,
985 2480 1158 2511 emanavit
1170 2479 1375 2512 Mandatum
1396 2491 1458 2521 pro
1480 2484 1579 2521 parte
1598 2481 1682 2513 dicti
1695 2482 1838 2521 Mathei,

449 2523 616 2555 directum
636 2522 783 2555 Officia-li
803 2522 992 2555 Peculiaris
1010 2522 1271 2555 Jurisdiccionis
1292 2524 1326 2554 in
1348 2522 1531 2563 Cornubia,
1555 2525 1598 2556 ad
1618 2524 1840 2556 relaxandum

449 2567 670 2608 Sequestrum
692 2564 776 2598 alias
799 2565 835 2596 in
857 2563 1038 2605 fructibus,
1064 2569 1142 2605 etc„
1169 2565 1323 2606 ejusdem
1346 2566 1496 2599 Ecclesie
1520 2568 1762 2608 interpositum
1785 2577 1837 2598 oc-

449 2611 582 2642 casione
604 2619 673 2640 non
696 2608 894 2647 residencie,
921 2612 998 2647 etc„
1026 2612 1061 2640 et
1083 2608 1127 2640 ad
1150 2607 1396 2650 publicandum
1420 2609 1678 2647 relaxa-cionem,
1707 2614 1770 2642 etc.

413 2663 715 2714 Berry-Narbor
730 2661 1013 2714 [Burynerber‚
1032 2662 1115 2699 MS.
1126 2660 1162 2710 ];
1179 2663 1242 2699 Sir
1255 2663 1424 2700 Thomas
1440 2663 1488 2701 de
1502 2663 1697 2709 Dentone,
1714 2665 1831 2709 R„—

404 2717 547 2748 Licenee
565 2717 600 2747 of
618 2715 885 2753 non—residence,
906 2716 923 2728 ‘¹
938 2715 1030 2753 dum,
1051 2718 1177 2754 tamen,
1199 2717 1334 2748 steterit
1352 2717 1386 2747 in
1405 2716 1578 2757 obsequiis
1596 2718 1735 2749 Domini
1754 2716 1835 2749 Wil-

448 2759 540 2790 lelmi
562 2759 602 2790 de
625 2758 788 2795 Sleforde,
812 2758 941 2789 Decani
964 2757 1086 2789 Libere
1107 2757 1243 2799 Capelle
1265 2758 1370 2799 Regie
1394 2760 1511 2791 Sancti
1534 2760 1699 2800 Stephani
1720 2761 1829 2792 West-

446 2801 734 2842 monasteriensis,
765 2804 854 2840 etc.;
888 2810 950 2842 per
977 2800 1152 2832 biennium
1182 2801 1381 2833 duraturam
1399 2802 1415 2815 ”
1449 2803 1550 2844 (same
1581 2799 1829 2845 date).——Item‚
