1987 3062
126 350 202 377 A.D.

126 383 199 409 1371.

127 417 189 443 Vol.
207 418 229 443 I.

126 960 176 986 fol.

128 995 168 1019 16.

448 246 740 280 REGISTRUM
775 244 916 279 coMM
925 243 1235 277 UNE—ANNO
1274 236 1336 279 2⁰.
1562 237 1655 280 249

277 354 357 390 tem,
372 362 439 382 non
457 351 574 383 deceat
590 352 679 392 quod
695 352 797 383 iidem
815 350 1005 383 Cardinales
1028 360 1088 391 pro
1112 352 1209 381 tanto
1233 350 1319 381 bono
1344 351 1485 391 propriis
1502 352 1656 384 laborent

276 395 461 435 stipendiis,
479 395 604 426 eisdem
622 395 863 433 Cmdinalibus,
888 404 948 434 pro
971 394 1039 425 suis
1062 393 1214 434 expensis
1238 394 1439 433 necessariis,
1457 395 1654 436 hujusmodi

276 439 488 479 negociorum
505 439 737 479 prosecucione
753 439 906 474 durante,
928 438 969 468 de
984 437 1115 468 duabus
1131 437 1283 477 partibus
1300 439 1575 477 procuracionum
1592 450 1657 479 que

280 483 403 522 Legato
420 482 462 512 de
476 482 581 513 latere
598 482 692 513 Sedis
709 482 906 522 Apostolice,
925 482 958 511 in
983 481 1140 511 Partibus
1163 481 1228 511 illis
1252 491 1311 521 pro
1328 484 1480 522 tempore
1496 483 1657 514 existenti

276 526 347 556 dari
363 526 545 564 consuevit,
563 536 621 565 per
636 536 693 556 vos
709 525 875 556 solvendis
890 525 1048 555 duximus
1064 523 1295 555 ordinandum.
1343 525 1503 562 Quocirca
1518 526 1656 557 Univer-

277 570 413 600 sitatem
444 572 591 600 vestram
622 579 778 609 rogamus
801 572 836 599 et
859 568 1034 599 hortamur
1057 570 1200 606 attente,
1224 567 1317 599 vobis
1340 568 1575 600 nichilominus
1599 580 1658 609 per

278 613 469 653 Apostolica
485 613 616 652 Scripta
633 613 840 650 mandamus,
854 612 1013 652 quatinus
1029 611 1162 642 eosdem
1186 611 1334 642 Nuncios
1351 616 1490 651 nostros,
1508 613 1550 643 ob
1567 623 1656 644 reve-

278 656 423 687 renciam
438 656 528 686 dicte
544 656 638 687 Sedis
654 659 689 686 et
704 659 863 693 nostram,
881 655 1022 695 benigne
1037 655 1232 694 recipientes
1248 658 1283 686 et
1299 655 1438 687 honeste
1451 659 1657 696 pertractan-

279 702 339 737 tes,
364 700 521 739 predictis
545 699 697 737 Nunciis,
722 699 883 739 quamdiu
907 699 941 728 in
964 698 1160 738 hujusmodi
1184 699 1394 738 negociorum
1426 701 1658 739 prosecucioue

277 743 413 782 fuerint,
428 743 469 774 de
484 743 679 783 hujusmodi
692 742 822 773 duabus
834 742 986 782 partibus
998 742 1280 781 procuracionum,
1292 743 1391 781 juxta
1405 743 1659 774 Ordinacionem

278 790 426 817 nostram
445 787 638 826 predictam,
656 787 688 817 in
705 786 824 824 eundo,
843 785 1012 821 morando,
1031 788 1066 816 et
1081 785 1262 819 redeundo,
1281 786 1463 817 liberaliter
1486 787 1659 827 providere

278 830 411 868 curetis,
441 830 641 861 Mandatum
666 833 820 860 nostrum
847 828 1042 869 hujusmodi
1070 830 1116 859 sic
1131 829 1308 859 efficaciter
1330 830 1543 870 adimplendo
1567 831 1657 871 quod

277 874 490 904 devocionem
503 877 650 905 vestram
666 873 785 904 exinde
801 872 1033 903 commendare
1050 872 1171 903 merito
1188 872 1365 903 valeamus.
1407 874 1561 914 Alioquin
1577 876 1655 905 Sen-

277 917 421 948 tenciam
439 928 539 957 quam
556 917 657 947 iidem
674 916 808 954 Nuncii,
827 919 862 947 et
878 926 994 946 eorum
1011 916 1162 955 quilibet,
1181 926 1239 956 per
1252 926 1286 946 se
1299 916 1350 946 vel
1370 917 1474 947 alium
1490 928 1547 948 seu
1564 918 1655 956 alios,

276 961 340 991 rite
357 961 500 991 tulerint
515 961 549 991 in
566 961 713 998 rebelles,
731 970 832 1000 super
848 970 914 1000 quo
930 963 965 990 et
981 959 1054 989 aliis
1078 959 1246 999 premissis
1269 959 1358 999 ipsis,
1379 965 1414 990 et
1430 971 1546 991 eorum
1563 961 1654 992 cuili-

276 1004 344 1043 bet,
362 1005 494 1044 plenam
511 1007 626 1035 tenore
642 1004 862 1041 Presencium,
880 1003 1091 1033 Auctoritate
1105 1003 1304 1042 Apostolica,
1318 1004 1530 1035 concedimus
1546 1008 1653 1044 potes-

279 1051 396 1086 tatem,
413 1052 519 1078 ratam
537 1047 743 1085 habebimus,
761 1051 796 1078 et
811 1046 979 1084 faciemus,
998 1047 1145 1077 Auctore
1158 1047 1312 1085 Domino,
1329 1057 1434 1088 usque
1450 1048 1491 1078 ad
1507 1048 1654 1079 satisfac-

279 1091 406 1121 cionem
423 1091 620 1131 condignam
637 1090 873 1121 inviolabiliter
888 1090 1055 1120 observari
1073 1101 1079 1127 ;
1103 1100 1168 1120 non
1186 1090 1342 1121 obstante
1357 1091 1384 1121 si
1401 1091 1503 1129 vobis,
1521 1092 1573 1122 vel
1586 1102 1654 1123 ves-

279 1137 373 1165 trum
389 1135 486 1164 alicui
502 1145 559 1165 seu
576 1135 755 1174 aliquibus,
773 1134 826 1164 vel
843 1133 1015 1173 quibusvis
1031 1133 1103 1163 aliis
1119 1144 1175 1164 seu
1203 1134 1304 1172 Locis,
1324 1134 1506 1165 Ordinibus
1522 1136 1652 1172 vestris

248 1216 249 1219 Ἰ
278 1178 500 1208 communiter
517 1178 568 1208 vel
585 1178 725 1216 divisim,
743 1188 762 1207 a
777 1177 927 1217 predicta
943 1177 987 1207 sit
1005 1177 1089 1207 Sede
1102 1177 1274 1207 indultum
1291 1178 1380 1217 quod
1399 1178 1537 1209 Nunciis
1553 1177 1656 1218 ipsius

280 1221 374 1252 Sedis
390 1221 657 1261 procuracionem
673 1221 820 1261 aliquam
838 1220 995 1250 exhibere
1011 1220 1063 1250 vel
1079 1220 1112 1250 in
1129 1220 1185 1250 illa
1208 1221 1430 1259 contribuere,
1447 1222 1509 1252 nisi
1532 1223 1575 1252 ad
1598 1233 1656 1253 vos

279 1265 529 1302 declinaverint,
554 1265 692 1295 minime
714 1263 896 1294 teneamini
919 1266 954 1294 et
971 1263 1014 1293 ad
1038 1263 1072 1294 id
1094 1263 1271 1303 compelli,
1294 1267 1355 1295 aut
1378 1265 1466 1305 quod
1490 1265 1654 1304 interdici,

279 1308 446 1348 suspendi,
475 1308 526 1338 vel
553 1307 833 1338 excommunicari
857 1317 923 1337 non
952 1307 1084 1346 possitis
1112 1317 1169 1346 per
1198 1307 1326 1338 Literas
1355 1309 1561 1348 Apostolicas
1589 1320 1656 1340 non

280 1352 439 1382 facientes
463 1352 595 1391 plenam
626 1354 661 1382 et
691 1361 890 1390 expressam,
922 1360 959 1380 ac
989 1350 1031 1380 de
1062 1351 1163 1380 verbo
1193 1350 1234 1380 ad
1266 1352 1418 1389 verbum,
1449 1353 1490 1382 de
1517 1353 1656 1384 Indulto

278 1395 474 1435 hujusmodi
490 1395 695 1425 mencionem
713 1405 720 1432 3
744 1398 779 1424 et
794 1394 982 1434 quibusque
1006 1394 1199 1433 Privilegiis,
1217 1394 1451 1435 Indulgenciis,
1475 1406 1512 1426 ac
1537 1396 1656 1427 Literis

280 1438 479 1478 Apostolicis
496 1438 763 1478 quibuscumque
779 1438 883 1476 Locis,
902 1437 1062 1475 Personis,
1081 1437 1131 1467 vel
1157 1437 1347 1477 Ordinibus,
1365 1439 1427 1469 sub
1445 1449 1656 1480 quacumque

278 1482 386 1512 forma
402 1482 453 1512 vel
469 1482 679 1521 expressione
701 1481 880 1512 verborum
900 1481 941 1510 ab
965 1481 1081 1511 eadem
1104 1481 1273 1519 concessis,
1291 1481 1333 1512 de
1349 1482 1479 1522 quibus,
1497 1493 1654 1522 quorum-

279 1536 344 1565 que
360 1525 441 1556 totis
458 1526 641 1560 tenoribus,
659 1525 700 1555 de
716 1525 816 1555 verbo
832 1524 872 1554 ad
891 1524 1041 1562 verbum,
1059 1524 1092 1554 in
1110 1525 1232 1555 nostris
1250 1525 1370 1556 Literis
1388 1526 1514 1556 mencio
1531 1527 1575 1558 sit
1598 1527 1654 1557 ha-

279 1569 396 1606 benda,
413 1572 448 1599 et
464 1579 523 1608 per
539 1579 603 1609 que
621 1568 782 1608 presentis
806 1567 957 1598 Mandati
980 1568 1087 1598 nostri
1109 1568 1248 1599 effectus
1271 1569 1381 1600 valeat
1404 1570 1656 1609 quomodolibet

278 1612 576 1652 impediri—Data
606 1612 778 1650 Avinione,
812 1611 875 1651 vij0
906 1611 986 1641 Idus
1020 1611 1143 1649 Marcii,
1173 1612 1389 1643 pontificatus
1420 1613 1526 1644 nostri
1556 1614 1655 1644 Anno

278 1655 385 1695 primo
410 1656 441 1695 [9
468 1655 589 1694 March,
616 1655 903 1694 1370-1].—-Cum,
928 1654 1052 1694 itaque,
1076 1655 1214 1694 grandia
1243 1665 1343 1686 onera
1373 1666 1593 1696 expensurum
1620 1657 1654 1688 in

279 1699 509 1739 prosecucione
525 1699 719 1739 hujusmodi
735 1697 955 1738 negociorum,
974 1698 1028 1728 cui
1043 1698 1086 1728 ad
1102 1708 1235 1738 presens
1251 1699 1447 1738 insistimus,
1465 1701 1654 1740 oportuerit

276 1746 312 1772 et
327 1745 480 1782 oporteat
503 1753 562 1773 nos
586 1742 708 1780 subire,
732 1741 982 1782 procuraciones
1005 1752 1069 1781 que
1092 1752 1152 1781 pro
1175 1742 1282 1781 primo
1306 1743 1453 1782 presenti
1475 1754 1571 1782 anno,
1596 1744 1653 1785 qui

278 1785 432 1816 vicesima
448 1786 590 1826 septima
606 1786 659 1816 die
675 1785 797 1816 mensis
815 1785 929 1815 Marcii
952 1785 1073 1815 ultimo
1095 1785 1251 1824 preteriti
1271 1785 1450 1825 inchoavit,
1466 1797 1485 1817 a
1503 1788 1594 1818 vobis
1617 1798 1654 1818 ac

277 1829 434 1868 predictis
451 1829 722 1869 Archiepiscopis‚
741 1828 920 1868 Episcopis,
940 1831 1016 1866 etc„
1035 1829 1188 1868 superius
1204 1829 1397 1869 designatis,
1415 1830 1448 1861 in
1466 1830 1556 1862 dicto
1571 1832 1652 1871 Reg-

276 1883 319 1902 no
337 1873 454 1913 Anglie
471 1873 740 1911 consistentibus
757 1872 940 1903 earundem
964 1872 1231 1911 Apostolicarum
1257 1873 1445 1904 Literarum
1470 1874 1582 1914 vigore
1597 1874 1652 1906 de-

276 1915 409 1953 bentur,
433 1916 640 1947 decrevimus
663 1916 733 1946 fore
757 1915 925 1955 petendas,
950 1915 1137 1955 exigendas,
1163 1919 1198 1946 et
1220 1916 1434 1956 recipiendas.
1495 1918 1652 1958 Ideoque,

277 1959 489 1990 Auctoritate
506 1959 696 1999 Apostolica
711 1960 805 1990 nobis
821 1959 855 1989 in
871 1959 933 1989 hac
948 1962 1044 1999 parte
1060 1959 1243 1998 commissa,
1259 1961 1459 1991 Discrecioni
1476 1964 1594 2000 vestre,
1612 1962 1653 1992 de

276 2013 342 2043 qua
358 2003 490 2043 plenam
513 2003 547 2033 in
571 2003 714 2033 Domino
730 2003 884 2033 fiduciam
908 2002 1064 2042 gerimus,
1088 2003 1234 2042 petendi,
1251 2003 1394 2042 levandi,
1411 2007 1446 2035 et
1462 2005 1651 2045 recipiendi,

276 2056 335 2086 pro
352 2047 446 2077 nobis
462 2047 622 2077 ambobus
638 2050 673 2077 et
689 2046 823 2076 nomine
845 2049 969 2083 nostro,
994 2046 1161 2077 dictorum
1185 2047 1398 2086 negociorum
1420 2048 1653 2088 prosecucione

277 2090 431 2129 durante,
450 2093 519 2120 tam
536 2091 570 2120 in
583 2090 751 2130 presencia
767 2100 867 2129 quam
885 2089 919 2119 in
935 2089 1087 2120 absencia
1110 2093 1234 2128 nostra,
1251 2100 1311 2130 per
1326 2102 1383 2121 vos
1400 2092 1452 2122 vel
1467 2092 1571 2122 alium
1593 2102 1652 2123 seu

276 2133 366 2172 alios,
383 2134 417 2163 in
435 2134 581 2164 Civitate
597 2133 649 2163 vel
667 2133 795 2164 Diocesi
812 2132 999 2169 Exouieusi,
1017 2133 1059 2163 ab
1076 2133 1230 2164 omnibus
1246 2137 1281 2164 et
1297 2134 1435 2174 singulis
1454 2135 1651 2173 Abbatibus,

278 2177 459 2214 Prioribus,
476 2179 551 2215 etc.,
569 2177 818 2217 procur-aciones
834 2176 928 2206 nobis
945 2176 1075 2207 debitas
1090 2187 1150 2216 pro
1164 2177 1271 2217 primo
1287 2188 1383 2215 anno,
1402 2178 1557 2209 videlicet
1569 2179 1652 2209 duas

278 2222 389 2260 partes
406 2221 679 2260 procuracionum
696 2230 779 2260 quas
802 2230 889 2250 unus
913 2220 954 2250 de
979 2220 1209 2250 Cardinalibus
1226 2219 1303 2259 (eta,
1321 2226 1359 2251 uc
1374 2222 1489 2260 supra)
1507 2222 1652 2262 recipere

277 2264 458 2302 consuevit,
476 2274 541 2304 que
557 2264 598 2294 ad
614 2263 775 2303 majorem
790 2273 956 2294 summam
973 2263 1149 2293 ascendere
1164 2263 1386 2295 dinoscuntur
1402 2274 1409 2302 ;
1433 2275 1570 2303 necnon,
1584 2276 1651 2296 eos-

278 2307 355 2337 dem
372 2307 529 2344 Abbates,
548 2307 686 2345 Priores,
704 2310 777 2345 etc.,
792 2307 833 2337 ad
850 2306 1133 2337 contribuendum
1156 2306 1190 2337 in
1213 2307 1337 2337 eisdem
1362 2308 1652 2347 procuracionibus

278 2350 413 2390 majoris
429 2360 559 2381 summe
575 2350 681 2388 nobis,
701 2353 740 2381 ut
757 2350 978 2390 premittitur,
996 2349 1127 2387 debitis,
1144 2349 1187 2379 ad
1202 2350 1427 2381 exhibendum
1446 2352 1540 2382 nobis
1550 2352 1652 2383 libros

279 2404 337 2424 seu
359 2393 541 2434 scripturas
563 2393 843 2424 distribucionum
867 2403 924 2423 seu
949 2393 1170 2423 indiccionum
1196 2396 1231 2423 et
1257 2393 1465 2424 solucionum
1498 2395 1650 2435 antiqua-

276 2447 362 2475 rum,
379 2447 479 2477 super
495 2437 659 2467 similibus
675 2436 965 2476 procuracioni'ous
988 2435 1190 2474 habitarum,
1214 2439 1250 2467 et
1273 2437 1408 2467 nomina
1424 2438 1573 2468 omnium
1591 2439 1650 2469 Ec-

278 2480 452 2510 clesiarum
477 2480 632 2511 Civitatis
655 2483 690 2510 et
712 2480 856 2510 Diocesis
873 2479 1109 2519 predictarum,
1127 2482 1162 2510 et
1182 2483 1348 2520 quantum
1365 2481 1548 2512 secundum
1565 2481 1649 2513 anti-

279 2533 361 2562 quas
377 2523 576 2554 Taxaciones
599 2523 641 2553 ad
664 2523 726 2554 hoc
749 2526 830 2554 sunt
850 2525 975 2560 taxate,
992 2522 1132 2562 illasque
1148 2533 1207 2562 per
1223 2523 1349 2563 copiam
1375 2524 1463 2555 tradi
1479 2524 1623 2556 faciendi
1643 2535 1650 2563 ;

277 2567 547 2605 contradictores,
556 2577 698 2606 quoque,
710 2570 744 2597 et
754 2566 893 2597 rebelles
903 2576 962 2605 per
973 2566 1156 2596 Censuram
1168 2565 1431 2597 Ecclesiasticam
1443 2578 1649 2608 compescen-

277 2609 311 2639 di
328 2620 336 2646 ;
359 2610 570 2640 concedimus
583 2613 699 2641 tenore
714 2609 923 2640 Presencium
933 2609 1140 2640 facultatem.
1188 2609 1242 2646 Et,
1260 2609 1504 2649 nichilominus,
1518 2612 1651 2642 eosdem

278 2652 434 2691 Abbates,
451 2653 587 2691 Priores,
598 2656 633 2684 et
646 2653 726 2683 alios
738 2652 955 2692 supradictos,
969 2655 1005 2682 et
1015 2662 1130 2682 eorum
1143 2652 1411 2691 singulos,—non
1425 2654 1650 2693 intendentes,

278 2700 402 2734 tamen,
419 2700 595 2736 propterea
611 2696 806 2736 hujusmodi
823 2695 1099 2727 Commissionem
1122 2699 1272 2726 nostram
1295 2697 1329 2726 in
1352 2697 1463 2737 aliquo
1486 2708 1649 2737 revocare,

278 2739 536 2770 —Auctoritate
559 2739 718 2779 predicta,
736 2739 852 2779 primo,
870 2738 1024 2776 secundo,
1042 2742 1076 2769 et
1093 2739 1196 2770 tercio
1212 2742 1247 2770 et
1264 2741 1488 2780 peremptorie
1512 2742 1650 2782 requiri-

278 2792 353 2812 mus
369 2785 404 2813 et
420 2793 603 2820 monemus,
616 2783 771 2822 ipsisque,
785 2785 820 2813 et
836 2792 951 2812 eorum
968 2782 1115 2821 singulis,
1128 2782 1161 2812 in
1173 2782 1302 2813 virtute
1318 2783 1440 2815 Sancte
1454 2784 1653 2816 Obediencie

279 2828 314 2856 et
329 2825 391 2855 sub
407 2825 627 2865 infrascriptis
642 2826 745 2866 penis,
762 2825 979 2865 injungimus,
995 2835 1033 2855 ac
1049 2825 1200 2856 districte
1217 2826 1428 2866 precipiendo
1445 2828 1652 2866 mandamus,
