1987 3062
131 353 167 378 A.
172 352 208 378 D.

131 386 211 412 1374-
213 388 237 413 5.

130 419 196 479 {sloh

129 638 176 664 sol.

130 673 170 698 15.

513 250 678 284 ROYAL
714 250 927 284 LETTERS
963 248 1066 282 ΛΝΒ
1102 250 1271 284 WRITs.
1571 237 1662 284 197

285 356 397 387 venire
412 356 542 387 faciatis
566 380 572 388 .
598 380 605 387 .
632 380 638 387 .
664 380 670 388 .
696 357 863 397 prefatum
881 357 903 388 J
905 356 1054 394 acobum,
1071 358 1114 388 ad
1130 356 1339 388 reddendum
1357 357 1452 388 nobis
1469 359 1662 396 compotum

284 400 326 430 de
342 400 497 430 omnibus
514 400 712 438 redditibus,
725 400 838 438 firmis,
852 400 1113 439 revencionibus,
1127 401 1353 440 proventibus,
1365 400 1662 440 redempcionibus,

283 446 318 473 et
334 443 405 473 aliis
423 443 575 482 proficuis
593 453 657 483 que
673 444 714 474 ad
733 444 899 481 Castrum,
916 443 1049 482 Villam,
1068 447 1102 475 et
1118 444 1399 475 Vicecomitatum
1417 444 1531 474 Sancti
1550 443 1661 474 Salva-

282 486 363 517 toris
379 486 413 516 in
431 487 637 517 Normannia
654 487 942 527 qualitercumque
959 488 1139 527 pertinent,
1154 498 1211 518 seu
1229 488 1271 518 ad
1288 498 1347 518 nos
1369 487 1492 517 ibidem
1504 487 1661 527 qualiter-

281 540 425 570 cumque
448 530 616 570 pertinere
640 534 807 569 poterunt,
825 531 866 560 de
890 534 1039 571 tempore
1062 542 1128 571 quo
1153 531 1220 561 fuit
1245 532 1366 561 Custos
1388 530 1514 561 ibidem
1537 533 1571 561 et
1595 540 1662 561 non

281 573 666 614 computavit.—-Tested
685 574 728 614 by
746 574 795 605 W.
815 574 938 612 Tauke,
956 577 991 605 at
1007 575 1251 613 Westminster,
1270 576 1288 606 6
1307 574 1394 613 Oct.,
1413 573 1506 606 1374.

236 638 433 674 61.-—Inter
465 638 652 679 Oppidanos
684 638 804 669 Emonie
827 643 854 670 et
880 638 1243 678 Capitulum-Sciatis
1275 640 1366 680 quod
1390 639 1544 670 dedimus
1568 638 1661 669 vobis

282 684 481 722 potestatem
513 681 694 722 recipiendi
722 683 961 712 ammociouem
985 683 1150 714 Johannis
1174 683 1298 724 Wilby,
1325 693 1426 723 quem
1451 683 1605 713 Decanus
1627 686 1662 713 et

282 725 477 765 Capitulum
495 725 640 756 Ecclesie
656 726 751 756 Beati
764 726 855 756 Petri
868 726 1063 757 Exonieusis
1074 727 1166 766 prius
1179 729 1431 757 attornaverant
1443 736 1553 757 coram
1566 725 1662 756 nobis

281 769 351 799 loco
367 779 435 807 suo,
454 769 486 799 in
505 769 635 809 loquela
651 779 716 808 que
732 772 784 799 est
800 779 908 799 coram
925 769 1126 800 Justiciariis
1150 770 1271 800 nostris
1288 770 1329 800 de
1348 770 1464 808 Baneo,
1483 780 1540 809 per
1558 769 1661 799 Breve

281 815 435 843 nostrum
451 813 539 842 iuter
555 812 642 852 ipsos
656 813 828 843 Decanum
847 815 882 843 et
900 813 1094 851 Capitulum
1111 816 1145 844 et
1161 813 1350 844 ‚Iohannem
1368 814 1482 853 Gyste,
1500 813 1660 843 Maiorem

281 856 436 887 Civitatis
454 855 605 894 Exonie,l
624 857 790 896 Rogerum
808 859 878 886 atte
893 856 999 895 Wille,
1017 856 1177 887 ballivum
1195 857 1348 897 ejusdem
1373 857 1538 895 Civitatis,
1556 856 1659 886 Wari-

279 909 360 930 num
379 897 515 937 Baillif,²
530 899 690 929 ballivum
708 899 859 939 ejusdem
877 899 1041 938 Civitatis,
1060 900 1267 931 Willelmum
1291 899 1481 939 Stokleghe,
1498 900 1661 930 ballivum

282 943 432 983 ejusdem
452 942 616 980 Civitatis,
635 943 820 973 Robertum
834 943 990 981 Garland,
1008 943 1168 974 ballivum
1185 944 1335 984 ejusdem
1355 943 1519 981 Civitatis,
1539 943 1659 973 Henri-

280 996 357 1016 cum
389 986 500 1024 Skam,
531 986 692 1016 ballivum
722 986 875 1026 ejusdem
902 986 1067 1026 Civitatis,
1100 987 1288 1018 Jobannem
1324 987 1464 1026 Hopere,
1497 986 1659 1017 ballivum

280 1030 432 1070 ejusdem
464 1030 629 1067 Civitatis,
655 1030 840 1060 Henricum
872 1029 1055 1069 Fourimur,
1080 1030 1270 1061 ,Iohannem
1302 1030 1432 1071 Sleghe,
1457 1030 1497 1060 de
1522 1029 1659 1068 Exonia,

281 1073 460 1104 Ricardum
493 1073 725 1114 Goldsmythe,
757 1073 947 1103 Johannem
980 1074 1211 1112 Brounewille,
1242 1073 1419 1114 juniorem,
1453 1073 1660 1104 &Villelmum

281 1117 437 1157 Gerveys,
469 1116 669 1147 Nicholaum
701 1115 892 1154 Taverner‚³
918 1117 1101 1147 Walterum
1128 1117 1244 1155 Leche,
1270 1117 1475 1148 XVillelmum
1500 1117 1659 1155 Barbour,

280 1160 447 1199 Rogerum
465 1158 632 1200 Pleynte,4
647 1159 836 1191 ,Iohannem
857 1159 975 1200 Grey,⁵
993 1161 1196 1191 Willelmum
1216 1161 1342 1200 Hardy,
1360 1161 1548 1192 «Iohannem
1563 1160 1659 1191 Web-

279 1203 366 1241 bere,
401 1202 610 1233 &Villelmum
642 1203 813 1241 Webbere,
844 1203 1030 1234 Walterum
1062 1204 1283 1244 Whythorne,
1317 1204 1502 1235 Walterum
1543 1204 1660 1234 Taver-

279 1257 366 1285 nere,
402 1245 612 1276 willelmum
644 1247 769 1285 Somer,
801 1246 990 1277 ,Iohannem
1023 1247 1275 1285 Poehemakere,
1300 1248 1507 1278 &Villelmum
1534 1247 1657 1285 Londe,

279 1290 467 1320 Johannem
485 1290 646 1328 Russelle,
665 1288 844 1320 Ricardum
862 1290 1000 1329 Digone,
1018 1289 1208 1321 ,Iohannem
1227 1291 1397 1328 Bridham,
1418 1294 1453 1322 et
1469 1290 1659 1322 Johannem

281 1334 442 1373 Deyman,
462 1334 502 1364 de
525 1334 669 1373 quadam
694 1333 953 1373 transgressione
978 1334 1102 1364 eisdem
1128 1335 1259 1365 Decano
1276 1338 1309 1364 et
1327 1334 1482 1374 Capitulo
1506 1345 1563 1374 per
1588 1344 1658 1374 pre-

277 1376 364 1407 fatos
388 1375 408 1406 J
413 1376 578 1407 ohannem
603 1377 707 1415 Giste,
725 1377 900 1417 Rogerum,
922 1375 1110 1413 warinum,
1127 1380 1201 1415 etc,
1225 1381 1297 1416 etc.‚
1322 1378 1424 1415 illata,
1448 1381 1489 1408 ut
1511 1377 1659 1416 dicitur3

278 1423 321 1458 et,
353 1420 423 1450 loco
454 1420 602 1460 ipsorum
636 1420 758 1450 Decani
791 1423 825 1450 et
858 1420 1003 1460 Capituli
1035 1421 1215 1460 recipiendi
1242 1421 1523 1452 substitucionem
1557 1431 1659 1461 quam

277 1463 418 1503 predicti
435 1463 589 1494 Decauus
606 1466 640 1493 et
657 1463 854 1503 Capitulum
871 1474 980 1494 coram
998 1464 1090 1494 vobis
1116 1464 1186 1495 loco
1209 1475 1269 1495 suo
1293 1465 1399 1495 facere
1422 1465 1600 1503 voluerint,
1617 1465 1659 1495 ad

277 1506 477 1538 lucrandum
495 1507 545 1537 vel
563 1507 770 1546 perdendum
787 1507 821 1537 in
838 1506 969 1547 loquela
994 1508 1142 1547 predicta
1155 1519 1164 1545 ;
1188 1511 1222 1538 et
1245 1508 1320 1538 ideo
1343 1508 1435 1539 vobis
1460 1507 1659 1539 mandamus

277 1551 378 1590 quod,
395 1561 473 1581 cum
496 1551 735 1580 ammocionem
760 1554 794 1580 et
817 1550 1097 1581 substitucionem
1122 1551 1285 1591 predictas
1308 1551 1509 1592 receperitis,
1539 1551 1578 1582 de
1603 1561 1658 1581 no-

278 1594 424 1624 minibus
440 1594 623 1624 eorundem
639 1593 953 1624 substituendorum
970 1594 1074 1632 nobis,
1092 1595 1155 1625 sub
1179 1595 1285 1633 sigillo
1304 1598 1425 1633 vestro,
1443 1595 1602 1626 distincte
1626 1598 1660 1626 et

277 1640 390 1677 aperte
406 1640 557 1668 constare
576 1637 704 1668 faciatis
720 1647 728 1674 3
752 1637 965 1667 remittentes
989 1638 1085 1668 nobis
1109 1638 1169 1669 hoc
1196 1639 1482 1669 Breve.—Tested
1499 1642 1534 1670 at
1550 1639 1658 1669 West-

279 1681 427 1719 minster,
453 1683 468 1711 1
496 1681 579 1711 Nov.
625 1679 805 1720 [Received
828 1683 863 1710 at
887 1680 992 1721 Clyst,
1018 1682 1057 1712 30
1089 1682 1177 1719 Jan.,
1205 1682 1658 1721 1374-5].—[teturn:—-Re-

276 1724 424 1764 cepimus
447 1724 689 1754 ammocionem
711 1724 874 1755 Johannis
899 1724 1020 1764 Wilby,
1039 1735 1138 1765 quem
1163 1726 1316 1756 Decanus
1340 1728 1373 1756 et
1398 1726 1593 1766 Capitulum
1619 1750 1625 1757 .
1651 1750 1658 1757 .

277 1768 369 1808 prius
386 1771 644 1798 attornaverunt
660 1778 771 1798 coram
788 1767 933 1798 Domino
958 1768 1057 1808 Rege,
1077 1768 1148 1799 loco
1170 1769 1328 1808 ipsorum,
1346 1768 1380 1799 in
1405 1769 1535 1810 loquela
1559 1769 1658 1800 infra·

277 1811 408 1851 scripta.
456 1811 501 1842 Et
524 1811 666 1852 predicti
690 1811 842 1841 Decanus
866 1814 900 1841 et
924 1811 1120 1851 Capitulum
1144 1813 1396 1844 substituerunt
1418 1823 1527 1844 coram
1553 1813 1658 1852 nobis,

276 1855 347 1885 loco
370 1865 440 1893 suo,
465 1855 653 1885 Johannem
678 1855 719 1885 de
743 1855 942 1894 Coplestone
966 1854 1018 1885 vel
1043 1855 1207 1886 Thomam
1231 1856 1415 1896 Reymond,
1432 1860 1467 1887 et
1489 1857 1577 1897 ipsos
1602 1857 1658 1888 Jo-

276 1898 420 1928 hannem
438 1901 472 1928 et
488 1898 651 1928 Thomam
668 1898 731 1928 sub
747 1897 970 1928 alternacione
989 1898 1059 1929 loco
1076 1899 1225 1939 ipsorum
1249 1904 1444 1940 posuerunt,
1461 1901 1504 1931 ad
1528 1900 1657 1931 lucran-

277 1941 358 1972 dum
376 1944 411 1972 et
428 1942 637 1981 perdendum
655 1941 689 1972 in
706 1941 836 1982 loquela
852 1941 1074 1982 infrascripta,
1092 1947 1194 1983 prout
1209 1943 1301 1974 istud
1319 1944 1423 1974 Breve
1439 1944 1473 1974 in
1497 1954 1531 1975 se
1555 1944 1659 1984 exigit

277 1988 311 2016 et
326 1985 478 2025 requirit.

233 2044 434 2084 62.—Item,
447 2045 563 2076 eodem
580 2045 642 2083 die,
653 2044 788 2082 ibidem,
802 2045 927 2086 recepit
939 2045 1031 2076 aliud
1044 2046 1147 2077 Breve
1158 2046 1301 2086 Regium
1312 2047 1346 2077 in
1359 2047 1420 2078 hec
1433 2047 1657 2079 verbaz--Ed-

278 2089 418 2126 wardus,
427 2092 500 2127 etc„
512 2088 887 2127 Thome,etc.—Sciatis
900 2090 989 2129 quod
1001 2089 1155 2120 dedimus
1163 2090 1255 2120 vobis
1262 2093 1464 2130 potestatem
1477 2091 1659 2132 recipiendi

278 2132 518 2162 ammocionem
535 2132 699 2163 Johannis
711 2132 835 2173 Wilby,
851 2142 951 2172 quem
969 2133 1135 2164 Robertus
1148 2133 1333 2173 Somptere,
1346 2134 1499 2165 Deeanus
1513 2135 1658 2166 Ecclesie

277 2175 373 2206 Beati
390 2176 481 2206 Petri
499 2175 702 2214 Exoniensis,
720 2179 754 2206 et
771 2175 967 2216 Capitulum
990 2175 1141 2217 ejusdem
1168 2177 1313 2208 Ecclesie
1336 2182 1370 2208 et
1393 2178 1410 2209 ,J
1417 2177 1562 2208 ohannes
1582 2179 1656 2220 Wy-

277 2218 358 2259 lyet,
375 2219 521 2258 clericus,
546 2219 638 2259 prius
661 2222 914 2250 attornaverant
937 2230 1046 2250 coram
1070 2220 1174 2259 nobis,
1200 2220 1269 2250 loco
1293 2231 1362 2259 suo,
1379 2221 1414 2251 in
1437 2221 1569 2261 loquela
1592 2232 1657 2262 que

278 2265 329 2293 est
344 2273 454 2293 coram
470 2263 491 2294 J
497 2262 671 2293 usticiariis
687 2262 810 2293 nostris
827 2263 867 2293 de
884 2263 1003 2302 Banco,
1015 2273 1072 2303 per
1088 2264 1193 2294 Breve
1209 2266 1372 2302 nostrum,
1386 2264 1474 2295 inter
1490 2265 1656 2296 Abbatem

278 2306 320 2335 de
336 2305 480 2337 Bukfast
502 2310 536 2336 et
560 2306 705 2345 prefatos
728 2306 911 2345 Decanum,
940 2306 1147 2346 Capitulum,
1178 2310 1212 2337 et
1235 2306 1424 2338 Johannem
1453 2308 1596 2348 Wylyet,
1620 2319 1658 2340 ac

277 2349 439 2379 'rhomam
463 2349 573 2380 Baillif
589 2350 630 2380 de
654 2350 860 2388 Stavertone,
878 2350 919 2380 de
935 2350 1081 2389 quodam
1097 2350 1228 2389 gurgite
1251 2350 1285 2380 in
1309 2351 1517 2390 Stavertone,
1535 2352 1575 2382 ad
1600 2362 1655 2383 no-

279 2396 476 2423 cumentum
501 2393 594 2423 liberi
619 2393 764 2423 tenentis
787 2392 891 2432 ipsius
909 2392 1050 2423 Abbatis
1073 2393 1106 2423 in
1132 2393 1283 2431 Bukfast,
1309 2396 1347 2423 ut
1371 2393 1505 2433 dicitur,
1524 2395 1657 2433 levato;

279 2438 323 2473 et,
340 2435 410 2466 loco
426 2435 575 2476 ipsorum
593 2436 725 2474 Decani,
743 2436 900 2476 Capituli,
917 2439 952 2466 et
968 2436 1130 2466 Johannis
1148 2436 1280 2476 Wyliet,
1298 2436 1476 2477 recipiendi
1492 2438 1655 2470 substitu—

279 2479 407 2509 cionem
434 2489 536 2519 quam
561 2479 702 2518 predicti
729 2479 890 2518 Decanus,
920 2479 1125 2518 Capitulum,
1150 2482 1184 2510 et
1207 2479 1376 2510 Johannes
1402 2481 1525 2521 Wilyet
1548 2492 1657 2513 coram

280 2521 384 2559 vobis,
402 2521 473 2552 loco
490 2533 559 2560 suo,
577 2522 684 2552 faeere
700 2522 877 2561 voluerint,
894 2522 936 2552 ad
952 2522 1151 2552 lucrandum
1168 2523 1216 2552 vel
1235 2523 1453 2572 perdendum,
1470 2524 1503 2555 in
1527 2525 1659 2567 loquela

279 2565 435 2605 predicta.
482 2565 528 2596 Et
543 2547 617 2595 i'deo
633 2565 726 2595 vobis
743 2566 940 2596 mandamus
956 2565 1056 2605 quod
1074 2575 1150 2596 cum
1175 2566 1413 2598 ammon-ionem
1437 2571 1472 2599 et
1493 2569 1657 2600 substitu-

280 2608 408 2639 cionem
440 2608 604 2648 predictas
635 2608 832 2648 recepeiitis,
859 2608 901 2638 de
923 2608 1116 2639 nominibus
1139 2610 1320 2640 eorundem
1344 2610 1658 2643 substituendorum

279 2651 385 2690 nobis,
409 2652 472 2682 sub
496 2651 602 2691 sigillo
625 2655 747 2690 vestrO,
764 2651 922 2682 distincte
945 2655 979 2682 et
1003 2654 1116 2691 aperte
1132 2655 1283 2683 constare
1298 2653 1452 2693 faciatis;
1476 2654 1538 2686 hoc
1554 2656 1659 2687 Breve

279 2695 375 2726 nobis
391 2695 784 2726 iemittentes.-Tested
801 2697 836 2725 at
853 2694 1095 2734 Westminster,
1114 2696 1132 2727 8
1150 2695 1245 2734 Nov.,
1268 2696 1360 2729 1374.
1407 2697 1486 2737 Nos,
1504 2699 1657 2739 Thomas,

128 2767 140 2787 ¹
157 2769 274 2808 Mayor
289 2769 324 2799 of
341 2770 467 2800 Exeter
483 2770 519 2801 in
537 2770 632 2809 1354,
650 2770 746 2807 1355,
765 2770 859 2809 1356,
927 2768 939 2788 3
956 2769 1073 2810 Mayor
1087 2769 1121 2800 in
1140 2771 1232 2802 1365.

173 2813 266 2851 1363,
285 2814 378 2850 1364,
397 2814 490 2846 1373.
927 2811 941 2830 4
957 2814 1073 2853 Mayor
1088 2814 1122 2844 in
1142 2815 1234 2852 1362,
1253 2815 1345 2853 1369,
1367 2814 1460 2854 1372,
1479 2816 1571 2849 1374.

129 2853 141 2872 ²
157 2855 272 2896 Mayor
287 2856 321 2886 in
340 2857 432 2888 1368.
928 2856 940 2875 5
958 2857 1072 2897 Mayor
1088 2857 1121 2887 in
1141 2856 1232 2896 1376,
1252 2858 1344 2897 1381,
1366 2859 1458 2897 1399,
1478 2860 1570 2890 1400.
