1987 3062
287 244 380 288 298

285 354 362 380 A.D.

287 388 360 414 1373.

288 421 347 447 Vol.
365 422 387 448 Ι.

498 256 597 288 THE
633 255 872 290 REGISTER
906 257 964 288 OF
1000 255 1176 289 BISHOP
1211 255 1608 292 BRANTYNGHAM.

396 357 577 396 Collegium
596 359 691 389 Beati
707 358 833 389 Thome
851 358 891 389 de
909 358 1082 398 Glasneye,
1100 369 1158 398 pro
1175 369 1262 389 anno
1278 359 1330 400 ij0,
1348 362 1410 391 etc.
1631 379 1641 384 -
1742 359 1811 399 vijs.

394 401 506 432 Abbas
523 403 563 432 de
582 402 827 442 Dunkeswylle,
845 412 903 442 pro
920 412 1006 432 anno
1023 402 1074 442 ij0‚
1092 405 1153 433 etc.
1403 420 1414 427 -
1634 423 1643 427 -
1742 402 1813 442 vijs.

392 444 505 475 Abbas
521 445 562 475 (le
579 445 772 485 Nyweham,
790 456 849 485 pro
864 456 952 475 anno
967 442 1038 485 ide,
1056 449 1117 477 etc,
1169 465 1178 469 -
1398 465 1408 470 -
1629 466 1636 470 -
1696 459 1702 465 ἰ
1741 446 1813 485 vijs.

395 488 506 519 Abbas
522 489 562 518 de
579 488 687 526 Torre,
707 499 765 528 pro
782 499 868 518 anno
885 488 936 528 ij0,
954 492 1015 519 etc.
1171 508 1180 512 -
1401 508 1411 513 -
1631 509 1640 513 -
1740 489 1812 528 vijs.

393 531 506 562 Abbas
522 531 563 561 de
582 531 735 570 Boclond,
754 543 812 572 pro
828 542 915 562 anno
938 530 1007 571 ijd0‚
1025 534 1085 562 etc.
1172 550 1181 555 -
1402 552 1411 556 -
1632 552 1641 556 -
1742 531 1813 572 vijs.

393 574 505 605 Abbas
521 574 749 615 Tavystochie,
768 585 826 614 pro
842 585 929 605 anno
945 575 996 614 ij0,
1014 578 1075 606 etc.
1170 593 1180 599 -
1401 595 1409 600 -
1630 595 1640 599 -
1740 575 1811 615 vijs.

394 617 487 648 Prior
503 618 543 648 de
561 617 693 658 Cmvyk,
712 628 771 658 pro
786 618 881 648 annis
899 618 1004 657 primo
1021 622 1054 649 et
1070 619 1225 656 secundo,
1242 621 1303 649 etc.
1401 638 1410 642 -
1630 638 1639 642 -
1715 618 1811 658 xiiijs.

394 661 487 691 Prior
503 662 668 700 Tottonie,
686 672 744 701 pro
760 661 854 691 annis
870 661 978 701 primo
995 664 1029 692 et
1044 662 1198 698 secundm
1216 664 1277 692 etc.
1401 679 1410 685 -
1631 680 1640 684 -
1716 661 1814 701 xiiijs.

393 704 486 734 Prior
502 704 686 742 Bodminie,
703 715 761 744 pro
777 715 863 734 anno
880 705 1035 739 secundo,
1052 708 1112 735 etc.
1174 724 1183 728 -
1403 724 1412 728 -
1631 724 1636 728 ·
1740 704 1814 744 vijs.

394 747 487 778 Prior
503 748 544 778 de
561 747 831 789 Tywardraytlie,
849 758 908 788 pro
925 758 1011 778 anno
1027 747 1079 788 ij0,
1096 751 1156 778 etc.
1401 763 1409 767 -
1631 767 1640 771 -
1741 747 1812 788 vijs.

393 791 486 821 Prior
503 791 618 822 Sancti
635 791 807 829 Germani,
821 801 879 831 pro
896 802 983 821 anno
999 789 1070 831 ij‘¹0,
1088 795 1150 822 etc.
1402 811 1410 814 -
1631 810 1640 814 —
1741 791 1813 831 vijS.

394 834 487 864 Prior
502 835 543 864 de
562 834 805 874 Frythelestok,
823 845 881 874 pro
898 845 985 865 anno
1001 835 1043 875 ijo
1168 853 1178 858 -
1399 853 1406 857 -
1629 852 1637 857 —
1739 835 1812 874 vijs.

393 877 486 908 Prior
503 878 543 908 de
561 877 744 917 Oai-swelle,
761 888 819 918 pro
836 888 922 908 anno
939 876 1011 918 ijd‘),
1029 880 1090 908 etc.
1170 895 1179 900 -
1400 897 1409 901 -
1628 894 1638 900 -
1765 888 1809 908 vs.

392 921 485 952 Prior
501 922 542 951 de
560 921 700 959 Piltone,
718 932 776 960 pro
793 931 878 951 anno
895 922 1040 951 secundo
1166 939 1178 944 -
1399 940 1407 944 -
1628 936 1638 941 -
1662 921 1725 962 iijs.
1743 921 1810 960 vjd.

392 964 570 995 Abbatirsa
586 965 627 995 de
644 965 708 994 Lee
725 964 976 1004 [Canonsleisth
995 975 1052 1004 pro
1069 975 1155 994 anno
1171 961 1243 1004 ijdo,
1261 967 1322 995 etc.
1396 982 1406 987 -
1627 983 1636 987 -
1738 964 1812 1004 iiijs.

391 1008 561 1038 ---Datum
580 1008 769 1043 Londoniis,
787 1007 840 1037 die
857 1010 890 1037 et
903 1018 990 1037 anno
1006 1008 1129 1047 quibus
1145 1017 1254 1047 supra.

392 1051 541 1089 Quarum
558 1051 743 1081 Literarum
756 1050 966 1089 auctoritate,
983 1061 1098 1080 omnes
1114 1053 1148 1080 et
1164 1050 1309 1089 singulas
1327 1050 1486 1080 Personas
1502 1061 1559 1090 per
1571 1061 1636 1089 vos,
1656 1054 1695 1081 ut
1711 1061 1811 1091 supra

434 1094 600 1132 scribitur,
618 1094 929 1132 excommunicatas,
946 1094 1100 1124 videlicet
1116 1093 1298 1123 Dominum
1316 1093 1520 1123 VVillelmum
1539 1094 1719 1134 Cungham,
1737 1104 1809 1134 pro-

434 1142 618 1168 curatoretn
650 1137 814 1168 Johannis
845 1136 989 1177 Cheyne,
1019 1141 1053 1167 et
1079 1136 1281 1174 Johannem,
1311 1136 1486 1167 Rectorem
1517 1137 1659 1167 Ecclesie
1689 1138 1810 1168 Sancte

437 1181 572 1218 Lacloce·‚
592 1184 837 1220 procuratorem
857 1180 990 1210 Domini
1008 1180 1165 1210 Willelmi
1182 1180 1313 1219 Mugge‚
1328 1190 1365 1209 ac
1382 1179 1582 1210 Edwardum
1603 1180 1720 1219 Eliere,
1737 1191 1810 1211 nec-

433 1234 499 1254 non
532 1224 678 1254 Priorem
710 1225 751 1253 de
782 1222 925 1263 Cowyke
949 1226 983 1254 et
1009 1223 1153 1253 Priorem
1178 1224 1219 1253 de
1243 1223 1410 1260 Tottonia,
1434 1223 1479 1253 sic
1507 1225 1810 1254 excommunicatos

434 1267 535 1297 fuisse
552 1271 586 1297 et
599 1278 678 1303 esse,
692 1267 725 1296 in
745 1265 889 1297 Ecclesia
901 1270 1014 1297 nostra>
1028 1266 1216 1305 Exoniensi,
1230 1266 1308 1305 suis,
1322 1276 1359 1297 ac
1371 1265 1442 1296 aliis
1457 1267 1610 1297 Ecclesiis
1623 1267 1811 1306 convicinis,

434 1311 559 1341 Diebus
578 1310 758 1341 Dominicis
775 1314 808 1340 et
825 1309 976 1348 Festivis,
993 1310 1081 1340 intra
1099 1309 1274 1340 Missarum
1292 1309 1483 1349 solempnia,
1504 1310 1613 1349 palam
1629 1314 1663 1340 et
1679 1310 1810 1351 publice

432 1354 572 1384 fecimus
589 1353 748 1384 nunciari.
799 1353 952 1392 Fructus,
970 1354 1114 1393 insuper,
1131 1353 1292 1391 redditus,
1310 1356 1345 1383 et
1361 1356 1542 1392 proventus
1568 1353 1809 1384 Beneficiorum

432 1397 729 1437 infrascriptorum,
760 1400 930 1436 presentes
953 1399 988 1427 et
1010 1399 1240 1436 proventuro&
1271 1396 1411 1427 fecimus
1441 1396 1574 1427 realiter
1597 1397 1808 1437 sequestrari,

433 1444 467 1471 et
483 1441 545 1471 sub
562 1444 633 1471 arto
652 1440 812 1470 custodiri
836 1440 995 1470 faciemus
1020 1440 1198 1479 sequestro
1223 1449 1397 1479 quousque
1412 1439 1453 1469 de
1469 1440 1609 1470 summis
1625 1443 1659 1470 et
1676 1441 1809 1481 quanti—

433 1484 559 1514 tatibus
587 1484 628 1513 (le
655 1483 778 1514 eisdem
812 1483 982 1513 Beneficiis
1011 1482 1198 1522 Apostolice
1230 1483 1368 1514 Camere
1400 1483 1523 1513 debitis
1560 1483 1665 1514 fuerit
1702 1484 1809 1514 eidem

434 1528 572 1558 Camere
603 1527 731 1566 integre
761 1527 981 1557 satisfactum.
1047 1526 1184 1563 Moneri,
1219 1526 1334 1563 eciam,
1368 1525 1517 1565 fecimus,
1551 1529 1590 1557 ut
1619 1527 1809 1565 mandatur,

432 1571 612 1601 eorundem
631 1569 869 1600 Beneficiorum
889 1580 1088 1609 possessores
1105 1573 1139 1599 et
1156 1574 1382 1609 procuratores
1406 1579 1531 1607 eorum,
1551 1573 1652 1609 prout
1668 1570 1809 1601 inferius

433 1614 631 1652 continetur,
649 1623 776 1643 necnon
791 1613 971 1652 Religiosos
987 1617 1021 1643 et
1038 1613 1191 1652 Collegia,
1210 1623 1353 1652 quorum
1366 1612 1501 1643 nomina
1513 1614 1613 1643 eciam
1629 1617 1663 1643 et
1679 1624 1810 1644 summe

433 1668 491 1697 per
506 1657 593 1697 ipsos
611 1657 722 1687 debite
739 1657 891 1696 superius
903 1656 1147 1694 describuntur,
1161 1656 1251 1696 quod
1262 1659 1483 1696 compareant,
1497 1658 1533 1687 et
1543 1666 1655 1687 eorum
1670 1657 1812 1697 quilibet

434 1703 630 1740 compareat,
649 1710 758 1730 coram
784 1699 884 1738 vobis,
903 1700 973 1730 1000
989 1702 1024 1730 et
1040 1700 1093 1730 die
1117 1699 1269 1739 superius
1292 1699 1326 1729 in
1350 1699 1429 1729 dict·
1472 1699 1589 1730 vestris
1613 1700 1733 1730 Literis
1757 1711 1810 1730 ex-

434 1744 598 1783 pressatis,
612 1743 734 1773 facturi
751 1746 784 1773 et
800 1743 966 1783 recepturi
982 1743 1014 1772 in
1032 1742 1198 1775 omnibus,
1214 1745 1248 1772 ct
1261 1753 1318 1782 per
1330 1742 1449 1781 omnia,
1464 1752 1529 1782 que
1542 1744 1688 1783 predicte
1703 1747 1810 1774 vestre

435 1787 543 1817 Litere
560 1787 593 1816 in
618 1797 651 1816 se
675 1786 815 1824 exigunt
837 1789 872 1816 et
895 1785 1080 1826 requirunt.
1129 1785 1284 1823 Fructus,
1312 1785 1556 1824 nichilominus,
1574 1789 1608 1816 et
1625 1790 1808 1824 proventus

433 1830 673 1860 Beneficiorum
687 1829 720 1859 in
732 1829 854 1859 nostris
871 1829 1025 1866 Ecclesia,
1044 1829 1198 1867 Civitate,
1212 1831 1246 1859 et
1259 1828 1388 1859 Diocesi
1406 1829 1542 1868 Exonie,
1555 1839 1573 1859 a
1586 1839 1628 1859 xv
1640 1829 1809 1860 Kalendas

434 1873 555 1911 Marcii,
577 1873 794 1902 pontificatus
817 1871 953 1902 Domini
977 1872 1083 1902 nostri
1108 1872 1195 1911 Pape
1217 1870 1316 1902 Anno
1340 1871 1455 1910 primo,
1480 1872 1572 1910 citra,
1597 1873 1807 1904 Auctoritate

435 1916 636 1956 Apostolica,
652 1918 686 1945 et
704 1915 990 1953 Reverendissimss
1003 1919 1076 1952 etc,
1091 1915 1243 1953 Simonis,
1257 1918 1330 1952 etc,
1344 1915 1536 1954 Cardinalis,
1549 1919 1806 1956 acceptatorum,

432 1962 598 1999 quatenus
625 1959 748 1998 inquiri
780 1959 962 1998 potuimus
994 1962 1028 1988 et
1058 1968 1200 1998 quorum
1232 1957 1366 1988 nomina
1396 1957 1534 1989 inferius
1563 1963 1645 1989 sunt
1674 1959 1807 1998 inserta,

432 2003 572 2033 fecimus
588 2002 800 2042 sequestrari,
820 2012 856 2032 ac
873 2002 935 2032 sub
953 2002 1131 2041 Sequestro
1148 2001 1255 2031 teneri
1271 2001 1488 2032 effectualiter
1504 2001 1663 2033 faciemus
1679 2013 1805 2043 quous-

432 2056 497 2086 que
529 2046 570 2075 de
601 2045 716 2085 primis
740 2044 919 2075 fructubus
942 2044 1089 2084 ipsorum
1114 2044 1353 2074 Beneficiorum
1380 2044 1517 2075 Camere
1540 2045 1739 2085 Apostolice,
1764 2056 1805 2077 ex

432 2100 530 2120 causa
565 2089 717 2128 superius
748 2088 924 2123 declarata,
956 2087 1059 2118 fuerit
1089 2087 1306 2118 satisfactum.
1370 2087 1506 2127 Moneri,
1531 2089 1642 2127 eciam,
1667 2089 1807 2120 fecimus

432 2133 615 2163 eorundem
632 2131 871 2161 Beneficiorum
888 2141 1088 2171 possessores
1101 2134 1135 2161 et
1145 2134 1382 2170 procuratores,
1397 2132 1486 2171 quod
1500 2131 1591 2162 vobis
1602 2132 1807 2163 satisfaciant

433 2176 473 2206 de
490 2175 587 2205 dietis
603 2174 717 2215 primis
734 2174 921 2213 fructubus,
938 2174 1025 2204 infra
1041 2173 1224 2204 terminum
1241 2174 1481 2214 supradictum.
1530 2174 1689 2215 Alioquin
1714 2176 1805 2215 quod

431 2222 643 2259 compareant
659 2228 768 2248 coram
785 2217 888 2255 vobis,
908 2218 941 2248 in
958 2217 1048 2248 dicto
1064 2217 1217 2255 termino,
1230 2217 1405 2257 allegaturi
1420 2220 1454 2248 et
1470 2217 1591 2248 facturi
1603 2218 1692 2259 quod
1705 2218 1808 2249 fuerit

430 2262 579 2300 racionis,
596 2261 659 2292 sub
675 2261 768 2301 penis
784 2264 818 2291 et
834 2260 981 2291 censuris
997 2260 1238 2300 suprascriptis.

389 2305 560 2336 Prebende
583 2315 684 2344 quam
708 2304 855 2344 possedit
878 2304 985 2335 David
1009 2303 1170 2342 Maynard
1194 2303 1229 2333 in
1252 2303 1397 2334 Ecclesia
1419 2303 1534 2335 Sancti
1556 2304 1746 2344 Karentoci,
1770 2307 1806 2336 et

430 2359 530 2388 quam
555 2349 654 2378 modo
677 2347 825 2388 possidet
849 2347 1013 2377 Dominus
1038 2346 1222 2377 Willelmus
1249 2347 1380 2386 Mugge,
1408 2346 1540 2378 fructus
1566 2351 1647 2378 sunt
1673 2358 1804 2388 seques-

430 2392 520 2422 trati.
568 2391 730 2422 Dominus
753 2391 774 2422 ,J
778 2390 923 2421 ohannes
946 2388 1117 2430 [Raulyn],
1145 2390 1265 2420 Rector
1288 2389 1432 2420 Ecclesie
1449 2391 1568 2421 Sancte
1584 2390 1721 2430 Ladoce,
1746 2390 1805 2432 qui

429 2435 495 2466 fuit
512 2437 703 2474 procurator
719 2444 809 2472 suus,
828 2436 982 2464 mortuus
998 2436 1049 2463 est
1063 2433 1130 2473 jam
1148 2433 1252 2463 tarde.

386 2478 683 2509 Archidiaeonatus
706 2477 932 2508 Tottoniensis
955 2476 1087 2507 fructus
1110 2479 1191 2507 sunt
1219 2476 1429 2516 sequestrati,
1454 2479 1489 2507 et
1519 2477 1682 2508 Dominus
1707 2478 1805 2517 Hugo

430 2521 654 2561 Bryddeham,
672 2520 932 2551 Archidiaconus
949 2520 1111 2560 ejusdem,
1131 2519 1255 2549 citatus
1271 2523 1322 2549 est
1338 2519 1564 2559 personaliter.

388 2565 459 2602 Quo
476 2565 517 2595 ad
536 2564 736 2594 Beneficium
753 2564 843 2604 quod
866 2563 1023 2603 optinuit,
1047 2562 1099 2592 vel
1122 2562 1261 2602 optinet,
1281 2562 1460 2593 Nicholaus
1476 2563 1618 2602 Thobro,
1637 2566 1674 2593 ut
1690 2563 1801 2594 scribi-

430 2608 489 2645 tis,
505 2618 570 2637 non
588 2611 639 2637 est
655 2607 731 2637 talis
749 2606 930 2637 Nicholaus
948 2606 981 2636 in
1000 2606 1144 2636 Civitate
1168 2605 1217 2635 vel
1242 2605 1372 2636 Diocesi
1395 2605 1532 2645 Exonie,
1550 2616 1610 2637 nec
1625 2616 1801 2646 possumus

430 2651 541 2681 cercior
551 2651 598 2680 ari
614 2650 655 2680 de
671 2650 781 2690 aliquo
798 2649 961 2680 Beneficio
978 2649 1101 2679 ibidem
1120 2651 1258 2688 optento
1275 2659 1331 2688 per
1346 2649 1499 2680 eundem.

386 2694 486 2731 Item,
513 2704 579 2733 quo
602 2693 644 2723 ad
668 2693 874 2723 Prebendam
898 2693 940 2723 de
963 2692 1142 2723 Karswelle
1164 2692 1199 2721 in
1223 2692 1367 2722 Ecclesia
1392 2692 1572 2731 collegiata
1590 2692 1797 2732 Cryditonie,

428 2737 578 2766 exhibita
593 2736 687 2766 nobis
703 2736 771 2766 fuit
786 2736 1010 2775 acquietancia
1027 2735 1116 2775 quod
1132 2737 1183 2765 est
1199 2735 1407 2765 satisfactum
1424 2735 1569 2775 plenarie
1591 2745 1651 2775 pro
1673 2735 1798 2765 eadem.

385 2779 546 2811 Similiter
568 2790 635 2819 quo
657 2779 699 2809 ad
723 2779 928 2810 Prebendam
953 2789 1053 2819 quam
1077 2777 1226 2818 optinuit
1249 2777 1438 2818 Stephanus
1455 2778 1589 2818 Pempel
1605 2778 1639 2808 in
1657 2777 1800 2809 Ecclesia

427 2822 615 2857 Exoniensi²
636 2825 669 2852 et
685 2822 725 2852 de
741 2833 807 2862 qua
822 2822 991 2863 provisum
1009 2824 1059 2852 est
1075 2821 1106 2853 J.
1129 2821 1272 2861 Cheyne.
