1987 3062
89 326 165 353 A.D.

90 359 165 387 1379.

91 394 154 420 Vol.

92 428 132 453 ΙΙ.

90 1769 140 1796 fol.

91 1804 132 1829 20.

470 224 639 257 ROYAL
677 223 892 258 LETTERS
928 224 1031 258 AND
1066 224 1236 258 WRITS.
1527 216 1620 260 205

242 332 417 369 potestate,
434 330 538 361 donec
555 341 608 362 eas
624 331 665 362 ad
689 341 749 362 nos
771 331 966 362 duxerimus
988 331 1198 361 revocandas.
1249 330 1308 368 Ut,
1325 333 1440 361 autem
1463 330 1623 371 premissa

241 373 372 404 facilius
396 374 548 413 poteritis
571 375 762 414 adimplere,
788 374 1021 406 mandavimus
1045 374 1286 405 Archidiacono
1310 374 1361 404 vel
1385 373 1458 414 ejus
1483 374 1622 405 Officiali

244 417 433 456 Exoniensi,
461 418 621 457 quatinus
650 419 728 458 ipse,
757 422 924 459 quatenus
949 417 1217 457 jurisdiccionem
1245 428 1339 448 suam
1365 417 1523 457 premissa
1545 428 1621 448 con-

242 463 394 499 cernunt,
419 461 461 491 de
484 461 635 501 quolibet
661 463 830 492 Decanatu
856 466 923 492 tres
948 471 1102 501 personas
1125 461 1366 500 fidedigniores,
1391 461 1546 492 Rectores
1571 461 1622 491 vel

242 503 398 542 vicarios,
416 504 528 544 eligat,
547 507 583 536 et
606 516 659 535 eas
676 505 874 536 auctoritate
898 508 1010 535 nostra
1032 504 1225 544 juramento
1242 504 1410 544 corporali,
1435 505 1476 535 ad
1501 505 1623 535 Sancta

244 547 306 577 Dei
324 548 502 587 Evangelia
517 548 729 588 corporaliter
742 549 890 589 prestito,
904 549 1068 588 astringat
1080 548 1167 588 quod
1185 548 1248 588 ipsi
1262 549 1302 578 de
1315 548 1424 578 valore
1440 553 1474 578 et
1490 548 1621 578 estima-

245 591 337 621 cione
360 591 510 621 omnium
535 595 568 621 et
593 592 799 631 singulorum
825 592 1065 622 Beneficiorum
1092 591 1409 630 Ecclesiasticorurn,
1430 595 1623 622 curatorum

245 637 280 664 et
302 644 368 664 non
392 638 594 673 curatorum,
611 638 802 666 taxatorum
826 638 860 665 et
883 646 949 666 non
970 637 1171 674 taxatorum‚
1196 635 1338 665 ubilibet
1360 635 1395 665 in
1419 635 1534 665 eodem
1559 636 1621 665 De-

245 680 365 708 canatu
383 678 612 716 existencium⁷
630 689 705 709 cum
730 679 820 709 omni
844 679 1059 709 festinacione
1083 689 1149 718 qua
1173 678 1305 718 poterit,
1324 679 1508 709 secundum
1532 679 1623 719 quod

246 721 420 761 quodlibet
443 721 609 752 dictorum
634 722 875 752 Beneficiorum
900 723 996 760 valet,
1022 722 1072 752 vel
1097 726 1197 761 prout
1220 722 1260 752 ad
1290 722 1418 752 firmam
1446 721 1621 752 dimissum

246 764 360 803 fuerit,
380 765 470 795 omni
494 766 606 795 favore
629 768 664 796 et
687 766 762 795 odio
787 765 986 805 postpositis,
1012 776 1068 805 per
1091 765 1321 805 jurameutum
1348 765 1623 796 Beneficiatorum

246 808 427 838 eorundem
454 809 704 847 Beneficiorum,
724 809 775 839 vel
798 819 912 839 eorum
938 809 1260 846 P1·ocuratorum‚ac
1284 809 1355 839 aliis
1371 808 1432 839 viis
1457 812 1492 839 et
1515 809 1624 839 modis

246 851 369 891 quibus
395 853 579 883 secundum
603 862 717 882 eorum
749 852 985 883 conscienciam
1016 852 1147 882 fidelius
1174 852 1320 892 poterint
1344 852 1525 890 informari,
1550 852 1624 883 dili-

246 895 380 934 gencius
397 905 454 926 vos
477 895 669 927 informent.
718 896 861 934 Eisdem,
878 896 1023 936 insuper,
1040 896 1249 936 injunximus
1272 895 1405 925 divisim
1430 898 1469 927 ut
1492 895 1560 936 ipse
1583 895 1625 926 de

246 948 323 968 vero
341 938 449 968 valore
465 949 521 969 seu
540 939 752 969 estimacioue
769 940 918 970 omnium
936 943 971 969 et
986 939 1193 979 singulorum
1214 939 1454 969 Beneficiorum
1472 942 1622 979 prenota-

248 984 369 1019 torum,
387 983 571 1013 secundum
589 983 678 1022 quod
695 983 894 1021 invenerint,
912 993 968 1013 vos
993 984 1073 1013 citra
1100 983 1196 1013 Festa
1220 982 1368 1022 predicta
1392 982 1545 1022 superius
1568 983 1622 1013 de-

247 1025 376 1065 signata
399 1026 556 1056 distincte
579 1030 613 1056 et·
636 1030 748 1066 aperte
771 1026 933 1057 certificet
955 1026 1017 1056 sub
1034 1026 1152 1056 clausis
1177 1026 1298 1056 Literis
1322 1026 1482 1066 ejusdem.
1531 1027 1622 1057 Man-

249 1068 367 1099 damus
395 1080 434 1099 ex
461 1069 680 1107 habundanti,
705 1070 818 1107 eciam,
842 1070 944 1107 vobis,
970 1080 1010 1099 ex
1038 1074 1132 1109 parte
1163 1069 1295 1099 Domini
1323 1069 1428 1100 nostri
1456 1070 1561 1109 Regis,
1590 1073 1624 1100 et

249 1110 458 1152 injungimus
475 1112 614 1142 firmiter
629 1113 788 1152 quatinus
806 1113 905 1143 talem
918 1117 952 1144 et
968 1116 1099 1143 tantam
1116 1113 1323 1152 diligenciam
1337 1113 1522 1143 adhibeatis
1533 1114 1623 1154 quod

248 1154 283 1184 in
300 1156 451 1185 terminis
467 1156 619 1196 superius
635 1156 815 1196 designatis
832 1157 938 1186 eidem
957 1157 1100 1186 Domino
1116 1160 1230 1186 nostro
1250 1156 1328 1196 Regi
1344 1156 1472 1196 integre
1483 1157 1624 1187 satisfiat

249 1197 290 1228 de
307 1198 462 1229 Subsidio
478 1202 671 1237 memorato,
688 1210 739 1237 ne,
757 1200 845 1239 quod
862 1199 959 1237 absit,
980 1202 1116 1239 propter
1138 1200 1341 1230 retardatam
1365 1200 1566 1230 solucionem
1590 1203 1624 1230 et

249 1241 437 1281 serotinam,
454 1242 718 1281 indignacionem
735 1243 881 1282 Regiam,
899 1247 1009 1283 preter
1025 1243 1104 1273 alias
1120 1253 1221 1283 penas
1238 1243 1330 1273 vobis
1346 1243 1378 1273 in
1397 1247 1520 1274 eventu
1538 1243 1621 1274 infli-

247 1285 381 1323 gendas,
401 1286 588 1316 incurratis.
628 1287 677 1316 De
693 1286 755 1324 die,
774 1297 858 1323 vei-0,
876 1286 1074 1326 recepcionis
1092 1286 1316 1324 presencium,
1333 1290 1366 1316 et
1381 1287 1462 1326 quid
1479 1287 1623 1317 feceritis

247 1328 280 1358 in
299 1329 472 1367 premissis,
491 1340 560 1367 nos,
578 1329 660 1360 citra
678 1330 815 1360 Festum
834 1330 1073 1360 Translacionis
1090 1330 1204 1360 Sancti
1220 1329 1359 1367 Thome,
1376 1330 1532 1368 Martiris,
1551 1341 1622 1370 pre-

247 1371 387 1410 dictum,
404 1373 560 1403 distincte
577 1376 609 1403 et
626 1376 748 1413 aperte,
767 1383 834 1403 una
850 1383 925 1403 cum
949 1373 1141 1403 nominibus
1165 1376 1199 1403 et
1221 1373 1472 1413 cognominibus
1495 1374 1622 1404 solven-

249 1416 336 1445 cium
354 1419 388 1446 et
405 1427 470 1446 non
495 1417 707 1454 solvencium,
733 1427 769 1446 ac
792 1416 902 1447 valore
925 1417 1074 1447 omnium
1098 1419 1132 1446 et
1154 1416 1361 1456 singulorum
1384 1417 1623 1447 Beneficiorum

246 1458 328 1489 dicti
352 1459 648 1490 Archidiaconatus
672 1460 915 1498 estimatorum,
933 1460 996 1490 sub
1012 1459 1129 1490 vestris
1146 1459 1264 1490 clausis
1280 1460 1410 1498 Literis,
1429 1460 1541 1491 debite
1557 1471 1623 1491 cer-

246 1501 372 1533 tificare
388 1503 520 1534 curetis.

203 1544 255 1576 On
287 1545 345 1576 the
376 1556 465 1577 same
496 1547 561 1586 day
592 1546 716 1577 similar
742 1546 978 1577 Commissions
1010 1557 1093 1577 were
1125 1546 1273 1577 directed
1304 1550 1340 1577 to
1371 1547 1430 1578 the
1454 1547 1567 1578 Abbat
1589 1548 1624 1578 of

246 1586 355 1628 Torre,
373 1589 432 1620 the
455 1590 569 1620 Abbat
591 1590 626 1620 of
649 1590 827 1628 Hartland,
846 1590 911 1620 and
935 1589 993 1620 the
1018 1590 1111 1620 Prior
1133 1590 1168 1620 of
1194 1590 1344 1628 Bodmin,
1363 1590 1414 1620 for
1438 1590 1496 1621 the
1520 1591 1622 1622 Arch-

244 1632 433 1663 deaoonries
456 1633 490 1663 of
513 1633 646 1670 Totnes,
664 1633 870 1673 Barnstaple,
894 1633 957 1663 and
986 1633 1149 1664 Cornwall
1172 1633 1390 1674 respectively
1409 1644 1417 1670 ;
1440 1635 1505 1665 and
1531 1635 1622 1664 Man-

244 1675 338 1706 dates
365 1686 449 1706 were
474 1680 549 1707 sent
579 1680 615 1706 to
646 1676 703 1707 the
736 1676 966 1707 Archdeacons
990 1677 1158 1717 severally¹
1183 1677 1355 1717 requiring
1386 1678 1488 1715 them,
1518 1679 1624 1709 under

243 1729 352 1749 severe
371 1720 539 1759 penalties,
557 1723 593 1751 to
608 1720 682 1760 give
698 1720 761 1750 full
778 1720 844 1750 and
860 1720 1053 1750 immediate
1069 1720 1237 1750 attention
1255 1723 1289 1750 to
1306 1721 1374 1751 this
1392 1721 1553 1752 business.

199 1771 368 1807 87.—Pro
395 1773 614 1804 Parliamento
639 1774 671 1811 (“
684 1774 773 1814 apud
797 1774 1142 1813 VVestmmasterium,
1168 1773 1221 1804 die
1247 1774 1340 1804 Lune
1370 1775 1520 1814 proxima
1547 1778 1624 1816 post

241 1816 379 1847 Festum
412 1817 526 1848 Sancti
558 1817 688 1848 Hillarii
719 1817 869 1857 proximo
899 1817 1056 1848 futurum
1071 1818 1283 1857 ⁷¹).——-Tested
1313 1821 1348 1848 at
1377 1818 1622 1857 Westminster,

240 1861 280 1891 20
297 1860 577 1892 Oct.—Received
594 1861 627 1891 in
645 1861 794 1900 London,
813 1862 851 1892 14
869 1861 953 1892 Nov.

88 1909 165 1937 AD·
195 1913 368 1949 88.—Pro
392 1915 557 1954 ιΙοῘιοιηηοι,
583 1916 693 1946 relicta
720 1915 869 1946 Willelmi
902 1915 1145 1947 Imma—Cum
1173 1915 1328 1947 Johanna
1356 1926 1421 1957 que
1448 1916 1515 1947 fuit
1541 1927 1624 1948 uxor

90 1943 163 1971 1379.

90 1978 131 2004 80.

7 2883 14 2954 ην·-
0 2342 6 2598 amm-mu

237 1958 395 1988 Willelmi
411 1959 526 1997 Walle,
544 1960 577 1990 in
596 1959 695 1990 Curia
712 1962 834 1998 nostra,
852 1962 924 1998 etc,
943 1962 1083 1998 peteret,
1102 1969 1216 1990 versus
1234 1959 1421 1990 Walterum
1439 1960 1571 1991 Graunt
1588 1964 1623 1992 et

239 2001 429 2032 Johannam
447 2013 583 2033 uxorem
600 2002 685 2043 ejus,
705 2003 841 2033 terciam
866 2006 995 2042 partem
1012 2006 1157 2043 quatuor
1179 2013 1330 2034 acrarum
1354 2007 1452 2041 terre,
1476 2007 1622 2044 quatuor

241 2055 391 2075 acrarum
410 2046 506 2085 prati,
524 2049 558 2076 et
574 2046 723 2087 quinque
746 2046 962 2076 solidatarum
980 2049 1014 2076 et
1031 2048 1176 2086 quatuor
1199 2047 1435 2078 denaratarum
1458 2047 1620 2086 redditus,

240 2098 316 2118 cum
333 2089 555 2128 pertinenciis,
572 2089 606 2120 in
626 2090 944 2130 Chepyngtorytone
960 2088 1073 2129 [Greac
1091 2089 1298 2129 Turrinyton]
1316 2101 1323 2128 ;
1348 2093 1392 2128 et,
1406 2101 1520 2121 versus
1536 2091 1619 2121 Wal-

241 2134 353 2162 terum
381 2132 495 2163 Broun
523 2136 557 2163 et
583 2133 772 2164 Johannam
799 2143 937 2164 uxorem
968 2133 1051 2173 ejus,
1077 2136 1111 2163 et
1141 2133 1339 2171 Johannem,
1366 2134 1472 2164 filium
1503 2144 1619 2164 eorun-

239 2174 315 2205 dem
338 2175 477 2206 Walteri
501 2179 535 2206 et
557 2176 720 2215 Johanne,
737 2176 873 2207 terciam
899 2179 1028 2216 partem
1051 2180 1125 2206 octo
1149 2187 1299 2207 acrarum
1324 2180 1420 2215 terre,
1447 2187 1523 2208 cum
1548 2188 1619 2216 per-

241 2218 403 2257 tinenciis,
428 2219 461 2249 in
485 2220 600 2250 eadem
628 2220 736 2257 Villa3
760 2223 803 2257 et,
827 2230 942 2250 versus
966 2219 1155 2250 Johannem
1182 2220 1452 2260 Parthymenter,
1480 2221 1617 2251 terciam

241 2265 370 2301 partem
409 2263 508 2293 unius
533 2263 691 2303 mesuagii
715 2267 749 2294 et
771 2264 916 2293 duarum
939 2273 1089 2293 acrarum
1114 2267 1209 2301 terre,
1235 2273 1310 2293 cum
1336 2263 1560 2302 pertinenciis,
1585 2264 1620 2294 in

241 2305 355 2335 eadem
373 2305 470 2343 Villa,
498 2309 537 2336 ut
559 2306 674 2337 dotem
698 2317 802 2345 suam,
828 2317 868 2337 ex
892 2306 1065 2336 dotacione
1088 2306 1230 2345 predicti
1258 2306 1422 2342 willelmi,
1447 2307 1618 2346 quondam

242 2347 306 2378 viri
322 2348 372 2378 sui
392 2358 399 2386 3
416 2349 515 2379 iidem
534 2348 707 2380 VValterus
731 2350 862 2380 Graunt
879 2352 913 2379 et
930 2349 1084 2380 Johanna
1106 2359 1191 2379 uxor
1214 2348 1297 2388 ejuS‚
1316 2349 1482 2380 walterus
1508 2350 1619 2381 Broun

241 2393 276 2421 et
291 2391 445 2422 Johanna
462 2403 546 2423 uxor
569 2392 652 2432 ejus,
670 2396 704 2423 et
720 2391 900 2431 Johannes,
926 2392 1014 2422 filius
1038 2392 1220 2422 eorundem
1247 2392 1383 2423 Walteri
1399 2396 1434 2423 et
1450 2393 1616 2432 Johanne,

243 2436 277 2464 et
293 2434 462 2465 Johannes
481 2435 739 2475 Parthymenter
755 2439 869 2476 postea
887 2435 978 2466 venit
993 2435 1026 2465 in
1044 2435 1159 2465 eadem
1179 2435 1278 2465 Curia
1301 2438 1424 2473 nostra,
1442 2438 1476 2466 et
1491 2446 1618 2476 separa-

243 2477 305 2507 tim
328 2477 488 2508 dixerunt
510 2479 601 2518 quod
624 2479 772 2518 predicta
795 2478 949 2510 Johanna
972 2488 1037 2518 que
1060 2477 1127 2508 fuit
1152 2488 1235 2508 uxor
1260 2478 1416 2509 Willelmi
1440 2480 1553 2510 dotem
1578 2480 1619 2510 de

245 2520 354 2551 terciis
371 2521 521 2560 partibus
538 2522 693 2560 predictis
709 2522 744 2552 in
760 2522 821 2552 hac
837 2524 930 2561 parte
954 2521 1074 2552 habere
1099 2531 1164 2551 non
1189 2521 1333 2560 deberet,
1359 2523 1438 2561 quia
1460 2523 1620 2554 dixerunt

244 2563 335 2603 quod
365 2564 479 2594 eadem
509 2564 664 2595 Johanna
689 2575 881 2605 nuncquam
905 2564 972 2594 fuit
996 2564 1124 2604 prefato
1148 2564 1315 2595 willelmo
1339 2565 1444 2596 Walle
1467 2566 1618 2605 legitimo

244 2606 456 2637 matrimonio
474 2608 636 2647 copulata,
654 2611 688 2638 et
709 2608 794 2638 illud
819 2608 1060 2648 pretenderunt
1075 2607 1250 2638 verificare.
1296 2607 1349 2638 Ad
1366 2609 1455 2648 quod
1472 2610 1620 2649 predicta

244 2649 399 2680 Johanna
414 2660 479 2690 que
495 2650 562 2680 fuit
579 2661 660 2681 uxor
678 2651 843 2689 Willelmi,
861 2651 895 2681 in
912 2651 1026 2680 eadem
1052 2650 1151 2681 Curia
1174 2654 1296 2688 nostra,
1321 2651 1510 2691 replicando
1534 2653 1621 2684 dixit

245 2693 334 2733 quod
352 2693 422 2733 ipsa
446 2693 487 2723 ab
502 2693 633 2724 accione
649 2704 709 2724 sua
725 2694 856 2724 excludi
873 2704 939 2724 non
956 2693 1093 2723 deberet
1108 2693 1141 2723 in
1159 2704 1196 2723 ea
1212 2698 1316 2733 parte,
1334 2695 1413 2734 quia
1428 2696 1514 2726 dixit
1530 2697 1620 2736 quod

245 2736 358 2766 eadem
390 2736 553 2774 Johanna,
577 2737 665 2776 apud
693 2737 1019 2777 Chepyugtorytone,
1044 2737 1077 2767 in
1103 2737 1249 2767 Ecclesia
1272 2738 1386 2769 Sancti
1410 2739 1528 2779 Egidii,
1553 2740 1621 2770 fuit

246 2779 375 2819 prefato
392 2779 557 2809 Willelmo
573 2779 722 2819 legitimo
746 2780 958 2810 matrimonio
981 2780 1146 2819 copulata,
1165 2783 1199 2810 et
1214 2780 1299 2812 illud
1322 2782 1491 2821 pretendit
1515 2783 1620 2814 verifi-

245 2832 318 2853 care
334 2822 392 2853 ubi
408 2824 442 2852 et
457 2823 601 2862 quando.
651 2823 705 2862 Et,
722 2823 800 2863 quia
815 2822 1011 2863 hujusmodi
1028 2823 1133 2854 Oause
1149 2823 1295 2863 cognicio
1310 2824 1352 2855 ad
1368 2825 1479 2856 forum
1492 2829 1622 2866 spectat

248 2865 525 2905 Ecclesiasticum,
543 2865 634 2897 vobis
651 2867 850 2897 mandamus
865 2866 964 2907 quod,
982 2866 1169 2898 convocatis
1180 2877 1289 2899 coram
1303 2868 1395 2899 vobis
1408 2868 1442 2899 in
1455 2869 1515 2900 hac
1528 2872 1622 2910 parte
