1987 3062
333 218 426 260 562
557 227 656 260 THE
681 227 922 260 REGISTER
945 227 1005 258 OF*
1028 227 1207 260 BISHOP
1231 228 1636 262 BRANTYNGHAM.

332 333 408 359 AD·
484 335 592 365 cionis
613 335 744 365 eisdem
768 344 830 373 pro
854 333 1055 373 hujusmodi
1082 333 1276 363 residencia
1302 336 1335 363 ct
1363 334 1497 364 Divinis
1526 334 1655 364 Officiis
1678 335 1714 364 in
1739 335 1859 365 eadem

332 368 425 425 {7334}
486 379 640 409 Ecclesia
667 379 861 417 antiquitus
892 378 1068 416 deputate.
1115 378 1288 416 Alioquin,
1316 378 1343 407 si
1376 378 1574 417 hujusmodi
1608 379 1860 409 Monicionibus

390 420 396 425 ”
430 420 435 425 “
485 423 620 460 vestris,
639 423 767 462 absque
783 423 879 462 justa
895 425 929 451 et
946 421 1150 451 racionabili
1175 431 1279 451 causa
1301 431 1340 451 ac
1366 422 1523 452 cessante
1540 423 1698 459 legitimo
1715 423 1858 462 impedi-

487 470 615 504 mento,
640 476 761 506 parere
782 466 959 496 rebelliter
979 465 1263 504 contempserint,
1281 475 1341 495 seu
1363 466 1492 495 eisdem
1518 467 1717 496 distulerint
1741 469 1860 497 contu-

486 511 633 541 maciter
671 511 819 547 obedire,
856 510 1037 549 porciones
1072 519 1151 539 suas
1188 509 1397 548 hujusmodi,
1434 513 1537 549 prout
1573 510 1861 548 Consffltuciones,

488 554 637 592 Statuta,
656 558 691 584 et
709 554 986 584 Consuetudines
1004 563 1043 583 ac
1064 553 1312 583 Ordinaciones
1329 554 1485 592 predicta
1502 554 1655 593 exigunt,
1672 555 1776 594 prout
1791 555 1860 595 juri

487 599 647 637 congruit
670 599 906 635 subtrahatis;
942 608 1020 628 cum
1042 600 1185 636 propter
1205 597 1354 627 officium
1380 597 1482 627 detur
1500 598 1717 633 beneficium,
1736 609 1775 629 ac
1792 609 1860 628 non

489 643 534 673 sit
551 643 716 673 ferendus
738 642 795 682 qui
813 643 947 672 lucrum
970 642 1203 680 amplectitur,
1229 651 1315 671 onus
1337 644 1455 671 autem
1478 652 1651 672 annexum
1674 643 1788 673 subire
1810 653 1861 672 re-

486 689 595 717 cusat.
642 687 697 716 Ad
716 697 781 726 que
808 686 979 725 premissa
1003 686 1165 715 facienda
1191 685 1289 715 vobis
1314 687 1434 715 tenore
1460 686 1682 716 Presencium
1705 687 1862 716 commit-

488 731 595 761 timus
612 731 705 761 vices
722 734 870 767 nostras,
889 740 978 767 cum,
996 734 1060 759 etc.
1095 730 1139 759 Et
1157 729 1238 768 quid
1256 729 1410 759 feceritis
1426 730 1462 759 in
1479 731 1668 769 premissis,
1686 740 1757 767 nos,
1776 731 1864 760 eitra

488 775 629 805 Festum
656 775 788 805 Pascbe
814 775 970 814 proximo
996 773 1166 811 futurum,
1194 773 1309 803 debite
1338 774 1548 812 certificetis
1573 775 1797 804 etc.—Dated
1826 778 1862 804 at

486 819 686 858 Faringdon
707 817 863 858 (Hants),
881 819 921 848 31
941 818 1142 848 December.

330 872 397 931 {glgb
439 873 725 910 Non-resident
745 871 1006 909 Incumbents
1024 885 1033 917 3
1064 871 1240 908 illoozicio
1259 878 1395 908 contra
1415 886 1495 908 ‘non
1515 872 1787 918 residentes,—

363 924 368 930 ’
400 926 405 932 ’
439 929 541 966 Item,
559 929 650 968 apud
669 928 881 965 Farendone,
900 928 992 957 dicto
1014 927 1138 956 ultimo
1158 927 1212 957 die
1237 927 1392 966 ejusdem
1414 928 1553 965 mensis,
1571 928 1748 958 emanavit
1766 928 1861 958 Man-

486 973 606 1002 datum
625 973 796 1002 directum
813 971 1076 1002 Archidiaconis
1094 971 1234 1008 Exonie,
1253 971 1423 1008 Tottonie,
1443 972 1717 1011 Bammstapolie,
1729 976 1763 1002 et
1782 972 1861 1003 Cor-

485 1017 599 1054 nubie,
629 1027 689 1046 seu
718 1026 837 1046 eorum
867 1016 1089 1050 Officialibus,
1117 1015 1160 1045 ad
1188 1016 1399 1044 monendum
1426 1016 1461 1045 in
1487 1026 1613 1054 genere
1637 1017 1801 1046 Rectores
1828 1020 1863 1046 et

485 1061 641 1091 Vicarios
669 1071 689 1090 a
712 1060 895 1090 Beneficiis
924 1060 1005 1095 suis,
1034 1059 1162 1098 absque
1186 1059 1355 1097 Licencia,
1379 1070 1414 1089 se
1439 1060 1674 1097 absentantes,
1697 1061 1787 1100 quod
1812 1071 1862 1091 re-

485 1105 621 1135 sideant
637 1105 673 1134 in
698 1105 828 1134 eisdem
850 1104 944 1134 intra
964 1114 1119 1133 mensem
1145 1113 1164 1133 a
1186 1106 1342 1142 tempore
1368 1104 1582 1141 Monicionis,
1600 1107 1676 1142 etc„
1694 1105 1757 1135 sub
1774 1115 1863 1144 pena

483 1149 592 1189 juris;
624 1152 670 1187 et,
703 1149 731 1179 si
764 1148 1018 1178 Monicionibus
1050 1147 1250 1186 hujusmodi
1284 1147 1466 1177 Canonicis
1498 1158 1567 1177 non
1598 1149 1789 1187 paruerint,
1818 1149 1861 1178 ad

484 1193 773 1232 sequestrandum
796 1192 942 1228 fruetus,
960 1194 1035 1229 etc.,
1053 1192 1171 1229 donec,
1189 1194 1253 1221 etc.
1302 1191 1346 1220 Et
1363 1192 1445 1230 quid
1460 1191 1609 1221 fecerint
1626 1192 1661 1221 in
1686 1193 1864 1231 premissis

484 1237 614 1267 habent
631 1237 675 1267 ad
692 1236 955 1266 certificandum
974 1235 1172 1271 Dominum,
1187 1245 1247 1264 seu
1263 1235 1501 1265 Presidentem
1521 1236 1725 1266 Consistorii
1739 1237 1862 1266 Exoni-

483 1282 575 1311 ensis
597 1284 633 1311 et
650 1281 935 1311 Commissarium
962 1280 1101 1309 Domini
1125 1279 1340 1317 Generalem,
1360 1279 1447 1309 citra
1466 1280 1607 1310 Festum
1630 1281 1861 1311 Annunciaci-

483 1325 558 1355 onis
576 1325 755 1355 Dominiee
772 1325 929 1364 proximo
946 1324 1115 1353 futurum.

329 1380 423 1438 ἓξὲξ-,5
436 1379 767 1429 Testamentary3
815 1378 1063 1426 ,S'equesm-um
1108 1377 1385 1425 interpositmn
1429 1377 1474 1413 in
1522 1378 1631 1415 bonis
1676 1379 1862 1427 Allayz'slri

328 1446 435 1478 Μωυ-
489 1433 688 1470 Johanm‘s
712 1432 998 1480 Lanylcsw·n‚——

330 1481 608 1525 *mus-J'Phomas,
633 1491 708 1525 etc„
735 1488 913 1526 Magistris
939 1487 1079 1526 Hugoni
1107 1487 1324 1527 Hyckelyng,
1343 1487 1542 1517 Precentori
1568 1488 1720 1518 Eeclesie
1745 1490 1863 1518 nostre

483 1533 701 1563 Cathedralis
719 1532 860 1569 Exonie,
886 1534 921 1561 et
944 1531 1128 1561 Edmundo
1152 1531 1403 1567 Malmeshulle,
1422 1531 1559 1561 Bectori
1583 1532 1735 1562 Ecclesie
1760 1532 1862 1562 Paro-

482 1577 604 1607 chialis
618 1577 659 1606 de
676 1577 924 1616 VVytherugge,
943 1576 1102 1612 salutem,
1120 1575 1318 1605 ete—Cum
1337 1576 1641 1605 Testamentorum
1659 1577 1813 1606 omnium
1827 1580 1862 1606 et

483 1621 700 1660 singulorum
722 1621 758 1650 in
780 1620 931 1650 Civitate
955 1626 990 1649 et
1016 1619 1151 1649 Dibcesi
1176 1620 1304 1648 nostris
1326 1620 1620 1657 beneficiatorum,
1646 1630 1685 1650 ac
1707 1620 1862 1650 Advoca-

483 1670 609 1702 torum,
636 1665 916 1699 Procuratorum,
949 1667 983 1693 et
1015 1666 1209 1693 ceterorum
1243 1664 1482 1693 Ministrorum
1517 1664 1720 1694 Consistorii
1752 1665 1863 1694 nostri

484 1709 700 1745 Exmliensis,
717 1709 775 1748 qui
797 1709 918 1738 testati
939 1708 981 1737 ab
1006 1708 1070 1737 hac
1091 1708 1166 1737 luce
1192 1707 1431 1745 migraverint,
1450 1708 1649 1738 Insinuacio
1674 1713 1708 1738 et
1730 1709 1862 1748 Appro-

483 1754 591 1789 bacio,
616 1763 686 1789 seu,
711 1753 738 1783 si
767 1753 810 1782 ab
839 1753 1007 1782 intestato
1033 1752 1256 1787 decesserint,
1280 1752 1448 1781 bonorum
1470 1753 1658 1782 eorundem
1683 1753 1862 1782 mobilium

483 1797 765 1834 Administracio,
780 1800 814 1826 et
831 1796 1162 1826 Administracionis
1176 1796 1392 1832 Commissio,
1405 1796 1448 1826 ad
1465 1806 1537 1834 nOS,
1550 1800 1584 1826 et
1600 1796 1864 1827 Commissarios

482 1848 620 1872 nostros
632 1841 773 1871 nomine
786 1844 915 1878 nostro,
930 1841 971 1870 de
984 1840 1242 1870 Consuetudine
1256 1840 1421 1869 laudabili
1434 1840 1658 1879 legitimeque
1671 1841 1864 1880 prescripta

483 1886 711 1916 dinoscantur
741 1885 875 1914 notorie
907 1884 1103 1923 pertincre3
1136 1894 1184 1921 ac,
1213 1887 1313 1923 prout
1341 1894 1381 1913 ex
1410 1884 1663 1923 fidedignorum
1692 1885 1863 1915 relacione

484 1930 620 1969 plenius
648 1929 889 1966 informamur,
918 1928 1057 1967 quidam
1090 1928 1268 1957 Johannes
1301 1928 1498 1966 Langkarn,
1524 1928 1678 1965 clericus,
1704 1929 1863 1959 Viearius

485 1974 637 2004 Ecclesie
654 1973 868 2003 Parochialis
893 1972 934 2001 de
961 1972 1107 2001 Suttone
1134 1969 1363 2010 [Plymontli]
1381 1982 1421 2001 ac
1446 1972 1653 2002 Procurator
1675 1973 1759 2002 dicti
1777 1973 1863 2003 Con-

483 2018 611 2048 sistorii
624 2017 746 2055 nostri,
760 2017 863 2046 sortis
875 2016 1025 2045 humane
1043 2016 1198 2045 debitum
1216 2015 1251 2044 in
1270 2015 1420 2045 Civitate
1431 2019 1550 2046 nostra
1560 2017 1718 2055 predicta
1730 2017 1867 2047 noviter

484 2061 704 2102 persolvebat
719 2075 725 2098 3
754 2061 822 2100 qui,
841 2064 878 2090 ut
899 2059 1106 2099 accepimus,
1124 2060 1206 2088 dum
1224 2060 1321 2096 vixit,
1339 2062 1373 2089 et
1398 2060 1521 2089 mortis
1546 2071 1605 2090 sue
1623 2063 1789 2100 tempore,
1807 2071 1864 2091 ere

485 2106 597 2136 alieno
614 2106 779 2135 extiterat
796 2104 1038 2143 multipliciter
1060 2107 1233 2140 oneratus,
1251 2104 1464 2143 diversisque
1482 2105 1721 2142 creditoribus,
1738 2108 1773 2134 et
1789 2115 1864 2144 pre-

486 2150 606 2180 sertim
619 2149 780 2188 Capitulo
792 2149 945 2179 Ecclesie
962 2151 1080 2177 nostre
1098 2148 1312 2183 Exoniensis,
1330 2158 1465 2178 necnon
1481 2149 1735 2179 Archidiacono
1746 2152 1865 2179 nostro

487 2194 683 2231 Exoniensi,
698 2196 732 2223 et
748 2193 905 2232 pluribus
923 2193 1009 2229 aliis⁷
1026 2192 1061 2221 in
1079 2192 1255 2221 nonnullis
1265 2192 1491 2231 pecuniarum
1510 2193 1664 2229 summis,
1678 2196 1716 2222 ut
1728 2193 1865 2231 (licitur,

486 2238 602 2268 fuerat
625 2238 820 2276 obligatus3
848 2247 920 2274 nos,
939 2236 1056 2273 igitur,
1074 2236 1164 2266 bona
1189 2246 1251 2266 sua
1275 2236 1416 2266 mobilia
1439 2237 1555 2266 omnia
1578 2239 1612 2266 et
1636 2237 1780 2275 singula,
1799 2247 1864 2277 que

486 2283 602 2312 obitus
624 2282 676 2311 sui
703 2284 860 2320 tempore
884 2281 920 2310 in
947 2281 1098 2310 Civitate
1124 2282 1158 2310 et
1185 2281 1320 2310 Diocesi
1346 2281 1475 2310 nostris
1499 2281 1663 2319 predictis
1685 2281 1806 2311 habuit
1831 2284 1866 2311 et

486 2326 650 2367 possedit,
668 2326 703 2355 in
720 2335 1014 2365 quorumcumque
1037 2324 1198 2354 manibus
1219 2324 1515 2363 qualitercumque
1539 2325 1738 2362 existencia,
1755 2325 1865 2355 eciam

487 2371 514 2400 si
532 2371 567 2400 in
585 2370 784 2400 nominibus
800 2369 998 2399 debitorum
1015 2368 1227 2404 consistant3
1245 2378 1287 2397 ne
1305 2368 1550 2407 dilapidentur,
1567 2369 1790 2408 dissipentur,
1805 2378 1865 2399 seu

488 2414 741 2444 subtrahantur
761 2413 902 2453 injuste,
920 2416 954 2442 et
979 2422 1022 2442 ne
1051 2412 1240 2442 creditores
1268 2413 1319 2441 sui
1344 2412 1543 2452 hujusmodi
1566 2413 1637 2442 suis
1659 2413 1785 2443 debitis
1809 2413 1865 2443 de-

487 2459 714 2494 fraudentur3
746 2466 786 2487 ac
811 2467 852 2487 ex
883 2457 960 2486 aliis
990 2456 1094 2496 justis
1127 2458 1161 2485 et
1194 2456 1360 2494 legitimis
1391 2456 1505 2486 causis
1529 2466 1592 2486 nos
1616 2457 1651 2486 in
1676 2457 1740 2487 hac
1766 2460 1865 2496 parte

488 2502 719 2539 moventibus,
747 2501 908 2530 duximus
935 2500 1194 2539 sequestranda,
1212 2503 1314 2539 prout
1340 2504 1459 2530 tenore
1485 2500 1707 2530 Presencium
1731 2511 1865 2540 seques-

487 2550 643 2583 tramus3
673 2546 875 2575 Custodiam
898 2544 1097 2583 hujusmodi
1116 2544 1291 2582 Sequestri
1312 2544 1420 2573 nostri
1438 2544 1535 2574 vobis
1558 2545 1594 2573 in
1612 2545 1759 2575 Domino
1776 2555 1866 2575 com-

487 2591 680 2620 mittentes.
720 2589 886 2627 Quocirca
898 2588 1004 2625 vobis,
1022 2588 1235 2627 conjunctim
1254 2590 1287 2617 et
1305 2588 1452 2623 divisim,
1471 2588 1618 2618 firmiter
1633 2589 1866 2628 injungentes,

487 2634 739 2665 committimus
763 2636 798 2663 et
822 2632 1030 2662 mandamus
1052 2632 1216 2671 quatinus
1238 2632 1437 2671 hujusmodi
1464 2632 1687 2671 Sequestrum
1709 2635 1867 2663 nostrum

487 2679 523 2708 in
544 2679 644 2708 bonis
665 2677 832 2717 predictis
856 2676 965 2706 fuisse
990 2679 1024 2705 et
1042 2686 1116 2705 esse
1140 2676 1396 2714 interpositum,
1421 2676 1505 2706 locis
1524 2678 1559 2706 et
1583 2677 1798 2716 temporibus
1823 2677 1867 2707 ad

488 2723 551 2752 hec
568 2722 680 2761 magis
697 2721 860 2760 congruis
878 2723 912 2750 et
929 2720 1119 2759 oportunis,
1138 2720 1363 2759 solempniter
1379 2720 1572 2759 publicetis,
1591 2730 1629 2750 ac
1648 2721 1737 2750 bona
1748 2721 1866 2761 hujus-

488 2767 581 2796 modi
600 2766 663 2796 sub
687 2768 764 2795 arto
787 2767 823 2795 et
847 2765 941 2794 salvo
966 2764 1171 2794 custodiatis
1197 2763 1391 2803 Sequestro,
1410 2764 1511 2794 sicuti
1536 2764 1577 2794 de
1602 2765 1732 2794 eisdem
1752 2766 1868 2795 vestro

490 2810 667 2841 volueritis
682 2809 835 2851 periculo
850 2808 1070 2851 respondere.
1116 2807 1310 2837 Inhibendo
1326 2808 1441 2849 palam
1458 2810 1493 2837 et
1509 2818 1679 2851 expresse,
1694 2809 1757 2838 sub
1770 2809 1868 2851 penis
