1987 3062
308 224 403 267 204

307 336 340 362 A.
347 336 381 362 D.

307 369 380 396 1379.

307 403 369 429 Vol.

308 436 347 462 11.

308 948 354 973 fol.
371 947 430 973 19b.

506 234 605 266 THE
641 234 881 268 REGISTER
916 235 974 268 OF
1010 235 1186 269 BISHOP
1221 235 1620 271 BRANTYNGHAM.

457 339 498 370 de
511 339 542 370 la
558 340 654 371 value
670 341 711 371 de
723 341 749 372 C
762 351 870 372 marcz
883 351 942 381 par
957 351 1008 379 an,
1023 344 1056 371 et
1069 343 1165 371 outre
1181 343 1307 382 tanque
1319 353 1337 372 a
1351 342 1435 373 OOC
1448 352 1564 381 marcz,
1576 342 1702 373 chacun
1718 353 1737 372 a
1752 341 1830 373 xxd.

457 382 554 422 Item,
570 384 726 424 Moignes,
740 384 956 424 Chanoignes,
983 384 1135 422 Noneux,
1153 388 1187 415 et
1203 389 1315 415 autres
1325 385 1475 416 hommes
1492 389 1526 416 et
1541 386 1680 416 femmes
1693 386 1733 416 de
1747 385 1833 416 Reli-

456 426 532 465 gion
549 437 720 467 qeconqes,
738 437 827 467 qeux
845 431 922 457 sont
945 428 1002 458 des
1026 427 1171 458 Maisons
1187 429 1228 458 de
1244 428 1275 458 la
1292 429 1387 459 value
1403 430 1444 459 de
1460 429 1528 460 xlli.
1547 440 1605 469 par
1620 440 1672 467 an,
1690 432 1723 459 et
1739 431 1835 459 outre

458 473 583 510 tanque
606 481 624 500 a
650 472 674 501 G
690 481 806 509 marcz,
824 471 947 501 chacun
966 482 984 500 a
1000 471 1081 510 xijd.
1131 471 1228 510 Item,
1245 474 1323 502 touz
1346 475 1458 503 autres
1482 472 1630 503 hommes
1646 475 1680 503 et
1696 473 1836 503 femmes

458 515 499 544 de
517 514 667 553 Religion
685 524 773 553 qeux
785 518 861 544 sont
874 514 930 544 des
945 514 1088 544 Maisons
1104 514 1243 545 dedeinz
1260 515 1289 545 la
1309 516 1403 546 value
1419 516 1460 546 de
1478 515 1545 546 xlli.
1566 526 1625 556 par
1640 526 1692 553 an,
1706 518 1740 546 et
1756 518 1835 545 touz

460 558 571 588 Clercs
598 557 692 587 nient
717 568 855 587 avances
876 567 917 587 ne
941 557 1124 596 beneficiez,
1153 557 1194 588 de
1222 558 1299 598 quel
1324 559 1427 590 Ordre
1451 570 1493 589 ou
1518 562 1604 590 estat
1628 559 1690 599 qils
1713 558 1832 596 soient,

459 600 594 640 forspris
611 610 694 630 ceux
711 611 750 640 qe
767 604 843 631 sont
859 600 954 631 deinz
971 600 1041 640 lage
1058 601 1098 631 de
1122 601 1177 641 xvj
1197 612 1264 640 ans,
1282 605 1317 632 et
1334 602 1443 633 Oleros
1460 602 1687 640 Mendinantz,
1707 602 1835 632 chacun

459 657 477 675 a
492 644 576 684 iiijd.
627 644 723 682 item,
742 646 819 674 touz
836 643 1004 674 Advocatz
1028 646 1062 675 et
1087 644 1323 675 Procuratours
1347 648 1380 675 et
1404 646 1556 676 Notaries
1580 646 1675 676 nient
1697 655 1836 676 avancez

458 698 499 718 ne
523 687 652 725 mariez,
670 686 796 717 chacun
820 697 837 717 a
862 687 1065 725 xld.,—Nos‚
1083 688 1231 718 volentes
1255 688 1295 718 de
1326 689 1415 719 dicto
1439 689 1603 728 Subsidio,
1627 689 1726 729 juxta.
1751 689 1833 719 Con-

460 731 639 761 cessionem
664 730 846 770 predictam
870 731 1061 771 responderi
1084 734 1185 771 prout
1208 731 1312 770 decet,
1329 732 1421 762 vobis
1445 733 1642 763 mandamus
1665 732 1755 772 quod
1778 731 1835 762 ali-

459 785 542 815 quos
573 774 659 804 viros
691 773 873 812 fidedignos
898 775 939 804 de
965 774 1060 805 Clero
1085 778 1194 805 vestre
1223 775 1377 814 Diocesis,
1405 786 1463 815 pro
1490 776 1613 816 quibus
1636 775 1835 815 respondere

460 817 640 855 volueritis,
665 817 706 847 ad
731 817 860 847 dictum
884 817 1079 848 Subsidium
1102 818 1136 848 in
1161 818 1250 849 dicta
1273 822 1382 849 vestra
1406 819 1547 857 Diocesi,
1572 819 1671 859 juxta
1693 819 1835 849 formam

461 860 687 892 Concessionis
701 860 856 900 predicte,
870 860 1049 891 levandum
1067 864 1102 891 et
1118 862 1351 902 colligendum,
1363 866 1464 902 prout
1480 862 1581 893 moris
1598 865 1657 901 est,
1672 862 1836 901 assignare

462 904 600 942 faciatis,
620 904 707 943 ipsos
733 903 818 933 viros
842 915 900 942 per
923 915 1036 934 eorum
1061 908 1266 935 sacramenta
1289 905 1440 936 districte
1461 909 1635 936 onerantes
1659 906 1749 946 quod
1772 905 1837 945 ipsi

460 948 590 979 fidelem
621 947 832 977 assessionem
859 947 1006 978 Subsidii
1029 948 1168 987 predicti
1191 959 1290 988 super
1320 949 1588 989 quibuscumque
1623 948 1770 988 personis
1805 951 1839 978 et

460 991 539 1022 viris
557 991 793 1021 Ecclesiasticis
810 991 898 1021 dicte
915 994 1023 1021 vestre
1040 991 1195 1030 Dioeesis‚
1213 991 1312 1032 juxta
1328 993 1470 1022 formam
1495 993 1583 1022 dicte
1609 991 1835 1023 Concessionis

460 1035 592 1071 faciant,
610 1035 734 1074 absque
751 1034 862 1064 favore
879 1034 977 1064 alicui
994 1034 1027 1064 in
1045 1034 1105 1065 hac
1122 1039 1216 1075 parte
1240 1035 1397 1066 faciendo.
1446 1036 1498 1066 Ita
1522 1036 1611 1076 quod
1634 1036 1736 1066 iidem
1761 1035 1834 1066 Col-

461 1078 600 1109 lectores
616 1078 656 1107 de
674 1077 864 1107 nominibus
881 1087 916 1107 ac
933 1078 1037 1117 gradu
1054 1081 1088 1108 et
1104 1080 1197 1109 statu
1221 1078 1371 1109 omnium
1396 1081 1430 1109 et
1453 1078 1661 1118 singulorum
1686 1089 1770 1119 quos
1793 1078 1835 1108 ad

460 1121 653 1152 Subsidium
671 1120 754 1150 illud
771 1120 906 1150 assideri
922 1121 1098 1160 contigerit
1114 1121 1147 1151 in
1165 1125 1318 1161 compoto
1331 1132 1390 1152 suo
1403 1122 1446 1152 ad
1462 1122 1669 1153 Scaccarium
1682 1125 1836 1152 nostrum

460 1165 603 1195 fideliter
620 1163 812 1202 certificent,
829 1167 863 1193 et
879 1164 974 1194 nobis
991 1164 1031 1194 de
1049 1164 1203 1195 Subsidio
1220 1165 1369 1204 predicto
1386 1165 1467 1195 citra
1483 1165 1644 1196 terminos
1661 1165 1836 1205 predictos,

461 1208 511 1239 vel
536 1208 569 1238 in
593 1208 716 1238 eisdem
741 1206 894 1237 terminis
923 1207 965 1237 ad
990 1207 1159 1246 ultimum,
1184 1208 1327 1239 fideliter
1358 1209 1589 1248 respondeant,
1614 1212 1648 1239 et
1672 1219 1728 1239 vos
1752 1209 1835 1239 The-

460 1251 644 1282 saurarium
662 1253 695 1281 et
713 1251 857 1281 Barones
879 1251 919 1280 de
936 1251 1102 1281 Scaccario
1119 1254 1232 1282 nostro
1256 1252 1297 1282 de
1320 1252 1511 1282 nominibus
1534 1252 1666 1283 illorum
1691 1262 1773 1293 quos
1796 1252 1837 1282 ad

461 1295 522 1326 hoc
538 1294 788 1335 deputaveritis,
803 1294 885 1324 citra
899 1294 1036 1325 Festum
1054 1294 1249 1325 Nativitatis
1265 1295 1379 1326 Sancti
1395 1296 1415 1326 J
1419 1295 1558 1326 ohannis
1575 1296 1726 1336 Baptiste
1742 1306 1836 1335 prox-

461 1339 527 1370 imo
543 1339 710 1375 futurum,
729 1337 886 1368 distincte
902 1340 937 1368 et
953 1341 1065 1377 aperte
1082 1338 1278 1370 certificetis.
1309 1339 1354 1369 Et
1366 1339 1436 1377 hoc,
1450 1339 1537 1369 sicut
1553 1349 1613 1370 nos
1629 1343 1664 1370 et
1679 1339 1838 1370 honorem

460 1385 614 1413 nostrum
638 1392 674 1411 ac
697 1381 916 1411 salvacionem
940 1381 1084 1412 Ecclesie
1111 1385 1145 1412 et
1173 1382 1278 1421 Regni
1306 1382 1532 1422 predictorum
1556 1383 1703 1422 diligitis,
1732 1382 1836 1413 nulla-

460 1429 559 1457 tenus
583 1425 902 1455 omittatis—Teste
927 1435 979 1454 me
1009 1424 1089 1464 ipso,
1114 1426 1202 1465 apud
1225 1426 1573 1464 XVestmonasterium,
1601 1426 1633 1467 vj
1658 1426 1711 1456 die
1734 1425 1837 1465 Junii,

461 1470 558 1500 Anno
580 1468 685 1507 Regni
709 1468 815 1498 nostri
837 1468 1204 1507 secundo.-Volentes‚
1222 1479 1308 1507 vero,
1326 1480 1385 1509 pro
1409 1469 1455 1500 rei
1479 1469 1610 1509 publice
1635 1469 1782 1500 utilitate
1805 1473 1840 1500 et

461 1512 604 1543 Ecclesie
620 1511 812 1551 Anglicane,
828 1514 862 1542 et
878 1511 958 1542 dicti
976 1511 1110 1542 Domini
1126 1512 1231 1542 nostri
1254 1513 1352 1552 Regis
1377 1512 1531 1552 Clerique
1547 1516 1581 1544 et
1598 1513 1710 1553 populi
1735 1512 1839 1553 Regni

460 1557 512 1587 sui
529 1555 647 1595 Anglie
664 1555 845 1585 necessaria
855 1555 1054 1594 defensione,
1069 1566 1144 1585 cum
1161 1555 1329 1586 celeritate
1342 1556 1489 1596 possibili
1501 1556 1629 1587 dictum
1643 1556 1839 1587 Subsidium

464 1600 505 1630 ad
530 1609 628 1630 usum
652 1598 856 1638 hujusmodi,
880 1609 899 1628 a
923 1598 1000 1629 viris
1024 1602 1059 1629 et
1082 1599 1230 1638 personis
1261 1599 1509 1638 Ecclesiasticis,
1534 1602 1604 1630 tam
1628 1599 1839 1631 Secularibus

460 1653 561 1683 quam
579 1642 809 1682 Regularibus,
829 1642 993 1682 exemptis
1017 1645 1051 1672 et
1074 1652 1139 1672 non
1164 1643 1336 1683 exemptis,
1354 1643 1568 1683 privilegiatis
1592 1646 1626 1674 et
1649 1653 1715 1674 non
1739 1642 1838 1683 privi-

461 1686 600 1725 legiatis,
628 1685 779 1726 superius
807 1686 1014 1725 expressatis,
1043 1696 1100 1725 per
1127 1689 1240 1717 totum
1267 1686 1583 1717 Archidiaconatum
1616 1687 1837 1717 Exoniensem

460 1730 664 1769 ubicumque
687 1729 881 1759 constitutis
906 1729 1188 1767 (Mendicantibus
1212 1733 1246 1759 et
1268 1733 1393 1761 etatem
1418 1730 1473 1770 xvj
1500 1740 1664 1760 annorum
1688 1730 1837 1760 nondum

460 1772 707 1813 attingentibus
718 1772 897 1803 dumtaxat
909 1772 1082 1812 exceptis),
1097 1773 1193 1812 exigi,
1205 1773 1322 1813 colligi,
1337 1776 1371 1804 et
1383 1773 1494 1811 levari,
1509 1773 1591 1804 utin
1604 1773 1755 1804 terminis
1766 1783 1836 1813 pre-

461 1817 558 1847 dictis
575 1816 703 1856 prefato
720 1816 864 1846 Domino
885 1815 962 1854 Regi
986 1816 1110 1855 poterit
1133 1816 1285 1846 satisfieri
1308 1816 1455 1855 indilate,
1479 1816 1579 1856 juxta
1601 1827 1733 1846 omnem
1758 1817 1835 1856 vim,

462 1860 613 1898 formam,
631 1862 666 1889 et
682 1860 837 1889 effectum
855 1858 1081 1890 Concessionis
1097 1869 1134 1890 ac
1150 1859 1263 1889 Brevis
1281 1859 1373 1899 Regii
1397 1859 1572 1890 memorati
1590 1870 1597 1897 ;
1621 1860 1661 1890 ad
1685 1859 1836 1900 colligen-

462 1903 554 1941 dum,
578 1903 690 1942 igitur,
707 1902 897 1940 levandum,
922 1904 956 1932 et
979 1902 1205 1942 recipiendum
1229 1902 1269 1932 ab
1293 1902 1447 1933 omnibus
1471 1905 1505 1933 et
1527 1903 1666 1943 singulis
1690 1903 1838 1943 personis

463 1945 700 1978 Ecclesiasticis
716 1945 948 1985 suprascriptis
972 1945 1101 1976 dictum
1124 1945 1330 1985 Subsidium,
1348 1950 1513 1986 quatenus
1536 1946 1578 1976 ad
1601 1946 1748 1986 ipsarum
1772 1946 1836 1977 sin-

461 1990 555 2030 gulas
570 1989 670 2030 juxta
684 1988 826 2019 formam
840 1988 1066 2019 Concessionis
1079 1989 1226 2028 predicte
1242 1989 1376 2027 attinet,
1389 1989 1471 2020 citra
1483 1990 1582 2020 Festa
1598 1990 1838 2021 Translacionis

462 2034 577 2065 Sancti
592 2033 729 2070 Thome,
747 2031 902 2070 Martiris,
920 2034 955 2063 et
978 2032 1174 2063 Nativitatis
1197 2033 1298 2063 Beate
1322 2033 1424 2063 Marie
1447 2033 1625 2071 antedicta,
1644 2044 1701 2073 per
1723 2036 1836 2064 totum

461 2076 775 2108 Archidiaconatum
793 2075 1024 2113 Exoniensem,
1042 2086 1108 2116 quo
1124 2076 1165 2106 ad
1189 2078 1361 2117 exemptos
1384 2076 1583 2107 auctoritate
1607 2077 1721 2107 Brevis
1744 2077 1838 2117 Regii

462 2120 645 2158 memorati,
664 2129 730 2159 quo
753 2119 794 2149 ad
819 2129 884 2149 non
909 2122 1081 2159 exemptos
1105 2123 1227 2157 nostra,
1245 2130 1302 2150 vos
1327 2120 1543 2151 Collectorem
1561 2123 1676 2150 tenore
1700 2121 1834 2151 Presen-

461 2164 548 2195 cium
566 2164 769 2203 deputamus
785 2173 792 2200 ;
817 2173 862 2201 ac,
880 2162 993 2201 eciam,
1005 2163 1047 2193 ad
1064 2163 1295 2203 deputandum
1313 2163 1446 2194 nomine
1463 2166 1572 2194 vestro
1588 2163 1667 2194 alias
1683 2174 1838 2203 personas

462 2207 717 2243 Ecclesiasticus,
736 2216 818 2246 quas
835 2208 944 2236 vestro
961 2206 1106 2246 periculo
1122 2206 1215 2237 vobis
1231 2206 1401 2237 videbitur
1424 2207 1642 2247 deputandas,
1659 2207 1702 2238 ad
1724 2207 1834 2238 levan-

462 2252 554 2289 dum,
572 2250 804 2290 colligendum,
818 2252 851 2280 et
867 2249 1095 2289 recipiendum
1112 2249 1240 2280 dictum
1258 2250 1461 2288 Subsidium,
1475 2250 1558 2281 citra
1571 2250 1668 2281 Festa
1679 2250 1836 2290 predicta,

462 2306 481 2325 a
503 2294 642 2334 singulis
660 2293 807 2333 personis
824 2293 976 2332 superius
1000 2292 1161 2331 limitatis,
1180 2296 1280 2333 prout
1302 2293 1449 2333 ipsarum
1473 2293 1619 2333 singulas
1642 2294 1836 2333 concernit;

462 2338 593 2377 quibus,
611 2337 723 2375 eciam,
740 2336 887 2376 singulis,
906 2346 982 2366 cum
1006 2339 1171 2376 potestate
1194 2336 1397 2366 fulminandi
1420 2347 1647 2377 quascumque
1672 2337 1836 2368 Censuras

462 2380 706 2412 Ecclesiasticas
722 2380 755 2410 in
771 2379 908 2410 rebelles
932 2382 966 2410 et
990 2390 1055 2410 non
1079 2379 1252 2418 solventes,
1271 2380 1356 2410 vices
1379 2384 1508 2410 nostras
1531 2380 1783 2420 committimus,
1800 2391 1838 2411 ac

460 2425 546 2464 ipsas
563 2434 718 2464 personas
742 2423 950 2463 deputandas
974 2433 1032 2462 per
1054 2433 1111 2453 vos
1137 2423 1299 2454 Canonice
1322 2423 1540 2462 compellendi
1564 2428 1603 2454 ut
1626 2427 1756 2464 recepta.
1780 2434 1838 2464 per

463 2467 608 2507 singulas
631 2466 821 2505 earundem,
838 2476 915 2496 cum
938 2466 1129 2496 nominibus
1152 2469 1185 2497 et
1208 2466 1459 2506 cognominibus
1475 2467 1678 2498 solvencium
1712 2470 1748 2498 et
1771 2477 1837 2498 non

461 2511 664 2542 solvencium
687 2510 715 2540 si
738 2509 795 2550 qui
818 2509 954 2547 fuerint,
972 2509 1063 2540 vobis
1086 2509 1293 2549 integraliter
1309 2509 1450 2540 liberent
1466 2510 1548 2541 citra
1564 2511 1663 2541 Festa
1679 2510 1836 2551 predicta,

463 2564 587 2594 vosque
603 2557 636 2584 et
653 2563 790 2593 persone
807 2553 953 2593 predicte
969 2553 1010 2583 ad
1027 2553 1155 2583 dictum
1172 2552 1376 2591 Subsidium,
1395 2556 1496 2593 prout
1511 2564 1569 2584 vos
1586 2557 1779 2594 vestrosque
1802 2557 1837 2584 et

464 2598 550 2637 ipsas
568 2596 744 2635 concernit,
762 2596 980 2627 contribuatis
997 2599 1032 2627 et
1048 2596 1262 2626 contribuant
1286 2596 1397 2626 debite
1412 2606 1419 2634 ;
1443 2597 1600 2636 quodque
1623 2607 1756 2627 omnem
1781 2608 1834 2637 pe-

463 2640 595 2671 cuniam
622 2640 656 2670 in
684 2639 745 2670 hac
772 2643 865 2679 parte
890 2639 1070 2678 collectam,
1097 2639 1165 2669 sive
1196 2639 1423 2679 colligendam,
1451 2640 1492 2669 ad
1524 2640 1732 2671 Scaccarium
1755 2641 1836 2671 dicti

462 2683 597 2714 Domini
620 2683 726 2714 nostri
752 2683 847 2722 Regis
871 2683 905 2713 in
930 2682 1037 2713 Festis
1061 2682 1302 2713 Translacionis
1326 2683 1439 2713 Sancti
1461 2683 1597 2721 Thome,
1623 2683 1778 2722 Martii-is,
1802 2686 1836 2714 et

465 2726 661 2757 Nativitatis
685 2726 786 2757 Beate
810 2726 912 2756 Marie
935 2726 1101 2766 predictis,
1125 2725 1268 2756 fideliter
1298 2726 1514 2766 persolvatis;
1548 2726 1651 2765 vobis,
1675 2727 1716 2757 de
1739 2727 1836 2767 cujus

462 2769 624 2800 fidelitate
640 2772 675 2800 et
690 2769 856 2800 industria
870 2769 1003 2809 plenam
1018 2768 1173 2800 fiduciam
1189 2769 1223 2799 in
1246 2769 1390 2800 Domino
1406 2769 1605 2808 obtinemus,
1622 2772 1736 2800 tenore
1760 2770 1836 2801 Pre-

463 2813 611 2844 sencium
628 2812 871 2843 committimus
887 2812 973 2844 vices
990 2815 1130 2851 nostras,
1149 2822 1224 2843 cum
1241 2811 1423 2852 cujuslibet
1440 2812 1586 2844 Censure
1612 2812 1837 2844 Ecclesiastico

1976 1475 1987 1544 ,κυνι-ιι
1979 1377 1987 1466 ..uuna-a-
