1987 3062
467 277 758 312 REGISTRUM
795 276 1259 312 ooMMUNE—ANNO
1298 264 1358 310 3⁰.
1606 266 1698 309 315

159 378 234 405 Α-Ὀ·
308 382 386 414 chos
409 381 560 422 ejusdem
585 382 787 422 Monasterii,
812 382 929 423 primo,
953 381 1107 419 secundo,
1132 383 1168 412 et
1190 380 1293 412 tercio
1316 391 1353 411 ac
1376 380 1610 421 peremptorie,
1636 381 1700 412 sub

159 412 247 472 {53⁶1
308 435 394 467 pena
410 425 569 456 Excomm
577 426 775 457 unicacionis
793 426 1087 467 Majoris,-quam
1103 425 1136 456 in
1152 434 1326 465 personam
1341 424 1524 465 cujuslibet
1536 427 1698 464 vestrum,

215 465 221 472 ’
252 465 258 472 '
306 468 447 500 Abbatis
473 472 508 500 et
531 469 750 509 singularium
774 470 1024 508 Monachorum,
1041 469 1068 500 si
1097 468 1290 509 prescriptis
1305 470 1340 499 et
1357 468 1579 508 infrascriptis
1603 468 1701 499 Ordi-

310 512 505 543 nacionibus
529 513 653 544 nostris
676 523 742 544 non
767 513 946 553 parueritis
969 523 1045 544 cnm
1070 513 1308 549 effectu,mora
1324 514 1359 542 et
1375 511 1472 552 culpa
1491 511 1611 542 vestris
1628 521 1701 552 pre-

311 555 517 593 cedentibus,
535 566 676 595 exnunc,
694 560 795 597 prout
811 560 945 595 extunc,
962 556 1103 587 ferimus
1118 556 1153 586 in
1170 555 1233 586 hiis
1249 555 1490 595 Scriptis‚—ut
1503 555 1616 585 nullus
1631 565 1699 586 ves-

313 604 406 631 trum
423 599 465 629 de
481 602 602 638 cetero,
627 603 723 630 extra
746 600 891 631 officium
919 600 982 630 sibi
1012 600 1207 637 limitatum,
1227 598 1379 629 denarios
1403 598 1444 629 de
1468 598 1608 633 ballivis,
1627 609 1699 639 pre-

310 642 439 684 positis,
467 642 613 679 bedellis,
639 646 700 674 aut
724 643 796 674 aliis
819 643 983 674 ministris
1009 653 1067 673 seu
1091 642 1299 673 debitoribus
1322 645 1432 672 vestre
1457 642 1594 681 Domus,
1619 652 1699 682 quo-

311 695 455 726 cumque
491 686 621 726 quesito
655 687 762 717 colore
796 687 943 726 recipiat,
971 697 1032 717 nec
1062 686 1149 716 bona
1172 686 1366 716 Monasterii
1396 685 1484 716 infra
1513 689 1574 716 aut
1605 689 1702 717 extra.

310 730 510 769 impignoret,
534 739 643 770 neque
667 730 908 761 Monasterium
932 733 1038 768 exeat,
1063 729 1134 760 sine
1157 729 1293 759 licencia
1322 729 1455 769 speciali
1478 729 1631 768 Abbatis,
1649 729 1701 760 vel

315 773 447 811 Prioris,
468 773 584 812 petita,
613 776 762 813 optenta,
788 773 944 813 predictis
976 772 1163 804 Senescallo
1195 775 1229 803 et
1262 772 1401 802 Cellario
1432 772 1613 803 dumtaxat
1644 782 1698 803 ex-

310 816 416 856 ceptis
434 826 441 853 ;
472 819 506 846 et
528 820 620 855 tunc,
637 817 725 847 sicut
745 817 834 847 infra
858 817 1110 854 Monasterium,
1128 816 1162 846 in
1185 815 1304 846 habitu
1323 815 1486 856 Religioso
1510 819 1546 846 et
1569 816 1702 847 decenti

311 859 454 898 incedat,
482 862 518 891 et
544 860 587 890 ad
610 860 851 891 Monasterium
881 859 970 890 infra
999 859 1089 890 diem
1114 869 1172 899 per
1202 859 1415 899 Superiorem
1439 859 1625 890 limitatum
1652 869 1701 890 re·

312 906 476 934 vertatur.
524 903 629 934 Canes
653 904 822 934 venaticos
846 913 903 934 seu
928 903 1109 943 aucipitres
1134 902 1201 940 (sic)
1228 913 1294 932 non
1320 905 1444 939 teneat,
1470 912 1579 942 neque
1601 913 1700 933 vena·

160 952 267 979 folssb
318 946 468 978 eionibus
498 949 559 977 aut
581 947 862 987 aucupacionibus
887 947 1043 978 intendat
1067 946 1117 977 vel
1142 946 1302 983 intersit3
1333 949 1384 976 set
1412 945 1556 986 quilibet
1586 956 1701 977 eorum

312 999 443 1030 semper
466 989 592 1020 Abbati
621 993 656 1021 et
680 991 786 1021 Priori
816 990 960 1028 obediat,
984 993 1024 1020 ut
1047 993 1195 1027 tenetur,
1225 992 1260 1019 et
1289 989 1323 1019 in
1347 989 1609 1020 cori-eccionibus
1640 990 1700 1021 Re-

312 1033 484 1073 gularibus
507 1043 573 1064 non
598 1034 741 1065 resistat.
790 1034 957 1071 Corrodia⁷
975 1033 1196 1071 liberaciones,
1225 1042 1282 1063 seu
1311 1032 1484 1072 pensiones
1508 1033 1702 1064 nullatenus

164 1084 224 1109 Ista
236 1083 292 1110 duo
313 1076 547 1115 concedantur,
564 1077 634 1107 sine
646 1087 807 1108 consensu
824 1080 938 1108 nostro
955 1087 1118 1116 expresso,
1133 1076 1196 1106 sub
1212 1075 1319 1116 sigillo
1336 1079 1460 1114 nostro,
1478 1079 1678 1116 preoptento
1692 1087 1700 1114 ;

163 1117 286 1143 Decreta
311 1130 420 1160 neque
435 1120 651 1151 alienaeiones
667 1123 846 1161 perpetuas
869 1120 995 1151 faciant
1014 1120 1124 1150 Abbas
1140 1125 1175 1150 et
1193 1120 1387 1150 Conventus
1410 1120 1574 1150 antedicti
1592 1130 1702 1160 neque

163 1150 414 1210 fficinss'ssaciat
447 1163 558 1194 Abbas
589 1164 687 1195 solus.
750 1164 897 1201 Faciant,
929 1164 1074 1203 insuper,
1107 1163 1219 1193 Abbas
1252 1166 1287 1194 et
1318 1163 1441 1202 singuli
1469 1163 1637 1203 Officiarii,
1667 1166 1702 1195 et

163 1193 531 1250 vsssssochzieObediencias
554 1207 744 1247 optinentes
768 1217 835 1238 una
858 1217 934 1238 cum
953 1207 1093 1244 Abbate,
1111 1206 1248 1246 plenum
1269 1209 1304 1237 et
1327 1216 1444 1237 verum
1469 1206 1702 1238 Inventarium

163 1249 466 1280 subformaomuium
497 1250 669 1286 bonorum,
694 1261 863 1281 sacrorum
890 1253 926 1281 et
952 1260 1018 1280 non
1046 1260 1225 1287 sacrorum,
1250 1249 1338 1280 infra
1365 1252 1400 1280 et
1427 1253 1520 1280 extra
1546 1250 1588 1280 ad
1613 1250 1703 1281 idem

165 1293 260 1323 SUR‘a·
316 1293 558 1323 Monasterium
581 1294 838 1333 pertinencium,
858 1293 942 1324 citra
960 1294 1098 1324 Festum
1124 1293 1255 1324 Natalis
1278 1293 1415 1323 Domini
1438 1293 1589 1333 proximo
1608 1293 1702 1325 futu-

166 1325 306 1379 ᾗῗῐζρὲἓᾶ,
316 1346 402 1373 rum,
427 1340 461 1366 et
484 1336 579 1366 nobis
602 1336 751 1368 exhiberi
775 1337 910 1375 faciant,
938 1337 1001 1367 sub
1024 1336 1131 1376 sigillo
1155 1346 1271 1367 eorum
1295 1337 1474 1375 communi,
1499 1337 1703 1378 ubicumque

168 1382 400 1419 namnt‚-—tunc
417 1379 581 1410 fuerimus
597 1380 630 1410 in
648 1381 770 1411 nostris
785 1380 930 1411 Civitate
947 1383 982 1410 et
1000 1380 1140 1410 Diocesi.

72 1419 146 1458 ff
213 1419 278 1463 [Et
294 1423 384 1463 quod
409 1423 551 1463 quilibet
568 1423 751 1454 Monachus
774 1424 900 1460 Libros,
921 1423 1143 1459 Vestimenta,
1165 1433 1202 1453 ac
1225 1422 1289 1453 alia
1304 1422 1390 1453 bona
1413 1423 1495 1454 dieti
1512 1423 1706 1455 Monasterii

316 1476 536 1506 quecumque,
553 1476 613 1506 per
635 1467 780 1507 aliquem
797 1477 913 1497 eorum
932 1466 1164 1507 impignorata,
1182 1466 1255 1497 luat
1278 1468 1313 1497 et
1331 1466 1552 1498 effectualiter
1576 1468 1704 1499 Monas—

318 1509 403 1540 terio
419 1509 578 1540 restituat
594 1509 679 1540 infra
695 1511 825 1541 dictum
842 1514 986 1550 tempus.

275 1552 322 1583 Et
338 1552 428 1592 quod
443 1553 557 1583 nullus
573 1553 721 1592 ipsorum
737 1554 863 1585 revelet
879 1556 1005 1584 secreta
1022 1553 1180 1593 Capituli,
1198 1563 1332 1593 quoquo
1351 1551 1478 1594 modo]

275 1596 322 1627 Et
345 1595 426 1636 quid
449 1596 483 1626 in
506 1597 674 1636 premissis
697 1597 855 1635 feceritis,
875 1600 910 1628 et
927 1597 1072 1638 qualiter
1094 1596 1241 1636 parendo
1264 1597 1298 1627 in
1315 1607 1353 1627 ea
1368 1600 1464 1637 parte
1481 1597 1704 1637 decreveritis,

319 1642 382 1671 etc.
405 1639 508 1679 (same
524 1639 626 1678 date).

167 1707 446 1772 {gffngainst
465 1712 613 1748 certain
634 1723 794 1760 persons
815 1711 900 1748 who
921 1711 997 1748 had
1018 1711 1155 1760 forged
1175 1710 1307 1759 Papal,
1332 1710 1469 1761 Royal,
1492 1712 1569 1748 and
1589 1712 1704 1750 other

228 1761 234 1768 ’
333 1764 513 1812 Letters3
545 1764 768 1803 Commissio
789 1766 844 1803 acl
863 1766 1137 1814 inquirendum
1155 1765 1201 1802 de
1210 1765 1398 1813 falsariis
1420 1766 1460 1802 in
1483 1765 1651 1804 Cz'vz'tate
1670 1773 1704 1804 et

331 1818 487 1856 Diocesi
506 1819 722 1865 Emonia—

277 1869 470 1903 willelmus
502 1872 559 1911 [de
591 1872 811 1913 KVytleseyeL
844 1873 1060 1912 permissione
1092 1872 1215 1903 Divina
1249 1873 1500 1904 Cantuariensis
1531 1873 1702 1915 Archiepi-

320 1926 448 1956 scopus,
465 1919 545 1954 etc.,
564 1916 700 1954 Thome,
721 1920 774 1947 etc
788 1940 795 1954 ,
814 1916 983 1956 Magistris
1007 1916 1153 1947 Johanni
1170 1917 1308 1957 Wyliot,
1329 1917 1532 1948 Cancellario
1558 1918 1703 1949 Ecclesie

320 1959 529 1997 Exoniensis‚
549 1963 585 1990 et
604 1960 769 1990 Willelmo
794 1959 895 1999 Byde,
916 1961 1041 2000 Legum
1068 1960 1212 1997 Doctori,
1238 1961 1394 1999 salutem,
1421 1961 1583 1991 ete—Ex
1607 1965 1703 2001 parte

321 2002 457 2033 Domini
470 2003 609 2034 Walteri
620 2003 661 2034 de
676 2003 858 2042 Aldebmy,
874 2003 1024 2034 Rectoris
1038 2003 1181 2034 Ecclesie
1196 2004 1396 2034 Parochialis
1408 2004 1528 2035 Sancte
1540 2004 1703 2036 Columbe

320 2045 466 2086 Major-is,
495 2046 530 2076 in
563 2046 741 2085 Cornubia,
770 2046 865 2077 nobis
892 2047 1010 2077 extitit
1037 2047 1183 2086 graviter
1207 2047 1403 2078 intimatum
1432 2047 1522 2087 quod
1550 2048 1703 2079 nonnulli

321 2089 511 2129 iniquitatis
538 2089 608 2128 filii,
635 2090 725 2121 dicte
753 2090 951 2120 Exoniensis
982 2090 1138 2127 Diocesis,
1167 2101 1310 2130 quorum
1343 2091 1479 2121 nomina
1505 2091 1704 2131 ignorantur

321 2133 457 2172 penitus
484 2136 519 2163 et
545 2143 694 2173 persone,
721 2133 850 2164 Literas
875 2132 1012 2164 Domini
1039 2133 1146 2164 nostri
1174 2134 1272 2174 Pape,
1301 2134 1438 2164 Domini
1465 2135 1573 2165 nostri
1605 2135 1703 2175 Regis

321 2176 450 2216 Anglie,
478 2176 698 2212 Prelatorum,
724 2186 761 2207 ac
783 2176 925 2207 aliorum
954 2177 1151 2216 Magnatum
1175 2181 1211 2207 et
1238 2178 1418 2208 Procerum
1444 2178 1549 2216 Regni
1571 2179 1701 2218 Anglie,

322 2229 507 2259 eorumque
529 2220 645 2259 sigilla,
670 2220 924 2260 presumpcione
947 2220 1154 2260 dampnabili
1182 2220 1403 2251 falsificarunt
1429 2224 1465 2251 et
1492 2221 1574 2251 falso
1603 2221 1702 2252 fabri-

322 2265 452 2301 carunt,
469 2263 582 2303 eisque
600 2263 651 2294 uti
667 2263 804 2293 minime
820 2263 1058 2301 formidarunt,
1075 2267 1136 2294 aiut
1152 2263 1336 2294 formidant
1360 2264 1463 2294 eciam
1487 2264 1521 2294 in
1544 2265 1702 2303 presenti,

322 2305 357 2335 in
374 2315 512 2336 suarum
535 2316 634 2345 grave
661 2307 845 2346 periculum
869 2306 1067 2345 animarum,
1085 2310 1148 2337 etc.
1196 2306 1248 2337 Ad
1270 2307 1519 2346 inquirendum,
1538 2307 1651 2347 igitur,
1669 2308 1702 2339 in

171 2345 218 2372 fol·
235 2346 276 2372 42·
324 2348 431 2379 forma
454 2348 549 2389 juris,
566 2359 666 2389 super
689 2353 724 2380 et
739 2350 780 2380 de
797 2350 1065 2390 quibuscumque
1088 2349 1229 2380 falsariis
1254 2350 1445 2380 Literarum
1461 2353 1496 2380 et
1519 2350 1703 2390 sigillorum

323 2391 519 2431 hujusmodi
534 2393 568 2423 in
586 2393 731 2424 Civitate
748 2397 783 2424 et
800 2393 930 2423 Diocesi
948 2393 1083 2431 Exonie,
1101 2396 1135 2423 et
1151 2393 1414 2424 circumstanciis
1430 2396 1466 2424 et
1481 2394 1704 2433 qualitatibus

323 2434 517 2466 falsitatum
529 2435 735 2476 hujusmodi,
752 2446 878 2467 necnon
903 2436 946 2466 ad
969 2436 1235 2476 cognoscendum
1258 2440 1293 2467 et
1316 2436 1565 2475 procedendum
1588 2441 1705 2469 contra

324 2478 457 2508 eosdem
480 2478 630 2510 falsarios
659 2480 694 2510 in
717 2479 831 2510 debita
853 2479 939 2520 juris
962 2479 1079 2517 forma,
1103 2489 1225 2519 eosque
1249 2482 1284 2510 et
1307 2489 1423 2510 eorum
1448 2480 1579 2518 delicta,
1602 2480 1704 2521 juxta

327 2521 507 2552 Canonicas
536 2522 732 2553 Sancciones
759 2522 994 2562 corrigendum
1025 2526 1060 2553 et
1090 2522 1310 2562 puniendum,
1334 2522 1489 2553 invocato
1511 2523 1554 2554 ad
1578 2523 1651 2562 hoc,
1677 2524 1705 2555 si

324 2574 408 2604 opus
431 2565 544 2603 fuerit,
562 2565 684 2596 auxilio
708 2566 835 2596 brachii
858 2565 1039 2601 secularis;
1068 2565 1170 2604 vobis,
1190 2566 1232 2595 de
1259 2576 1403 2605 quorum
1430 2566 1603 2605 fidelitate,
1628 2571 1702 2606 etc„

326 2607 544 2647 conjunctim,
562 2612 596 2639 et
613 2609 752 2639 cuilibet
770 2612 921 2639 vestrum
945 2608 1087 2646 divisim,
1105 2609 1351 2639 committimus
1367 2609 1454 2640 vices
1470 2613 1611 2648 nostras,
1627 2621 1704 2642 cum

326 2650 509 2691 cujuslibet
525 2661 664 2682 censure
682 2652 911 2682 Ecclesiastice
924 2654 1102 2691 potestate,
1119 2662 1294 2692 quousque
1310 2662 1364 2683 eas
1379 2653 1423 2683 ad
1437 2663 1497 2684 nos
1509 2652 1706 2685 duxerimus

326 2694 574 2725 revocandas.-
586 2695 696 2725 Dated
719 2698 755 2726 at
772 2695 951 2733 Lambeth,
969 2696 1008 2726 15
1027 2696 1100 2725 Oct.

176 2755 234 2786 [sol.

175 2789 250 2819 331³]
285 2757 340 2794 St.
364 2757 515 2807 Illogan
530 2771 540 2804 3
571 2758 740 2796 Monicio
762 2759 929 2796 Rectorz's
948 2758 1086 2796 Sancti
1104 2758 1256 2808 Loyani
1273 2759 1327 2796 ad
1347 2760 1603 2807 personaliter
1621 2761 1710 2799 resi-

338 2811 572 2857 dendum,—
1611 2843 1618 2847 „

286 2864 440 2904 Thomas,
460 2867 534 2904 etc„
553 2865 692 2897 Officiali
709 2869 823 2897 nostre
839 2866 1018 2898 Peculiaris
1036 2867 1055 2898 J
1061 2866 1285 2898 urisdiccionis
1302 2867 1335 2898 in
1354 2867 1531 2907 Cornubia,
1552 2868 1707 2908 salutem,
