1987 3062
272 243 366 285 334
494 256 592 287 THE
618 256 861 288 REGJSTER
886 256 945 287 OF
970 255 1148 287 BISHOP
1172 255 1574 288 BRANTYNGHAM.

268 354 344 396 Α-Ρ·
421 358 578 388 Mandato
602 359 767 388 contentis
790 358 991 395 abstineant,
1018 358 1081 388 sub
1105 368 1188 397 pena
1213 357 1575 388 Excommunicacionis
1606 355 1740 396 Majoris
1763 354 1796 384 in

269 389 371 447 {7355}-
421 412 573 442 personas
597 401 920 432 contraveniencium
944 405 1044 442 atque
1069 401 1238 432 rebellium
1264 401 1297 431 in
1322 402 1382 431 hac
1406 404 1499 441 parte
1530 411 1586 440 per
1614 399 1797 430 Dominum

421 445 608 485 predictum
626 445 745 475 merito
760 445 979 475 fulminanda.

377 499 573 538 Oratories
588 513 597 545 ;
628 498 790 536 Gener-al
808 499 961 536 Licence
981 503 1017 536 lo
1036 499 1278 543 celebrate,-

377 555 473 591 Item,
491 553 635 583 secundo
652 553 704 583 die
721 553 802 584 dicti
818 553 950 591 mensis,
967 563 1052 583 anno
1069 556 1103 583 et
1119 553 1189 583 loco
1206 553 1372 592 predictis,
1392 552 1557 583 Dominus
1573 549 1733 583 concessit>
1746 549 1798 580 Li-

421 596 564 627 cenciam
584 595 697 626 Nobili
714 596 801 634 Viro,
820 596 963 626 Domino
986 595 1111 626 Jacobo
1138 596 1318 635 Daudeley,
1345 596 1453 634 Militi,
1479 596 1569 636 quod
1593 594 1707 635 possit,
1724 597 1798 630 etc„

421 640 456 671 in
475 638 615 679 Capellis
632 639 700 669 sive
718 640 877 670 Oratoriis
893 639 1044 679 ejusdem
1061 640 1147 670 infra
1163 640 1327 670 Diocesim
1343 639 1565 670 existentibus
1583 637 1799 676 ubicumque;

421 682 582 723 quamdiu
604 682 745 713 Domino
763 683 924 722 placuerit
941 683 1148 713 duraturam.

385 737 617 785 Roborough
640 750 649 783 3
680 734 866 788 [Monicz'o
885 738 938 774 ad
956 734 1282 788 resz‘dendzmz]‚—-

379 792 476 829 Item,
494 791 613 831 quinto
629 791 682 821 die
700 791 821 821 mensis
837 791 998 831 ejusdem,
1024 802 1110 822 anno
1134 794 1168 822 et
1190 791 1260 821 loco
1284 791 1451 831 predictiS‚
1469 789 1639 820 emanavit
1664 788 1800 819 Manda-

423 838 508 868 tum.
534 834 596 864 sub
619 834 726 873 sigillo
751 834 895 872 Domini,
921 834 1085 865 directum
1111 834 1352 865 Archidiacono
1377 833 1634 872 Barnastapolie,
1653 832 1705 862 vel
1728 831 1801 872 ejus

425 877 572 914 officiali,
590 878 631 907 ad
649 878 852 908 monendum
872 878 1052 908 Dominum
1079 878 1261 909 Robertum
1287 878 1440 917 crispyn,
1460 877 1633 908 Rectorem
1658 875 1802 906 Ecclesie

424 922 465 952 de
484 920 697 960 Rouburghe,
717 921 818 961 quod,
838 921 925 951 infra
942 932 1088 951 mensem
1108 932 1125 951 a
1143 925 1292 961 tempore
1308 921 1503 951 Monicionis
1519 920 1625 950 eidem
1642 918 1801 956 faciende,

426 964 640 1004 personaliter
656 968 690 994 et
706 964 924 995 effectualiter
947 964 1089 995 resideat
1112 965 1145 995 in
1170 975 1230 995 sua
1254 964 1400 995 Ecclesia
1424 966 1606 1004 prenotata,
1632 962 1694 993 sub
1718 972 1803 1002 pena

423 1008 507 1049 juris
526 1018 533 1044 ;
556 1007 702 1047 alioquin
720 1008 760 1038 ad
777 1008 1031 1048 proponendum
1047 1018 1179 1038 causam
1197 1007 1426 1038 racionabilem
1439 1018 1550 1048 quare,
1564 1010 1626 1037 ete.
1646 1008 1700 1043 3et
1712 1005 1801 1046 quod

424 1051 581 1082 certificet
599 1051 682 1081 citra
700 1051 838 1081 Festum
857 1052 970 1081 Sancti
989 1051 1078 1081 Petri
1095 1051 1146 1081 Ad
1170 1051 1314 1082 Vincula.

381 1112 681 1160 Testamentary
698 1124 708 1157 3
742 1111 907 1147 Moniez'o
927 1112 980 1147 acl
998 1111 1271 1147 restituendum
1291 1112 1387 1147 bona
1405 1110 1643 1157 defuncti,—

382 1166 479 1203 Item,
497 1168 613 1194 octavo
630 1165 683 1194 (lie
699 1165 821 1194 mensis
838 1165 931 1203 Julii,
955 1165 1044 1204 apud
1070 1165 1162 1203 Clist,
1188 1165 1355 1195 emanavit
1380 1165 1586 1202 Mandatum,
1610 1163 1673 1194 sub
1697 1161 1803 1201 sigillo

426 1207 570 1244 Domini,
588 1207 752 1238 directum
772 1208 911 1238 Dec-anis
937 1208 1201 1239 Christianitatis
1227 1208 1361 1246 Exonie‚
1387 1207 1608 1247 Plymptonie‚
1626 1210 1660 1237 et
1677 1206 1802 1245 Aylles-

424 1252 511 1289 bere,
529 1261 655 1281 necnon
673 1251 812 1290 singulis
830 1251 963 1282 Curatis
980 1252 1127 1291 ipsorum
1146 1252 1386 1290 Daeanatuum,
1412 1262 1451 1281 ex
1476 1254 1568 1291 parte
1592 1250 1663 1280 Ade
1687 1248 1802 1287 Golde,

426 1294 588 1326 Johannis
612 1294 745 1331 Talbot,
763 1298 797 1325 et
813 1294 975 1325 Johannis
996 1294 1140 1333 Whiker,
1168 1295 1394 1326 Executorum
1416 1294 1622 1325 Testamenti
1645 1297 1680 1323 et
1702 1292 1802 1323 bono-

426 1348 502 1369 rum
519 1337 840 1368 Administratorum
859 1338 976 1377 Rogeri
1000 1338 1126 1377 Plente,
1147 1338 1234 1369 Civis
1258 1338 1339 1368 dum
1364 1338 1448 1368 vixit
1466 1338 1599 1375 Exonie,
1617 1337 1658 1367 ad
1675 1337 1802 1366 denun-

427 1382 582 1412 ciandum
607 1392 721 1411 omnes
738 1384 772 1412 et
788 1381 935 1421 singulos
958 1382 1260 1413 excommunicatos
1284 1382 1385 1412 fuisse
1409 1391 1445 1411 ac
1469 1391 1537 1411 esse
1554 1380 1611 1421 qui
1627 1379 1802 1420 pecuniam

426 1428 647 1463 numeratam,
666 1435 797 1463 aurum,
815 1425 941 1463 anulos,
958 1435 995 1456 ac
1011 1425 1182 1455 firmacula
1205 1435 1304 1455 aurea
1320 1428 1354 1455 et
1370 1428 1533 1464 argentea,
1551 1434 1678 1454 necnon
1695 1433 1745 1453 res
1769 1426 1803 1452 et

427 1469 513 1498 bona
529 1468 591 1498 alia
609 1468 760 1508 plurima,
777 1478 842 1508 que
866 1469 976 1499 dictus
1000 1469 1149 1508 Rogerus
1173 1468 1291 1499 habuit
1309 1472 1456 1508 tempore
1474 1468 1591 1498 mortis
1607 1477 1674 1505 sue,
1693 1469 1803 1506 preter

426 1515 460 1542 et
476 1514 590 1542 contra
607 1512 815 1542 voluntatem
833 1511 998 1542 dictorum
1018 1512 1254 1550 Executorum,
1272 1512 1403 1552 propria
1426 1511 1624 1548 temeritate,
1641 1510 1710 1540 suis
1727 1519 1802 1539 usu-

428 1556 490 1585 bus
507 1555 728 1594 applicabant,
747 1555 901 1595 ipsosque
927 1555 1129 1585 Executores
1153 1556 1332 1595 quominus
1357 1555 1445 1585 dicta
1463 1555 1547 1584 bona
1563 1554 1661 1594 juxta
1677 1553 1802 1584 Volun-

426 1602 530 1629 tatem
550 1598 713 1629 Ultimum
731 1598 912 1628 Testatoris
928 1598 1029 1628 libere
1046 1599 1277 1629 administrare
1293 1602 1454 1638 poterunt
1476 1598 1604 1628 notorie
1620 1596 1802 1636 impedien-

426 1643 478 1679 do,
495 1641 599 1681 ipsam
618 1642 828 1672 Sentencialn
848 1642 1213 1672 Excommunicacionis
1235 1642 1302 1673 late
1319 1642 1351 1672 in
1370 1642 1430 1672 hac
1454 1644 1548 1681 parte
1571 1640 1673 1671 eciam
1690 1640 1802 1670 incur-

424 1685 537 1716 rendo,
586 1685 630 1715 Et
647 1685 772 1715 habent
788 1685 874 1715 diem
900 1685 941 1715 ad
966 1685 1215 1716 certificandum
1241 1685 1423 1716 Dominum
1447 1685 1529 1724 quid
1553 1684 1710 1714 duxerint
1726 1682 1803 1713 faci-

426 1729 549 1758 endum
567 1728 600 1758 in
619 1726 897 1767 p1·emissis,citra
920 1729 1058 1759 Festum
1083 1729 1195 1759 Sancti
1220 1729 1310 1759 Petri
1334 1729 1423 1769 quod
1446 1728 1570 1758 dicitur
1594 1727 1644 1758 Ad
1668 1726 1804 1757 Vincula

424 1771 575 1812 proximo
590 1771 658 1811 jam
676 1772 842 1802 futurum.

275 1826 323 1852 “³¹-
381 1825 630 1864 Confessions
647 1839 655 1872 3
685 1826 748 1862 Ad
766 1826 1002 1863 audiendum
1027 1827 1277 1874 Confessiones
1298 1826 1460 1863 Domini
1480 1825 1678 1873 Dccucleley
1690 1830 1723 1861 et
1742 1837 1805 1860 sue

271 1861 312 1885 50.
529 1879 535 1886 .
562 1880 568 1886 .
631 1880 636 1886 .

425 1881 585 1929 fumzlze
605 1881 788 1923 lutere,—

381 1934 534 1971 Thomas,
553 1936 626 1971 etc.‚
645 1933 753 1964 Fratri
770 1933 937 1965 Willelmo
960 1933 1001 1963 de
1026 1933 1178 1971 Chedele‚
1204 1933 1337 1963 Ordinis
1363 1933 1620 1970 predicatorum,
1646 1932 1798 1969 salutem,

425 1977 585 2007 etc—Ad
602 1977 805 2007 audiendum
823 1978 856 2008 in
873 1977 944 2007 foro
960 1976 1070 2006 anime
1087 1977 1316 2007 Confessiones
1330 1976 1459 2007 Nobilis
1471 1976 1541 2006 Viri
1558 1979 1592 2006 et
1609 1975 1722 2006 dilecti
1736 1975 1802 2013 filii,

427 2020 560 2050 Domini
577 2020 702 2058 Jacobi,
721 2020 856 2051 Domini
874 2020 1057 2059 Daudeley‚
1073 2020 1348 2060 singularumque
1365 2030 1578 2059 personarum
1595 2019 1695 2049 libere
1709 2017 1802 2048 fami-

426 2063 468 2094 lie
483 2063 587 2103 ipsius
604 2063 739 2093 Domini
756 2064 819 2094 tibi
835 2063 985 2094 confiteri
1003 2063 1198 2101 volencium,
1215 2073 1289 2093 cum
1307 2063 1479 2102 contingat
1494 2063 1604 2102 ipsum
1622 2062 1803 2092 Dominum

425 2107 459 2137 in
477 2110 590 2137 nostra
607 2106 736 2137 Diocesi
752 2107 959 2143 commorari,
977 2107 1123 2146 ipsisque
1140 2117 1198 2146 pro
1215 2106 1397 2137 commissis
1421 2106 1581 2136 salutares
1599 2105 1802 2145 penitencias

426 2150 674 2190 injungendum
691 2160 698 2187 ;
723 2161 850 2181 necnon
867 2152 908 2181 ad
926 2150 1165 2180 absolvendum
1181 2151 1323 2186 eosdem,
1342 2149 1443 2180 eciam
1460 2149 1493 2179 in
1511 2149 1652 2179 casubus
1676 2148 1770 2178 nobis
1786 2158 1805 2178 a

425 2193 501 2233 jure
518 2193 569 2223 vel
585 2194 827 2224 consuetudine
850 2193 1036 2231 reservatis,
1056 2193 1235 2223 violacione
1258 2193 1393 2224 Jurium
1417 2193 1450 2223 et
1467 2192 1676 2223 Libertatum
1693 2194 1805 2222 nostre

427 2237 634 2268 Catheclralis
651 2237 794 2267 Ecclesie
818 2238 944 2268 Exonie
968 2237 1148 2267 dumtaxat
1170 2237 1326 2276 exceptis,
1352 2236 1561 2275 [facultatem
1589 2238 1704 2266 tenore
1728 2235 1803 2264 Pre-

424 2280 573 2354 sitgnjiulm
590 2280 814 2320 concedimus]
832 2291 840 2319 ;
864 2291 922 2321 pro
939 2283 1054 2311 nostro
1071 2279 1278 2320 beneplacito
1290 2279 1651 2310 duraturam.—Dated
1664 2282 1699 2308 at
1710 2278 1804 2316 Clist,

506 2335 526 2354 u
541 2334 572 2363 y.

384 2378 582 2427 Subsidy3
617 2378 852 2415 illaudatum
879 2379 924 2415 de
952 2377 1131 2415 Subszdio
1160 2378 1174 2413 l
1202 2377 1371 2414 millium
1410 2377 1599 2413 librarum
1626 2376 1669 2412 in
1690 2378 1806 2423 parte

437 2438 564 2468 aretro
584 2431 825 2478 existente,—

385 2485 483 2522 ltem,
503 2485 572 2525 xiiij
592 2485 758 2515 Kalendas
776 2486 921 2525 Augusti
938 2486 991 2524 [19
1009 2484 1105 2524 July]
1118 2484 1206 2524 apud
1220 2484 1412 2524 Cryditone‚
1426 2486 1625 2514 emanarunt
1637 2483 1804 2519 Mandata,

427 2528 490 2558 sub
507 2528 613 2568 sigillo
631 2528 775 2566 Domini,
802 2529 1048 2559 Archidiaconis
1071 2528 1208 2564 Exonie‚
1232 2527 1397 2564 Tottonie‚
1423 2531 1457 2557 et
1482 2526 1737 2565 Bar-nastapolie,
1762 2525 1803 2555 ad

426 2571 695 2601 denunciandum
714 2582 828 2602 omnes
844 2582 998 2611 personas
1015 2571 1116 2601 fuisse
1139 2574 1173 2601 et
1197 2581 1265 2600 esse
1289 2570 1600 2607 excommunicatos,
1618 2569 1748 2608 publice
1772 2571 1806 2598 et

427 2615 651 2653 solempniter,
669 2615 701 2644 in
720 2615 872 2645 Ecclesiis
889 2619 923 2644 et
940 2615 1034 2645 Locis
1053 2614 1108 2643 ubi
1126 2624 1251 2644 moram
1269 2613 1421 2651 trahunt,
1441 2624 1506 2652 que
1530 2612 1722 2643 Subsidium
1740 2612 1804 2641 Do-

427 2658 517 2687 mino
538 2657 616 2697 Regi
633 2668 738 2697 nuper
755 2668 946 2688 concessum
958 2658 1107 2688 nondum
1121 2657 1301 2694 solverunt,
1313 2667 1349 2686 ac
1361 2657 1462 2686 eciam
1475 2656 1516 2686 ad
1529 2655 1805 2696 sequestrandum

427 2701 567 2738 fructus,
592 2704 663 2738 etc„
689 2701 879 2739 earundem,
905 2711 1031 2731 necnon
1058 2700 1220 2730 Beneficia
1243 2703 1277 2729 et
1302 2700 1386 2729 Loca
1410 2700 1555 2739 ipsarum
1579 2707 1805 2738 personarum,

430 2754 535 2783 usque
554 2743 738 2783 plenariam
757 2744 1020 2774 satisfaccionem
1037 2743 1142 2773 debiti
1158 2743 1226 2773 sive
1243 2743 1389 2773 Subsidii
1413 2742 1597 2780 memorati,
1623 2741 1804 2772 Interdicto

428 2786 657 2816 Ecclesiastico
673 2787 939 2826 subponendum‚
957 2790 1016 2817 etc.
1066 2784 1111 2816 Et
1127 2786 1252 2816 habent
1267 2786 1355 2816 diem
1371 2786 1413 2815 ad
1429 2785 1678 2816 certificandum
1693 2782 1803 2813 Domi-

426 2839 520 2866 num,
539 2829 741 2869 ubicumque
756 2830 860 2861 fuerit
875 2830 910 2860 in
927 2830 1072 2861 Civitate
1088 2829 1139 2860 vel
1157 2829 1296 2868 Diocesi,
1308 2829 1362 2859 die
1377 2828 1471 2859 Lune
1481 2828 1631 2869 proxima
1643 2829 1718 2868 post
1729 2826 1802 2857 Fes-

428 2876 500 2903 tum
519 2872 767 2914 Assutnpcionis
784 2872 886 2904 Beate
905 2873 1013 2904 Mai-ie.
