1987 3062
246 226 339 268 236
443 235 542 267 THE
578 236 817 269 REGISTER
853 236 911 268 OF
953 236 1128 269 BISHOP
1169 236 1566 271 BRANTYNGHAM.

243 341 319 367 A-D·
394 343 601 382 mandamus,
629 343 768 374 firmiter
794 343 1017 384 injungenteS,
1045 341 1205 382 quatinus
1228 341 1262 372 in
1286 342 1432 373 Ecclesia
1456 346 1569 373 nostra
1590 341 1769 373 Exoniensi

242 374 329 434 {271⁰}
394 388 626 427 suprascripta,
646 387 783 427 aliisque
803 386 953 417 Ecclesiis
970 388 1157 415 nostrarum
1176 385 1331 417 Civitatis
1354 390 1388 416 et
1411 386 1566 425 Diocesis,
1591 385 1650 416 ubi
1673 395 1768 425 expe-

299 429 304 434 '
334 428 340 434 ’
395 430 464 460 dire
489 431 646 469 videritis,
672 431 797 460 Diebus
822 428 1002 460 Dominicis
1025 431 1059 459 et
1083 428 1232 467 Festivis,
1258 429 1344 459 infra
1368 429 1544 460 Missarum
1577 428 1769 468 solempnia,

394 483 508 504 omnes
531 478 565 504 et
587 474 734 514 singulos
758 472 953 513 hujusmodi
977 472 1173 510 Literarum,
1192 472 1377 511 Cartarmn,
1402 473 1719 510 Instrumentorum,
1737 475 1772 502 et

393 517 532 548 aliorum
560 517 848 547 Munimentorum
874 515 1099 556 predictorum
1125 515 1324 554 detentores,
1357 516 1592 554 subtractores,
1624 518 1658 546 et
1691 525 1766 546 con-

394 561 561 598 celatores,
590 560 719 600 publice
742 563 776 590 et
799 560 833 590 in
856 570 975 599 genere
998 558 1170 597 moneatis,
1195 559 1361 589 monerive
1385 559 1523 597 faciatis,
1541 562 1580 589 ut
1603 558 1689 589 infra
1713 558 1770 588 tri-

393 604 486 644 ginta
509 604 636 634 dierum
661 604 818 643 spacium,
843 614 862 633 a
884 606 1033 642 tempore
1057 602 1279 632 Monicionum
1304 606 1490 633 vestrarum
1521 602 1567 633 eis
1597 601 1771 640 factarum,

397 658 539 688 quorum
556 646 653 678 xxxta
669 647 799 677 dierum
816 657 837 677 x
854 657 911 686 pro
928 646 1044 686 primO,
1062 656 1083 676 x
1100 656 1158 685 pro
1170 646 1323 685 secundo,
1342 648 1376 676 et
1399 646 1541 686 reliquos
1558 656 1579 676 x
1596 656 1653 685 pro
1671 644 1772 675 tercio

393 695 426 721 et
454 691 675 731 peremptorio
703 690 846 720 termino
873 700 909 720 ac
937 689 1118 720 Monicione
1148 689 1323 727 Canonica‚
1354 689 1399 719 eis
1423 689 1581 729 assignari
1603 688 1769 726 volumus,

241 732 329 758 fol-9·
395 735 532 772 Literas,
559 734 684 772 cartas,
710 734 949 770 Instrumenta,
974 736 1008 763 et
1038 732 1248 763 Munimenta
1271 732 1400 772 prefata
1423 732 1526 771 nobis,
1551 732 1713 762 nostrisve
1737 731 1771 762 in

394 778 454 808 hac
471 781 564 817 parte
589 777 762 815 Ministris,
781 777 962 807 restituant
985 779 1018 806 et
1041 776 1197 814 revelant,
1216 775 1279 806 sub
1302 786 1387 816 pena
1411 775 1774 806 Excommunicacionis

394 821 540 861 Majoris,
557 821 589 851 in
607 821 743 850 rebelles
757 824 832 860 post
844 820 973 860 lapsum
991 818 1088 849 xxxta
1100 819 1228 849 dierum
1247 820 1481 859 predictorum,
1493 822 1527 849 et
1544 830 1608 849 non
1621 821 1774 858 parentes

394 864 636 895 Monicionibus
655 864 770 894 vestris
788 863 992 903 hujusmodi,
1011 862 1174 893 Canonice
1191 862 1408 893 fulminande.
1458 863 1511 893 Ad
1535 873 1600 903 que
1623 861 1775 892 facienda

394 908 495 946 vobis,
514 911 548 938 et
563 911 712 938 vestrum
730 907 877 945 cuilibet,
894 906 1102 946 injungimus
1127 908 1161 936 et
1184 905 1426 936 committimus
1443 906 1530 936 vices
1553 908 1690 936 nostras.
1738 904 1773 936 Si

393 962 485 992 quos,
503 962 589 989 vem,
609 951 824 981 reclamantes
842 950 1034 980 inveneritis
1050 949 1083 979 in
1101 949 1162 979 hac
1185 952 1288 988 parte,
1306 949 1425 986 citetis,
1442 959 1499 980 seu
1517 949 1610 979 citari
1633 947 1772 986 faciatis,

392 996 522 1025 eosdem
541 995 630 1034 quod
646 996 858 1033 compareant
874 1003 982 1023 coram
1000 993 1103 1030 nobis,
1122 996 1276 1022 nostrove
1294 992 1526 1024 Commissario
1550 1002 1771 1032 quocumque,

393 1038 489 1069 certis
507 1039 559 1068 die
575 1041 609 1068 et
626 1038 694 1067 loco
711 1048 793 1077 quos
810 1037 855 1067 eis
873 1036 1021 1066 videritis
1046 1035 1258 1075 prefigendos,
1287 1046 1420 1066 causam
1443 1035 1688 1066 reclamacionis
1711 1045 1770 1065 sue

392 1082 425 1112 in
458 1082 564 1112 forma
593 1081 679 1121 juris
710 1080 920 1120 proposituri,
952 1079 1159 1118 ulteriusque
1190 1079 1312 1109 facturi
1342 1082 1377 1109 et
1407 1079 1573 1119 recepturi
1603 1079 1694 1118 quod
1725 1078 1768 1108 ad

393 1135 516 1155 meram
534 1125 720 1154 animarum
738 1134 873 1153 suarum
898 1123 1133 1153 correccionem
1157 1122 1240 1152 cirea
1265 1122 1422 1162 premissa
1445 1122 1568 1162 poterit
1591 1121 1765 1162 pertinere.

391 1169 436 1199 Et
453 1168 533 1208 quid
551 1168 694 1198 feceritis
718 1167 749 1196 in
776 1167 942 1206 premissis
966 1165 1152 1196 certificetis
1176 1176 1247 1202 nos,
1266 1165 1316 1195 vel
1340 1165 1468 1196 dictum
1492 1169 1646 1196 nostrum
1672 1165 1767 1195 Com-

390 1211 587 1249 missarium,
616 1211 698 1241 citra
730 1211 869 1240 Festum
900 1209 1144 1240 Purificacionis
1177 1209 1277 1238 Beate
1308 1209 1410 1239 Marie
1440 1209 1585 1249 Virginis
1616 1207 1766 1248 proximo

390 1256 555 1292 futurum,
571 1265 628 1294 per
646 1254 771 1285 Literas
788 1257 923 1292 vestras,
936 1263 1128 1283 communes
1144 1255 1204 1282 aut
1220 1252 1409 1292 singulares,
1424 1252 1544 1282 harum
1561 1252 1687 1290 seriem,
1701 1262 1768 1281 una

388 1309 465 1329 cum
492 1299 671 1328 citatorum
703 1297 894 1327 nominibus
925 1297 951 1327 si
978 1296 1035 1336 qui
1061 1306 1118 1336 per
1145 1305 1202 1325 vos
1232 1299 1292 1326 aut
1320 1299 1469 1326 vestrum
1495 1296 1641 1336 aliquem
1673 1294 1767 1325 citati

388 1342 522 1380 fuerint,
541 1342 670 1382 plenius
686 1340 1059 1371 continentes.—Dated
1078 1339 1226 1377 Loudon,
1248 1340 1287 1370 29
1305 1339 1389 1370 Nov.

234 1394 329 1454 &7231
345 1396 800 1445 Letters-Dimiss0ry‚-—

332 1448 477 1482 ‘wJohn
495 1450 586 1488 Vela,
603 1450 637 1480 of
654 1450 800 1488 Peltone‚
819 1448 916 1485 clerk,
936 1448 953 1463 “
970 1449 1012 1479 ad
1029 1458 1143 1479 omnes
1166 1448 1311 1479 Minores
1327 1451 1361 1478 et
1378 1448 1493 1479 Sacros
1518 1447 1659 1479 Ordines
1683 1447 1766 1477 citra

236 1480 350 1543 Ὴιῧῖξ]
397 1494 659 1525 Presbiteratum
673 1493 690 1505 ’'
708 1493 872 1531 (London,
891 1494 929 1523 16
947 1491 1056 1529 Jan.).

332 1534 337 1539 ’
354 1539 520 1568 —Master
536 1537 625 1568 John
643 1537 683 1567 de
699 1536 730 1566 la
748 1537 846 1574 More,
864 1536 991 1573 acolite,
1013 1536 1084 1565 “ad
1101 1545 1215 1566 omnes
1233 1535 1347 1566 Sacros
1365 1535 1507 1566 Ordines
1520 1535 1537 1546 ''
1556 1535 1609 1573 (18
1627 1532 1727 1572 Jan.).

353 1581 485 1613 ——John
503 1581 543 1611 de
561 1580 787 1619 Stokebrigge,
806 1580 895 1619 “pro
912 1579 1068 1609 omnibus
1085 1579 1192 1609 Sacris
1209 1578 1403 1616 Ordinibus,
1421 1579 1463 1609 ab
1483 1578 1650 1618 Episcopis
1663 1577 1764 1608 ultra-

388 1625 523 1655 marinis
540 1624 775 1654 tantummodo
791 1623 986 1662 recipiendis
997 1622 1014 1633 ’'
1035 1622 1087 1661 (25
1105 1622 1209 1660 Jan.).

353 1668 485 1699 -John
503 1668 637 1704 Artour,
654 1667 752 1702 clerk,
771 1666 788 1680 “
803 1677 860 1706 pro
884 1666 1069 1696 Minoribus
1093 1669 1126 1697 et
1150 1665 1417 1696 Subdiaconatus
1433 1667 1468 1696 et
1485 1665 1690 1696 Diaconatus
1707 1663 1765 1695 Or-

388 1712 522 1742 dinibus
538 1710 733 1750 recipiendis
745 1710 762 1722 ”
783 1710 884 1747 (same
902 1709 1002 1747 date).

237 1765 322 1795 [FEss-
348 1767 524 1803 Morthoe
546 1763 704 1816 [Morto,
730 1762 830 1815 MS]
849 1777 858 1811 3
888 1765 949 1800 Sir
967 1764 1069 1801 John
1092 1765 1139 1801 de
1160 1764 1402 1813 Sweyoesey,
1425 1764 1540 1809 R„—

237 1806 485 1862 {gffm'Licenee
502 1819 536 1849 of
552 1819 801 1848 non-residence
818 1820 868 1848 for
884 1828 903 1847 a
919 1829 1005 1857 year,
1024 1818 1042 1831 “
1053 1818 1145 1855 dum,
1166 1821 1291 1855 tamen,
1310 1821 1378 1847 stet
1394 1817 1427 1847 in
1445 1816 1612 1857 obsequiis
1628 1816 1764 1846 Domini

236 1867 286 1891 fol.
390 1862 543 1903 Episcopi
560 1861 777 1898 Menevensis,
797 1865 830 1891 et
847 1862 937 1901 quod
961 1861 1112 1891 absencia
1135 1871 1194 1891 sua
1218 1863 1487 1900 recompensetur
1510 1859 1766 1890 elemosinarum

237 1900 281 1925 9¹³·
390 1906 577 1946 largicione,
596 1903 683 1936 etc.'’
701 1904 732 1943 (1
752 1904 847 1942 Feb.)

348 1956 460 2005 Clyst
485 1954 650 2003 llydon,
680 1954 741 1990 Sir
761 1953 910 1990 Walter
932 1950 1241 2004 [Dodyngtone]‚
1265 1952 1379 1997 R„-

348 2010 474 2040 Eodem
491 2009 554 2046 die,
572 2007 735 2038 Dominus
752 2007 927 2045 XValtems,
951 2008 1066 2037 Hector
1085 2006 1226 2037 Ecclesie
1249 2006 1290 2036 de
1314 2005 1552 2046 Clysthydone‚
1571 2005 1689 2036 habuit
1713 2005 1765 2036 Li-

389 2052 533 2083 cenciam
550 2062 569 2081 a
586 2051 729 2081 Domino
746 2051 786 2080 de
802 2050 992 2090 occupando
1016 2053 1154 2088 statum,
1178 2060 1235 2080 seu
1259 2049 1414 2088 officium,
1432 2049 1553 2080 Vicarii
1570 2049 1603 2079 in
1622 2048 1768 2079 Ecclesia

391 2095 578 2133 Exonhensi,
596 2105 662 2124 una
674 2104 749 2124 cum
767 2104 827 2124 sua
843 2093 988 2124 Ecclesia
1004 2093 1181 2124 antedicta.

348 2145 545 2182 Oratories
562 2157 571 2190 3
601 2144 754 2180 Licence
771 2146 806 2179 to
826 2143 1068 2188 celebrate,—

347 2200 471 2230 Eodem
497 2198 559 2236 die,
577 2197 763 2228 Willelmus
788 2196 1000 2236 Britheleghe
1024 2196 1142 2226 habuit
1166 2195 1361 2232 Licenciam,
1382 2198 1457 2234 etc.,
1475 2195 1509 2225 in
1528 2194 1660 2234 Capella
1683 2192 1767 2232 sua,l

389 2253 448 2282 pro
464 2252 508 2279 se,
529 2251 639 2279 uxore,
657 2244 691 2270 et
707 2240 841 2278 familia,
858 2240 957 2280 juxta
973 2239 1247 2280 composicionem
1272 2239 1360 2270 inter
1377 2239 1542 2269 Abbatem
1560 2239 1600 2269 de
1617 2237 1764 2268 'Peukes-

390 2285 474 2325 bury
492 2288 526 2315 et
542 2284 697 2316 Nobilem
714 2284 842 2320 Virum,
862 2283 1043 2313 Dominum
1063 2283 1266 2313 Willelmum
1286 2282 1454 2321 Fytwarin
1473 2282 1551 2320 (sic),

348 2330 474 2360 Eodem
491 2329 552 2367 die,
570 2327 739 2358 Johannes
755 2327 918 2358 Vescham
942 2326 1061 2357 habuit
1084 2326 1286 2356 consimilem
1313 2325 1497 2356 Licenciam
1520 2325 1606 2355 infra
1624 2324 1763 2355 Maneri-

389 2383 446 2403 um
463 2382 562 2402 suum
578 2371 619 2401 de
636 2370 782 2401 XVorthe.

347 2416 473 2447 Eodem
491 2415 543 2445 die
561 2414 753 2444 W'illelmus
769 2413 936 2453 Stighulle
952 2412 1072 2443 habuit
1087 2412 1291 2443 consimilem
1317 2411 1501 2442 Licenciam
1518 2411 1605 2441 infra
1622 2410 1763 2441 Maneri-

390 2470 447 2489 um
463 2468 562 2489 suum
579 2458 619 2488 de
636 2457 808 2487 Malstone.

346 2501 425 2543 iiijto
442 2503 494 2532 die
512 2501 692 2537 Februarii,
711 2500 876 2530 Robertus
892 2500 933 2529 de
952 2499 1082 2530 Hacche
1105 2498 1224 2529 habuit
1248 2498 1444 2536 Licenciam,
1463 2500 1539 2536 etc„
1558 2497 1591 2528 in
1610 2497 1762 2528 Oratorio

389 2556 449 2576 suo
466 2545 499 2575 in
517 2544 599 2574 Hele
616 2543 666 2584 [m
683 2541 921 2580 Soutlzmolcon]
940 2553 997 2582 per
1014 2552 1118 2572 unum
1135 2552 1270 2572 annum.

237 2614 248 2633 1
273 2615 313 2645 In
342 2611 906 2652 Chittlehampton.-“Brightley,
936 2611 970 2641 in
1082 2610 1239 2650 standing
1256 2633 1263 2641 .
1289 2633 1296 2640 .
1323 2634 1329 2641 .
1355 2633 1362 2640 .
1389 2610 1476 2640 Lord
1494 2609 1586 2639 Rolle
1602 2609 1629 2639 is
1645 2609 1763 2648 impro-

282 2657 349 2688 this
380 2656 499 2696 parish,
527 2655 687 2695 belonged
719 2658 754 2686 to
777 2666 796 2685 a
818 2664 968 2694 younger
1083 2653 1208 2691 priator
1224 2653 1258 2683 of
1274 2652 1331 2683 the
1348 2656 1440 2692 great
1457 2652 1567 2691 tithes,
1579 2651 1686 2682 which
1699 2652 1764 2682 had

282 2700 406 2731 branch
436 2699 470 2730 of
500 2699 559 2729 the
593 2699 820 2736 Fitzwarrens,
848 2697 966 2735 which,
1080 2696 1161 2727 been
1178 2696 1274 2736 given
1292 2696 1335 2736 by
1357 2696 1477 2726 Robert
1496 2696 1717 2726 Fitz-Hamon
1730 2701 1764 2725 to

280 2743 417 2782 settling
431 2742 507 2772 here
524 2742 557 2772 in
570 2742 628 2772 the
641 2742 731 2780 reign
745 2741 779 2772 of
796 2742 909 2781 Hem-y
922 2741 965 2779 ΙΙ,
1079 2739 1302 2779 Tewkesbury
1310 2738 1760 2779 Abbey.”—Lysons’Devon‚

281 2786 360 2818 took
376 2786 434 2817 the
449 2795 544 2816 name
560 2786 594 2815 οἱ
612 2785 782 2825 Brightley
800 2807 807 2814 .
829 2807 836 2814 .
855 2807 862 2815 .
884 2807 891 2815 .
909 2783 966 2814 the
1079 2793 1133 2823 pp.
1156 2783 1227 2821 101,
1246 2784 1317 2814 102.

280 2830 371 2861 walls
388 2829 420 2859 of
444 2828 501 2859 the
517 2828 650 2859 ancient
675 2827 798 2868 Chapel
821 2838 874 2858 are
897 2826 966 2858 still
