1987 3062
433 254 721 287 REGISTRUM
748 253 962 287 COMMUN
972 253 1203 286 s—-ANNO
1231 243 1292 287 4⁰.
1531 243 1623 286 325

97 353 174 397 AD·
253 357 440 396 Apostolica
456 368 521 398 qua
538 357 711 397 fungimur
726 357 760 387 iu
777 357 838 388 hac
854 359 957 397 parte,
975 356 1218 388 committimus
1241 359 1276 387 et
1298 356 1332 386 in
1356 355 1483 387 virtute
1503 357 1624 388 Sancte

98 386 203 446 {ffgff'}
251 400 448 431 Obedieucie
464 412 501 430 ac
516 400 699 440 juramenti
717 401 857 440 prestiti,
882 401 1005 440 quibus
1021 401 1109 431 dicte
1127 399 1204 431 Sedi
1221 399 1392 438 tenemini,
1410 410 1485 430 cum
1504 411 1541 430 ea
1557 410 1624 441 qua

157 440 164 447 ’
199 439 206 447 “
252 444 346 474 decet
362 445 547 474 reverencia
563 444 703 474 firmiter
718 444 933 484 injungendo,
952 444 1149 474 mandamus
1162 444 1322 484 quatinus
1332 453 1445 473 omues
1461 446 1496 474 et
1512 443 1622 483 singu-

251 487 298 517 los
314 487 454 525 fructus,
480 487 640 522 redditus,
665 491 700 517 et
723 491 905 527 proventus
928 487 1094 517 dictorum
1120 486 1370 525 Beneficiorum,
1394 489 1566 526 presentes
1589 491 1624 517 et

251 535 478 570 proventuros,
496 541 579 570 quos
596 531 628 560 in
647 530 710 560 hiis
728 531 865 570 Scriptis
881 534 1137 570 sequestramus,
1155 540 1211 560 vos
1228 530 1330 560 eciam
1346 530 1572 569 sequestretis,
1589 533 1625 561 et

250 573 376 604 faciatis
393 575 526 604 realiter
541 575 749 614 sequestrari,
767 578 802 604 et
818 574 895 613 poni
912 574 951 603 ad
971 584 1089 603 manus
1106 573 1242 604 Domini
1264 573 1371 604 nostri
1395 574 1492 613 Pape,
1510 577 1544 604 et
1560 574 1624 604 sub

249 621 322 647 arta
339 618 508 658 Sequestri
524 617 675 647 custodia
692 617 797 647 teneri
813 621 1046 657 sequestratos,
1057 618 1160 647 donec
1172 617 1214 647 de
1227 616 1364 656 prefatis
1377 617 1626 656 quantitatibus

250 661 318 691 sive
334 661 473 691 summis
489 660 594 691 fuerit
609 660 715 690 eidem
734 661 870 691 Camere
886 660 1013 700 integre
1029 660 1238 690 satisfactum
1254 670 1262 695 ;
1287 660 1423 699 moneri,
1441 660 1624 690 nichilomi-

252 714 324 741 nus,
342 704 457 743 primo,
475 705 629 741 secundo,
647 707 681 734 et
697 704 798 734 tercio
815 714 851 734 ac
868 704 1089 743 peremptorie
1112 703 1272 734 facientes
1295 714 1409 733 omnes
1427 707 1460 734 et
1476 703 1625 744 singulos

251 747 418 777 dictorum
450 747 688 777 Beneficiorum
714 757 914 786 possessores
938 747 988 776 vel
1013 746 1214 785 detentores,
1238 757 1295 776 seu
1320 750 1549 786 procuratores
1573 758 1625 777 eo-

252 791 404 823 rundem,
422 801 548 820 necnon
567 790 747 829 Religiosos
762 794 797 820 et
813 790 902 828 alios,
920 800 1062 830 quorum
1089 790 1223 820 nomina
1247 793 1281 820 et
1303 800 1433 820 summe
1458 801 1515 830 per
1538 791 1626 830 ipsos

251 834 363 864 debite
380 834 519 864 iuferius
536 834 781 871 describuntur,
795 833 827 864 in
854 834 1000 872 personis
1024 833 1171 873 ipsorum
1196 833 1345 873 propriis,
1363 834 1389 864 si
1406 834 1625 874 reperiantur,

252 877 331 907 alias
347 877 379 907 in
397 877 544 917 ipsorum
562 877 732 907 Beneficiis
749 888 805 907 seu
823 876 1008 914 domiciliis,
1025 887 1108 917 quos
1124 887 1192 914 nos,
1211 877 1323 914 eciam,
1337 877 1454 916 primo,
1471 877 1627 915 secundo,

253 925 287 950 et
303 921 404 950 tercio
419 931 455 950 ac
473 920 702 960 peremptorie,
721 925 834 950 tenore
854 921 1063 950 Presencium
1082 920 1282 959 requirimus
1299 924 1334 950 et
1350 930 1525 951 monemus
1538 921 1628 961 quod

254 968 475 1004 compareant,
489 968 523 994 et
539 968 729 1004 compareat
745 974 859 993 eorum
885 963 1036 1003 quilibet,
1062 973 1171 993 coram
1189 963 1293 1001 nobis,
1310 963 1343 993 iu
1362 964 1469 994 Domo
1486 964 1627 994 Habita—

252 1008 353 1038 cionis
370 1012 491 1045 nostre,
510 1007 699 1045 Londmiis,
715 1006 780 1047 vth
796 1007 848 1037 die
862 1007 1010 1037 Juridico
1024 1010 1098 1046 post
1112 1006 1321 1044 Quindeuam
1340 1007 1464 1037 Pasche
1479 1008 1631 1047 proximo

253 1051 402 1081 futuram
423 1061 429 1088 ;
461 1051 555 1088 dicti,
582 1051 744 1088 videlicet,
769 1060 980 1090 possessores,
1010 1051 1212 1089 detentores,
1241 1060 1297 1080 seu
1328 1056 1564 1089 procuratores,
1589 1052 1631 1081 de

254 1094 392 1124 summis
409 1105 465 1124 seu
483 1094 731 1134 quantitatibus
756 1094 922 1133 predictis,
941 1093 1075 1123 nomine
1099 1094 1185 1124 dicte
1210 1093 1370 1130 Camere;
1397 1094 1526 1133 prefati,
1543 1105 1631 1133 vero,

256 1137 410 1177 Religiosi
433 1141 467 1167 et
489 1137 590 1168 ceteri
612 1137 653 1167 de
676 1137 966 1177 procuracionibus
990 1147 1048 1176 per
1070 1137 1157 1176 ipsos
1181 1137 1275 1166 nobis
1299 1137 1421 1167 debitis
1445 1141 1545 1177 prout
1561 1149 1631 1178 pre-

255 1180 352 1210 missa
368 1180 456 1220 ipsos
472 1184 687 1218 concernunt,
711 1181 934 1210 communiter
958 1181 1009 1210 vel
1032 1180 1175 1217 divisim,
1201 1180 1294 1210 nobis
1319 1180 1462 1220 plenarie
1486 1181 1632 1212 satisfac-

255 1223 335 1261 turi,
353 1223 403 1254 vel
421 1234 534 1254 causas
558 1223 780 1261 racionabiles,
804 1224 831 1254 si
856 1234 937 1263 quas
960 1223 1115 1256 habeant,
1142 1224 1343 1263 proposituri
1361 1224 1393 1254 in
1411 1224 1518 1254 forma
1536 1223 1633 1264 juris,

255 1277 356 1307 quare
373 1267 413 1297 ad
431 1266 693 1297 satisfaccionem
717 1267 913 1305 hujusmodi
936 1266 1049 1297 debite
1073 1266 1256 1297 faciendam
1275 1267 1411 1297 minime
1428 1271 1632 1298 teneantur·
1626 1291 1632 1304 ,

255 1310 317 1340 sub
334 1321 415 1359 pen—a
437 1310 798 1340 Excommunicacionis
815 1309 959 1350 Majoris,
975 1320 1075 1349 quam
1100 1310 1133 1340 in
1158 1310 1304 1349 ipsorum
1328 1310 1510 1350 singulares
1527 1322 1633 1351 perso-

257 1364 324 1391 nas,
342 1357 376 1383 et
392 1354 426 1383 in
444 1353 599 1393 Capitula
616 1358 650 1383 et
667 1353 811 1393 Collegia
828 1353 1060 1393 Suspensionis
1084 1364 1102 1383 a
1127 1353 1267 1391 Divinis,
1286 1353 1383 1393 culpa
1398 1364 1455 1384 seu
1474 1364 1566 1385 mora
1582 1366 1634 1385 eo-

256 1378 396 1427 run'dcm
416 1397 693 1436 precedentibus'
684 1407 717 1426 in
736 1397 797 1427 hac
819 1401 923 1436 parte,
941 1396 1096 1436 dictaque
1114 1396 1280 1428 Canonica
1296 1400 1330 1426 et
1347 1397 1433 1428 trina
1450 1398 1636 1429 Monicione

257 1440 426 1479 premissa,
445 1450 577 1470 exnunc
593 1444 692 1479 prout
709 1444 832 1470 extunc
847 1440 984 1470 ferimus
1008 1440 1041 1469 in
1066 1440 1130 1470 hiis
1153 1439 1292 1479 Scriptis
1310 1451 1316 1477 ;
1342 1440 1548 1481 ulteriusque
1572 1442 1635 1472 fac-

256 1484 324 1514 turi
343 1487 376 1513 et
392 1483 568 1523 recepturi,
587 1487 647 1513 etc.
697 1483 794 1521 Item,
813 1483 912 1513 simili
930 1484 1029 1513 modo
1051 1482 1087 1513 et
1110 1483 1217 1513 forma
1234 1483 1336 1521 vobis,
1354 1486 1388 1514 et
1404 1488 1554 1515 vestrum
1569 1485 1636 1515 cui-

258 1527 350 1564 libet,
372 1527 615 1556 committimus
631 1530 665 1556 et
682 1527 880 1556 mandamus
896 1526 1056 1567 quatinus
1072 1526 1204 1556 fructus
1228 1530 1262 1556 et
1287 1531 1469 1566 proventus
1485 1528 1636 1564 omnjum

257 1574 291 1600 et
306 1570 377 1605 sint
368 1570 513 1600 ⁷-uloium
540 1570 803 1600 Beneficiorum
794 1580 827 1600 in
847 1569 963 1600 vestris
988 1569 1142 1607 Ecclesia,
1164 1569 1318 1608 Civitate,
1343 1573 1377 1601 et
1400 1571 1529 1602 Diocesi
1554 1572 1637 1602 Exo-

258 1614 320 1650 nie,
337 1624 356 1643 a
372 1618 431 1643 xv⁰
447 1613 614 1644 Kalendas
643 1613 755 1643 Marcii
771 1611 826 1653 [15
844 1613 919 1644 Feb.
926 1612 946 1651 ]‚
967 1613 1184 1643 pontificatus
1208 1595 1344 1644 Domiiii
1367 1615 1472 1645 nostri
1489 1615 1639 1664 Gregorii

258 1657 344 1696 Pape
360 1654 449 1687 XImi
467 1657 563 1687 Anno
580 1656 696 1696 primo,
714 1656 805 1694 citra,
824 1656 1034 1686 Auctoritate
1057 1656 1248 1696 Apostolica
1260 1657 1311 1687 vel
1329 1657 1528 1697 Legatorum
1553 1658 1637 1699 ejus,

256 1710 313 1730 seu
331 1700 410 1730 alias
426 1699 491 1730 de'
483 1700 586 1740 ipsius
605 1700 739 1730 Domini
756 1700 861 1730 nostri
879 1700 965 1740 Pape
978 1700 1146 1738 MandatO,
1157 1699 1362 1739 collatorum,
1376 1704 1411 1732 et
1425 1705 1637 1742 preterquam

257 1744 290 1773 in
308 1743 413 1774 forma
433 1754 615 1783 pauperum
633 1744 674 1773 ab
691 1743 947 1782 expectantibus
970 1746 1227 1782 acceptatorum,
1252 1745 1468 1783 sequestretis
1495 1749 1529 1776 et
1545 1745 1637 1776 reali-

258 1789 309 1817 ter
326 1787 453 1817 faciatis
470 1787 670 1826 sequestrari
686 1797 722 1816 ac
739 1787 844 1817 teneri
861 1787 1001 1816 firmiter
1016 1786 1079 1817 sub
1103 1787 1293 1826 SequestrO,
1311 1798 1486 1828 quousque
1509 1789 1550 1819 de
1575 1790 1637 1829 pri-

106 1828 153 1855 fol.
168 1828 230 1854 461)-
262 1830 324 1860 mis
341 1830 519 1860 fructubus
535 1830 683 1869 ipsorum
700 1830 939 1860 Beneficiorum
958 1830 1035 1861 Sedi
1052 1830 1240 1870 Apostolice
1256 1831 1429 1862 reservatis
1453 1832 1559 1863 eidem
1578 1833 1637 1864 Ca-

260 1884 357 1911 mere,
381 1884 439 1904 seu
464 1873 558 1903 nobis
582 1873 686 1913 ipsius
721 1873 864 1912 nornine,
889 1873 991 1904 fuerit
1021 1872 1150 1913 integre
1181 1873 1417 1912 satisfactum;
1455 1880 1638 1915 monentes,

259 1917 373 1955 eciam,
399 1917 547 1956 ipsorum
572 1916 812 1947 Beneficiorum
837 1927 1037 1956 possessores
1067 1927 1181 1947 omnes
1205 1920 1240 1947 et
1262 1917 1420 1957 singulos,
1443 1929 1500 1949 seu
1525 1930 1640 1950 eorum

261 1963 488 1999 procuratores
505 1960 556 1990 vel
579 1963 801 2000 occupatores,
826 1960 985 2000 quatinus
1008 1959 1103 1990 nobis
1126 1960 1332 1990 satisfaciant
1348 1961 1389 1991 de
1405 1961 1503 1993 (lictis
1526 1964 1641 2003 primis

256 2004 435 2034 fructubus
451 2004 538 2034 infra
554 2004 784 2043 supradictum
802 2003 995 2041 terminum,
1016 2003 1067 2033 vel
1083 2003 1162 2034 alias
1178 2008 1391 2041 compareant
1414 2015 1521 2036 coram
1546 2007 1642 2038 nobis

261 2048 294 2077 in
311 2047 400 2077 dicto
423 2047 577 2084 termino,
594 2047 768 2086 allegaturi
791 2051 825 2077 et
849 2047 970 2077 facturi
994 2047 1083 2087 quod
1107 2047 1211 2077 fuerit
1234 2047 1381 2086 racionis,
1405 2049 1468 2079 sub
1493 2050 1585 2089 penis
1609 2055 1644 2082 et

261 2090 438 2121 sentenciis
464 2090 706 2130 suprascriptis
758 2090 941 2127 Mittentes,
960 2090 1073 2128 eciam,
1098 2090 1202 2128 nobis,
1228 2090 1326 2121 Pater
1349 2093 1536 2131 reverende,
1562 2094 1644 2125 citra

261 2134 391 2164 dictum
408 2135 602 2171 terminum,
619 2133 688 2164 ixli.
706 2144 749 2164 vs.
768 2133 1012 2173 sterlingorum,
1033 2144 1090 2172 per
1113 2144 1170 2164 vos
1194 2134 1382 2173 Apostolice
1399 2135 1536 2166 Camere
1553 2138 1643 2168 debi-

262 2181 314 2207 tos
332 2188 389 2216 pro
406 2177 557 2207 Deuariis
576 2177 669 2207 Beati
686 2177 776 2207 Petri
790 2177 831 2207 de
846 2178 944 2207 Anno
962 2176 1096 2207 Domini
1113 2177 1174 2207 M0.
1195 2177 1323 2207 000ΠΠΟ
1338 2177 1458 2218 lxxiij0.
1506 2180 1551 2210 Et
1562 2181 1645 2220 quid

261 2220 295 2250 iu
314 2220 483 2260 premissis
501 2220 645 2251 feceritis
661 2223 693 2250 et
712 2220 781 2250 fieri
798 2220 927 2251 faciatis
943 2230 1013 2257 nos,
1033 2220 1066 2250 in
1086 2220 1242 2260 Hospicio
1258 2224 1373 2251 nostro
1390 2222 1547 2261 predict0‚
1565 2227 1643 2254 ante

263 2264 392 2293 dictum
408 2264 496 2293 diem
514 2263 712 2301 certificetis,
727 2263 884 2294 distincte
908 2267 943 2293 et
964 2267 1088 2303 aperte,
1115 2274 1172 2303 per
1195 2263 1322 2294 Literas
1340 2268 1464 2295 vestras
1482 2270 1644 2305 patenteS,

264 2306 399 2337 nomina
424 2307 664 2337 Beneficiorum
681 2307 736 2343 sic,
756 2310 794 2337 ut
811 2306 1030 2346 premittitur,
1048 2306 1245 2337 collatorum
1269 2310 1303 2337 et
1326 2311 1584 2347 aeceptatorum,
1608 2321 1645 2341 ac

262 2350 364 2380 eciam
382 2350 516 2380 nomina
532 2353 567 2380 et
582 2350 777 2390 cognomina
794 2350 916 2390 quibus
928 2349 1123 2389 hujusmodi
1140 2349 1298 2380 Beneficia
1310 2350 1442 2388 collata,
1456 2355 1489 2382 et
1502 2363 1645 2392 quorum

263 2393 455 2423 nominibus
471 2396 642 2433 acceptata
665 2393 792 2423 fuerint
808 2404 815 2430 ;
840 2403 977 2431 necnon,
995 2392 1200 2423 exeeueionis
1224 2396 1332 2423 vestre
1355 2394 1442 2424 facte
1458 2395 1492 2425 in
1510 2397 1645 2435 premis-

263 2436 307 2466 sis
324 2436 462 2466 modum
479 2440 513 2466 et
528 2436 670 2466 formam
687 2436 816 2476 plenius
833 2436 1042 2467 continentes
1060 2446 1067 2473 3
1084 2439 1252 2475 presentes
1269 2439 1397 2467 nostras
1414 2437 1554 2477 Literas,
1569 2450 1646 2470 cum

264 2478 363 2509 dictis
379 2479 497 2510 vestris
515 2479 635 2509 Literis
652 2479 890 2510 certificatoriis
907 2479 1030 2509 eisdem
1054 2479 1200 2517 annexis,
1217 2482 1347 2510 retenta
1364 2481 1456 2520 copia
1472 2481 1645 2514 brevitatis

265 2532 363 2553 causa
379 2522 406 2552 si
422 2522 527 2562 magis
544 2522 725 2561 volueritis,
743 2522 1119 2553 remittentes—Dat&
1139 2522 1288 2560 London,
1305 2524 1345 2554 20
1361 2524 1435 2555 Feb.

221 2565 413 2596 —Nomina
439 2565 671 2605 Beneficiorum
702 2565 998 2605 sequestrandorum
1027 2565 1064 2595 de
1088 2564 1204 2605 quibus
1229 2575 1329 2605 supra
1353 2566 1395 2605 fit
1421 2567 1539 2599 mencio
1569 2574 1645 2601 sunt

266 2608 327 2646 hec,
330 2626 372 2630 —

224 2651 274 2681 De
291 2633 486 2682 Piebenda'
478 2661 512 2681 1n
530 2651 674 2682 Ecclesia
691 2651 869 2682 Exoniensi
885 2653 1004 2688 vestra,
1017 2651 1058 2681 de
1070 2661 1135 2690 qua
1149 2651 1217 2682 fuit
1229 2652 1410 2692 provisum,
1424 2664 1481 2694 per
1493 2659 1643 2695 expecta-

267 2695 405 2732 ciouem,
423 2695 583 2734 Magistro
602 2695 743 2725 Henrico
763 2694 974 2732 Wbitefelde,
992 2694 1157 2725 debentur
1172 2695 1313 2726 fructus.

224 2738 275 2769 De
298 2738 451 2768 Prioratu
478 2738 651 2768 Bodmiuie
674 2738 848 2776 debentur,
874 2748 932 2777 pro
954 2747 1066 2767 annuo
1089 2748 1190 2768 censu
1220 2738 1262 2768 de
1286 2739 1390 2770 Annis
1413 2739 1549 2772 Domini
1576 2740 1641 2774 M0.

268 2781 399 2813 CCCmo
415 2779 515 2820 lxxijo
531 2784 566 2811 et
581 2781 693 2818 tercio,
710 2780 772 2821 iijs.

222 2823 414 2854 -Nomina
431 2824 663 2863 Reliyiosorum
681 2823 907 2854 mouendarum
925 2822 964 2854 de
979 2823 1092 2864 quibus
1107 2834 1209 2865 supra
1222 2824 1259 2863 fit
1274 2828 1393 2856 mencio
1406 2831 1481 2857 sunt
1496 2827 1605 2867 hec,—
