1987 3062
338 260 432 303 466
550 270 649 302 THE
684 269 924 302 REGISTER
962 268 1021 300 or
1058 266 1234 300 BISHOP
1272 252 1671 300 BRANTYNGHAM

339 373 416 419 AD·
490 374 603 415 igitur,
631 374 884 410 committimus,
912 376 985 411 etc„
1013 372 1183 412 quatinus,
1208 372 1243 402 in
1275 372 1414 412 singulis
1443 373 1608 413 Capitulis
1633 383 1692 413 per
1714 383 1772 403 vos
1796 372 1877 403 cele-

340 407 433 465 ῙνῆᾖὶΙ
491 418 636 455 issandis,
653 418 830 457 inquiratis
847 421 880 446 et
897 416 1021 455 inquiri
1038 416 1165 447 solicite
1182 416 1319 454 faciatis,
1337 417 1378 446 de
1401 416 1593 446 nominibus
1617 422 1651 446 et
1675 416 1877 455 cognomini-

340 460 403 498 fol..
438 459 444 465 ’
493 462 554 491 bus
571 461 841 501 delinquencium
859 460 1083 499 predictorum
1103 470 1110 495 ;
1135 460 1435 499 erismatorumque
1453 460 1648 499 hujusmodi
1665 464 1699 490 et
1724 464 1876 489 tonsura-

340 507 402 533 95b.
495 508 606 536 torum
625 508 777 544 parentes
801 504 919 541 citetis,
937 514 994 533 seu
1019 503 1113 533 citari
1138 503 1275 541 faciatis,
1300 504 1531 543 peremptorie,
1550 504 1639 543 quod
1664 505 1878 542 compareant

495 558 604 578 coram
622 548 726 585 nobis,
745 547 795 577 vel
814 547 934 577 nostris
950 547 983 577 in
1003 547 1063 576 hac
1082 550 1174 586 parte
1199 546 1450 582 Commissariis,
1476 547 1574 577 certis
1598 547 1716 576 diebus
1740 550 1774 576 et
1798 546 1878 576 locis

494 602 577 631 quos
594 591 640 621 eis
659 591 806 621 videritis
820 591 1037 630 prefigendos,
1055 600 1154 629 super
1178 590 1345 630 premissis
1362 591 1563 629 responsuri,
1581 590 1791 629 ulteriusque
1809 589 1875 619 fac-

495 635 572 672 turi,
591 639 651 664 etc,
699 635 969 673 Tonsuratosque
986 633 1153 671 predictos
1178 633 1218 663 ab
1243 643 1305 663 usu
1329 637 1466 663 tonsure
1490 637 1524 663 et
1547 633 1778 673 superpellicii,
1804 643 1878 662 nec·

496 688 562 708 non
588 678 806 714 Vestimenta,
834 677 967 714 Calices,
992 681 1026 707 et
1051 676 1186 715 Altaria,
1212 677 1311 706 modo
1340 687 1405 716 quo
1438 677 1648 716 premittitur
1672 679 1833 713 execrata,
1862 686 1880 705 a

497 721 618 752 Divino
636 721 781 751 Servicio
798 721 933 761 penitus
949 720 1170 760 suspendatis.
1220 720 1263 750 Et
1280 720 1361 759 quid
1380 720 1524 750 feceritis
1540 721 1572 749 111
1592 720 1759 759 premissis
1783 719 1878 749 certi-

499 765 602 795 ficetis
618 775 686 802 nos,
707 765 756 794 vel
774 764 919 804 prefatos
942 768 1073 793 nostros
1098 763 1358 801 Commissarios,
1383 763 1481 793 dictis
1505 763 1559 793 die
1582 767 1617 794 et
1640 763 1711 793 loco
1735 762 1879 802 quilibet

500 811 650 838 vestrum
666 811 833 848 quatenus
850 808 890 837 ad
908 818 983 837 eum
999 807 1131 845 attinet,
1146 817 1204 846 per
1221 807 1349 836 Literas
1365 817 1439 837 suas
1454 810 1605 846 patentes
1619 807 1737 837 harum
1752 807 1878 843 seriem,

501 862 565 881 una
582 861 658 881 cum
682 852 861 881 citatorum
886 851 1082 890 hujusmodi
1105 850 1298 880 nominibus
1322 854 1356 880 et
1380 851 1640 890 cognominibus,
1659 849 1787 890 plenius
1804 859 1879 879 con-

498 895 810 925 tinentes—Dated
827 898 863 925 at
880 894 1067 933 Faringdon
1086 893 1232 931 (Hants),
1251 895 1290 924 16
1307 894 1405 925 June.

459 943 515 980 St.
540 943 746 988 Crantock,
771 943 837 979 the
858 943 1071 991 Collegiate
1103 942 1259 979 Church
1289 944 1329 979 of
1345 956 1354 989 3
1384 942 1620 978 stimulatum
1653 941 1706 978 ad
1737 941 1878 977 denun-

511 998 691 1034 ciandum
711 997 1044 1033 excommunicatos
1074 997 1267 1033 inicientes
1296 1010 1432 1033 manus
1461 997 1643 1032 violentas
1671 996 1713 1031 in
1737 994 1881 1042 presbi—

512 1059 633 1088 terum
652 1051 695 1087 in
716 1051 894 1096 Ecclesia,
918 1051 1108 1087 Divinum
1128 1050 1340 1088 Servicium
1359 1050 1664 1098 impeclz‘e7zcl0,—-

350 1105 448 1132 nichil.
472 1106 625 1143 Thomas,
643 1108 718 1142 etc„
738 1108 850 1134 nostre
869 1105 1045 1134 Peculiaris
1070 1104 1319 1134 Jurisdiccionis
1342 1105 1375 1134 in
1402 1104 1569 1134 Cornubia
1592 1114 1628 1133 ac
1653 1102 1883 1133 Archi-liaconi

502 1149 607 1180 nostri
641 1148 876 1179 Cornubiensis
908 1148 1119 1185 Officialibus,
1153 1148 1283 1178 Decano
1307 1147 1348 1177 (le
1373 1147 1480 1185 Pidre,
1506 1147 1728 1186 omnibusque
1751 1146 1822 1175 aliis
1846 1149 1880 1175 et

502 1192 640 1230 singulis
658 1192 796 1221 Decanis
820 1194 854 1221 et
881 1191 1012 1221 Curatis
1036 1201 1092 1231 per
1118 1191 1318 1221 Cornubiam
1344 1191 1484 1221 ubilibet
1508 1189 1880 1227 constitutis,salutem,

503 1235 758 1266 etc-Auribus
794 1234 915 1264 nostris
946 1235 1107 1265 relacione
1138 1234 1304 1274 fidedigna
1335 1238 1386 1264 est
1412 1244 1500 1264 nunc
1526 1234 1655 1264 noviter
1684 1233 1880 1262 nunciatum

503 1279 592 1319 qnod
610 1279 746 1318 quidam
764 1278 951 1318 iniquitatis
968 1278 1036 1315 filii,
1054 1287 1196 1317 quorum
1215 1278 1348 1307 nomina
1365 1283 1400 1307 et
1424 1288 1561 1317 persone
1585 1277 1707 1316 pariter
1731 1276 1880 1315 ignoran-

504 1327 570 1360 tur,
592 1321 769 1352 Ecclesiam
788 1321 1003 1360 collegiatam
1022 1324 1169 1351 nostram
1188 1321 1300 1351 Sancti
1318 1321 1493 1352 Carentoci
1510 1321 1541 1351 vi
1566 1323 1693 1350 armata
1718 1319 1883 1349 hostiliter

503 1370 584 1396 sunt
608 1366 754 1403 ingressi,
772 1369 873 1404 atque
897 1365 1016 1394 exinde
1040 1365 1221 1394 Dominum
1248 1364 1462 1401 VVillelmum,
1486 1364 1589 1404 ipsius
1614 1363 1757 1393 Ecclesie
1781 1363 1881 1393 Deca-

504 1419 597 1447 num,
625 1409 658 1439 in
694 1408 938 1438 Presbiteratus
963 1408 1086 1438 Ordine
1110 1408 1344 1446 constitutum,
1376 1418 1412 1438 ac
1439 1408 1518 1437 alios
1544 1407 1713 1437 Ministros
1738 1406 1883 1436 Ecclesie

504 1452 704 1493 supradicte,
745 1451 875 1482 Divinis
913 1451 1069 1481 laudibus
1108 1451 1310 1489 insistentes,
1344 1451 1506 1481 violenter
1537 1453 1763 1488 extraxerunt,
1800 1459 1882 1479 ausu

505 1496 681 1527 temerario
698 1502 733 1525 et
748 1495 913 1534 sacrilego,
933 1495 1093 1524 Divinum
1112 1494 1265 1525 Officium
1284 1495 1438 1534 nequiter
1460 1494 1681 1534 impediendO,
1699 1502 1884 1531 manusque

505 1539 667 1569 violentas
685 1539 717 1568 in
737 1538 879 1568 Clericos
902 1542 936 1568 et
961 1538 1120 1568 Personas
1145 1538 1389 1568 Ecclesiasticas
1415 1541 1621 1574 memoratas,
1639 1547 1704 1567 11011
1729 1536 1800 1566 sine
1823 1535 1885 1565 Dei

506 1583 628 1613 offensa
647 1582 799 1621 Clerique
817 1585 851 1611 et
868 1581 981 1621 populi
999 1581 1152 1611 scandalo
1177 1581 1272 1611 valde
1295 1581 1395 1620 gravi,
1414 1584 1538 1611 temere
1561 1580 1750 1620 injecerunt
1766 1590 1773 1617 ;
1798 1579 1886 1608 unde

505 1637 569 1656 non
595 1630 645 1656 est
668 1625 809 1656 dubium
834 1625 980 1664 prefatos
1005 1624 1232 1655 malefactores
1257 1624 1392 1664 Major-is
1417 1623 1780 1654 Excommunicacionis
1804 1623 1882 1653 Sen-

507 1669 625 1707 tencia,
642 1679 661 1699 a
679 1669 811 1699 Canone
835 1672 869 1698 et
893 1668 1092 1698 Sanctorum
1118 1669 1257 1698 Patrum
1283 1668 1433 1698 Decretis
1458 1668 1522 1697 lata
1547 1667 1578 1697 in
1606 1667 1664 1697 hac
1689 1670 1791 1706 parte,
1815 1665 1884 1695 fore

508 1712 741 1752 multipliciter
764 1712 952 1742 innodatos.
999 1711 1100 1741 Vobis
1124 1711 1237 1750 igitur,
1257 1711 1464 1751 conjunctim
1489 1714 1522 1740 et
1546 1711 1688 1748 divisim,
1706 1709 1886 1739 committi-

509 1766 593 1793 muS,
612 1760 686 1793 etc.‚
706 1755 866 1795 quatinus
883 1754 1009 1784 Diebus
1027 1754 1209 1784 Dominicis
1225 1758 1260 1784 et
1284 1754 1434 1791 Festivis,
1452 1755 1485 1784 in
1511 1754 1666 1783 omnibus
1690 1756 1724 1783 et
1747 1752 1885 1790 singulis

509 1799 664 1830 Ecclesiis
684 1798 983 1828 Archidiaconatus
1008 1798 1159 1837 predicti,
1184 1801 1351 1837 quatenus
1375 1798 1416 1828 ad
1440 1806 1715 1837 unumquemque
1740 1799 1887 1826 vestrum

506 1843 639 1880 attinet,
657 1842 747 1872 intra
770 1842 945 1871 Missarum
970 1841 1162 1881 solempnia,
1180 1851 1255 1871 cum
1281 1840 1387 1880 major
1410 1841 1442 1871 in
1468 1841 1591 1870 eisdem
1616 1840 1749 1870 affuerit
1773 1838 1885 1878 populi

508 1886 702 1923 multitudo,
720 1895 833 1915 omnes
851 1884 1078 1914 malefactores
1094 1884 1288 1924 hujusmodi
1307 1884 1610 1914 excommunicatos
1633 1883 1735 1913 fuisse
1759 1887 1792 1912 et
1816 1892 1884 1911 esse

508 1929 733 1969 solempniter,
754 1928 894 1968 publice,
912 1931 947 1958 et
970 1928 1003 1957 in
1028 1938 1146 1966 genere
1170 1927 1388 1965 denuncietis,
1407 1931 1441 1957 et
1464 1927 1592 1957 faciatis
1616 1937 1674 1966 per
1696 1926 1776 1955 alios
1800 1935 1883 1954 nnn-

507 1973 585 2003 ciari
600 1983 607 2010 ;
638 1983 655 2002 a
672 1971 927 2001 denunciacione
945 1970 1139 2010 hujusmodi
1155 1981 1221 2000 non
1238 1974 1402 2001 cessantes
1419 1981 1592 2010 quousque
1610 1970 1710 2010 passis
1728 1969 1884 2009 injuriam

509 2016 543 2046 111
583 2016 643 2046 hac
677 2018 771 2054 parte
807 2014 1028 2045 satisfecerint
1063 2017 1294 2053 competenter
1340 2017 1375 2043 et
1416 2014 1645 2044 Absolucionis
1686 2012 1883 2042 beneficium

511 2059 694 2089 meruerint
720 2059 878 2097 optinere,
904 2068 939 2087 ac
969 2058 1060 2087 aliud
1084 2068 1101 2087 a
1126 2057 1220 2087 nobis
1244 2057 1427 2087 habueritis
1451 2057 1484 2087 in
1510 2056 1685 2087 mandatis¹
1732 2056 1767 2086 Si
1791 2064 1882 2095 quOS‚

509 2106 632 2140 autem,
650 2102 867 2132 reclamantes
884 2101 1087 2138 inveneritis,
1105 2101 1213 2130 citetis
1230 2101 1372 2138 eosdem,
1390 2111 1445 2130 seu
1465 2100 1558 2130 citari
1583 2100 1719 2137 faciatis,
1738 2108 1882 2138 peremp-

511 2146 603 2184 torie,
621 2146 709 2185 quod
728 2148 941 2184 compareant
957 2154 1064 2174 coram
1083 2144 1186 2182 nobis,
1199 2143 1250 2173 vel
1267 2145 1390 2174 nostris
1408 2143 1656 2181 commiss-ariis,
1668 2143 1765 2173 certis
1783 2142 1835 2172 die
1851 2143 1885 2171 et

511 2189 581 2219 1000
597 2199 679 2229 quos
693 2188 738 2218 eis
751 2188 901 2218 videritis
918 2188 1133 2228 prefigendos,
1148 2197 1279 2217 causam
1297 2187 1541 2217 reclamacionis
1558 2197 1616 2216 sue
1632 2186 1665 2216 in
1682 2186 1789 2216 forma
1803 2184 1886 2224 juris

512 2231 724 2272 proposituri,
743 2232 951 2271 ulteriusque
976 2230 1108 2269 facturi,
1127 2234 1188 2261 etc.
1236 2231 1280 2260 Et
1304 2230 1386 2270 quid
1409 2230 1562 2267 feceritis,
1580 2234 1642 2260 etc.
1659 2230 1762 2267 (same
1779 2226 1879 2265 date).

360 2279 431 2344 Q]
467 2281 670 2319 Wiclifism
689 2294 697 2327 ;
730 2281 798 2318 the
819 2280 926 2328 King
946 2285 1082 2328 grants
1103 2292 1249 2329 powers
1268 2280 1328 2316 for
1348 2281 1398 2316 its
1418 2279 1734 2329 suppression,—

411 2333 418 2339 ’
472 2336 640 2372 Ricardus,
669 2338 745 2372 etc„
774 2334 929 2364 omnibus
953 2334 992 2363 ad
1018 2343 1100 2373 quos
1125 2336 1293 2373 presentes
1317 2333 1428 2363 Litere
1452 2333 1663 2373 pervenerint
1692 2332 1885 2362 salutem.—

516 2378 728 2418 Significante
752 2377 847 2408 nobis
871 2377 1059 2407 Venerabili
1090 2377 1198 2414 Patre,
1224 2377 1390 2406 willelmo
1422 2377 1476 2415 [de
1509 2374 1722 2415 Courtenay]
1754 2373 1885 2404 Archie-

515 2422 648 2462 piscopo
673 2421 913 2457 Cantuariensi‚
939 2424 1012 2457 etc„
1037 2430 1094 2459 per
1120 2420 1320 2450 Peticionem
1344 2430 1438 2450 suam
1463 2420 1557 2449 nobis
1581 2419 1775 2454 exhibita-m,
1792 2417 1886 2457 pleno

516 2464 726 2504 concepimus
756 2464 927 2494 intellectu
954 2463 1043 2503 quod
1073 2463 1287 2503 quamplures
1310 2463 1536 2493 conclusiones
1559 2472 1636 2492 sane
1660 2461 1810 2492 doctrine
1833 2458 1885 2488 ob-

517 2508 654 2544 viantes,
673 2510 706 2537 et
729 2507 762 2537 in
789 2507 881 2537 Fidei
906 2506 1074 2536 Catholice
1100 2506 1308 2546 Ecclesieque
1333 2507 1454 2536 Sancte
1477 2516 1513 2536 ac
1536 2516 1594 2535 sue
1620 2504 1788 2535 Provincie
1810 2501 1885 2533 sub-

517 2551 700 2581 versionem
726 2549 855 2580 notorie
878 2550 1112 2587 redundantes,
1144 2549 1177 2579 in
1206 2550 1297 2579 Locis
1320 2549 1457 2579 diversis
1480 2549 1566 2579 infra
1590 2547 1795 2578 Provinciam
1819 2554 1886 2584 pre-

518 2595 641 2624 dictam
659 2593 785 2623 fuerint
801 2593 909 2632 palam
926 2595 959 2623 et
976 2592 1115 2632 publice,
1133 2592 1209 2623 licet
1225 2592 1489 2632 dampnabiliter,
1507 2591 1684 2631 predicate.
1731 2593 1885 2627 Quarum,

518 2637 663 2676 quidem,
692 2636 940 2666 conclusionum
973 2636 1115 2675 quedam
1149 2639 1188 2665 ut
1217 2635 1356 2674 hereses,
1385 2639 1491 2665 cetere
1519 2645 1594 2664 vero
1626 2637 1664 2664 ut
1687 2642 1810 2663 errores
1833 2639 1888 2669 per

519 2680 698 2710 Ecclesiam
723 2679 906 2718 dampnati,
923 2678 1037 2709 habita
1059 2679 1136 2708 inde
1161 2679 1251 2718 prius
1274 2678 1359 2708 bona
1382 2681 1416 2708 et
1439 2680 1570 2708 matura
1594 2675 1837 2712 deliberacione,
1854 2681 1889 2701 ac

518 2723 687 2753 communi
704 2722 838 2752 consilio
854 2722 958 2762 ipsius
976 2721 1220 2761 Archiepiscopi
1243 2724 1278 2751 et
1301 2721 1589 2760 Suffraganeorum
1616 2729 1752 2750 suorum
1777 2724 1886 2757 quam-

519 2766 676 2806 plurium,
694 2765 727 2795 in
744 2765 921 2804 Theologia
938 2765 1130 2801 Doctorum,
1149 2765 1356 2804 aliorumque
1379 2764 1571 2794 clericorum
1596 2763 1628 2793 in
1654 2762 1760 2793 Sacris
1784 2758 1886 2797 Scrip-

521 2809 607 2839 turis
637 2808 831 2848 peritorum,
861 2809 1001 2838 fuerunt
1032 2807 1176 2838 finaliter
1206 2811 1240 2838 et
1270 2808 1447 2838 salubriter
1477 2806 1648 2837 declarate.
1696 2805 1801 2844 Super
1827 2808 1890 2840 quo

520 2852 609 2884 idem
626 2851 720 2882 nobis
737 2850 1010 2893 Archiepiscopus
1027 2850 1226 2892 supplicavit
1243 2853 1290 2890 ut,
1308 2861 1367 2892 pro
1382 2850 1573 2881 cohercione
1596 2848 1773 2890 debitaque
1795 2842 1889 2876 casti-
