1987 3062
447 220 730 254 REGISTRUM
768 222 1220 257 OOMMUNE--ANNO
1263 215 1354 258 10⁰.
1554 214 1648 256 403

117 311 193 373 143-ῖὲ
264 320 339 348 tum
359 317 567 359 Magistrum
588 320 798 353 Willelmum
817 322 914 360 Bide,
936 322 1038 354 dictis
1058 322 1111 355 die
1131 327 1166 355 et
1184 323 1269 361 loco,
1292 323 1431 356 modum
1452 327 1486 355 et
1506 323 1650 354 formam

119 378 179 406 Vol,
195 381 219 408 Ι.
264 359 552 409 Proclamacionis
578 363 775 404 hujusmodi
800 366 834 396 in
860 365 923 397 hac
949 370 1047 407 parte
1074 367 1174 405 facte,
1202 377 1263 408 per
1288 367 1423 399 Literas
1450 377 1538 405 suas,
1568 370 1647 403 etc.,

258 413 394 435 nomina
414 406 521 437 eciam
540 408 787 449 oppositormn,
812 410 839 440 si
860 410 917 450 qui
938 410 1077 449 fuerint,
1101 410 1248 442 dilucide
1269 411 1492 442 continentes.

224 479 423 525 Crediton‚
447 480 515 518 the
545 481 762 532 Collegiate
792 484 950 521 Church
981 485 1022 521 of
1037 499 1047 532 3
1077 485 1253 523 Monicz'o
1282 486 1336 523 ad
1364 485 1648 522 restituendum

263 533 430 580 flaccius
450 535 647 573 Prebewcle
668 538 711 574 de
736 538 948 583 Urmia,—

217 585 315 627 Item,
337 588 463 620 eisdem
482 589 536 620 die
553 594 587 621 et
604 589 690 629 loco,
711 593 884 624 emanavit
902 591 1107 624 Mandatum
1127 592 1295 623 directum
1315 592 1472 623 Dominis
1491 590 1643 623 «Iohanni

262 628 373 670 Hope,
397 630 535 663 Rectori
556 632 706 665 Ecclesie
727 634 768 665 de
790 634 936 666 Hamme
959 635 1076 666 Sancti
1097 635 1237 676 Georgii
1258 634 1510 676 [Georqcham]
1535 638 1570 665 et
1591 634 1650 665 Jo-

261 671 364 704 hanni
387 674 586 713 Laweneke,
610 676 810 717 presbitero,
834 677 878 709 ad
897 678 1103 709 monendum
1124 678 1229 718 ipsos,
1254 677 1317 709 sub
1338 687 1427 718 pena
1446 677 1649 708 Excommu-

260 716 445 763 nicacionis
469 717 626 759 Majoris‚
652 720 687 750 in
711 730 873 761 personas
897 721 1092 761 eorundem,
1119 726 1198 761 etc.,
1224 720 1448 759 fulminande,
1475 721 1649 762 quatinus,

258 759 347 790 infra
372 761 495 801 viginti
523 762 593 793 dies
619 766 697 803 post
722 764 955 804 recepcionem
982 764 1211 801 Presencium,
1242 764 1394 804 singulos
1421 764 1577 796 denarios
1603 764 1643 795 de

262 801 443 848 fructibus,
466 804 667 841 redditibus
690 810 724 838 et
743 806 967 846 proventibus
988 806 1165 839 Prebende
1186 808 1227 839 de
1248 807 1374 847 Cridia,
1398 817 1500 848 quam
1523 807 1649 838 Nicho-

257 844 332 877 laus
356 846 540 889 Salesbury
563 852 719 888 occupat,
747 850 781 880 in
804 850 965 890 presenti,
993 851 1027 881 in
1052 850 1205 882 Ecclesia
1230 850 1420 892 Collegiata
1445 850 1644 883 Criditonie.

262 889 554 930 provenientibus,
581 895 616 923 et
640 893 859 924 Auctor-itate
884 892 1086 933 Apostolica
1111 894 1347 935 sequestratis,
1376 904 1436 934 per
1460 894 1551 934 ipsos
1576 903 1650 934 per—

258 935 386 973 ceptos,
410 937 444 964 et
465 943 550 974 quos
570 935 745 975 percipere
765 939 952 976 potuerunt
973 940 1008 967 et
1028 935 1219 968 debuerunt
1241 947 1261 967 a
1281 940 1436 976 tempore
1457 947 1524 977 quo
1546 936 1643 968 Com-

260 976 456 1008 missionem
473 977 613 1009 Domini
630 982 833 1019 receperunt
850 979 885 1010 in
902 989 941 1010 ea
958 982 1068 1020 parte,
1090 979 1237 1010 Domino
1256 979 1428 1011 Willelmo
1447 979 1648 1017 Wodeman,

258 1018 460 1060 presbitero,
496 1021 671 1052 occasione
706 1021 885 1061 cujusdam
921 1022 1098 1054 Sentencie
1133 1022 1325 1061 diffinitive,
1362 1023 1405 1054 ad
1439 1023 1642 1054 instanciam

261 1072 356 1093 suam
373 1066 407 1093 et
424 1066 542 1094 contra
558 1064 730 1104 prefatum
748 1064 781 1095 N
784 1064 954 1096 icholaum
970 1064 1038 1096 late
1055 1075 1116 1105 per
1130 1064 1334 1096 Auditorem
1353 1065 1461 1097 Cause
1478 1066 1568 1096 inter
1580 1075 1649 1096 eos-

262 1105 338 1136 dem
364 1105 575 1138 Willelmum
601 1110 635 1138 et
660 1106 866 1138 Nicholaum
892 1108 926 1139 in
954 1108 1111 1139 Romana
1136 1106 1240 1139 Curia
1265 1107 1459 1143 terminate,
1488 1107 1543 1139 vel
1569 1106 1649 1138 Pro-

259 1150 407 1179 curatori
436 1149 588 1189 ejusdem
614 1153 821 1190 potestatem
849 1150 1033 1190 recipiendi
1061 1154 1096 1181 et
1121 1151 1336 1191 acquictandi
1367 1151 1567 1191 cuicumque
1594 1150 1651 1181 ha-

258 1190 353 1223 benti
371 1193 404 1222 in
423 1191 486 1223 hac
504 1196 612 1232 parte,
634 1193 780 1224 fideliter
796 1192 1005 1234 persolvant,
1027 1204 1085 1224 seu
1104 1194 1251 1230 persolvi
1270 1194 1409 1225 faciant.
1459 1194 1504 1226 Et
1522 1192 1650 1224 habent

263 1234 306 1265 ad
330 1235 587 1267 certificandum
612 1236 798 1267 Dominum
821 1236 912 1267 infra
934 1236 1050 1267 decem
1075 1236 1146 1267 dies
1170 1236 1279 1267 dictos
1303 1236 1428 1278 viginti
1453 1236 1524 1267 dies
1548 1237 1650 1267 inme-

261 1278 352 1309 diate
375 1282 565 1319 sequentes,
590 1279 624 1309 in
648 1278 814 1319 Hospicio
837 1289 898 1310 suo
921 1278 1161 1317 Londoniensi,
1189 1290 1258 1311 una
1280 1290 1357 1311 cum
1381 1290 1461 1310 vero
1486 1283 1644 1319 compoto

264 1321 414 1352 omnium
444 1331 505 1362 per
532 1321 667 1353 eosdem
696 1325 731 1353 et
758 1325 942 1361 utrumque
970 1322 1124 1363 ipsorum
1152 1326 1368 1363 receptorum
1398 1322 1439 1354 de
1467 1322 1649 1361 fructibus,

260 1363 461 1402 redditibus,
487 1368 521 1396 et
542 1363 767 1405 proventibus
790 1365 993 1400 antedictis;
1024 1364 1243 1397 Presencium
1267 1369 1300 1397 et
1324 1365 1480 1398 Mandati
1505 1366 1646 1398 alterius

261 1407 386 1439 eisdem
405 1409 500 1449 prius
519 1408 639 1440 directi
659 1418 735 1439 cum
754 1407 941 1449 tenoribus,
964 1412 1027 1440 etc.
1288 1432 1304 1447 κ

222 1478 488 1527 Illegitimacy
502 1491 512 1523 3
532 1477 790 1525 Dispensacio
810 1490 900 1514 cum
919 1477 1192 1526 illeqitim0‚--

221 1531 261 1562 In
286 1531 410 1563 favour
433 1532 468 1562 of
491 1530 584 1563 John
609 1529 832 1572 Gatycombe,
860 1529 1070 1569 scholar,—“
1084 1531 1124 1563 de
1150 1530 1261 1563 soluto
1286 1530 1422 1571 genitus
1447 1535 1482 1562 et
1505 1529 1652 1567 soluta‚’'

262 1601 267 1605 .
298 1600 304 1605 .
333 1601 339 1607 .
363 1574 611 1615 “presentibus
632 1574 810 1615 Magistris
830 1574 1002 1607 Willelmo
1022 1574 1107 1605 Bide
1128 1578 1162 1606 et
1182 1574 1226 1605 H.
1251 1574 1477 1616 Hickelynge‚
1502 1574 1645 1606 Canoni-

262 1618 309 1649 cis
330 1618 365 1649 in
385 1618 545 1649 Ecclesiis
567 1617 829 1649 Cathedralibus
851 1616 1038 1650 Saresbirie
1058 1621 1093 1649 et
1114 1617 1243 1649 Exonie
1266 1618 1430 1658 (London,
1455 1620 1473 1650 7
1495 1618 1603 1660 July).

222 1688 417 1737 Sacrilege
444 1691 486 1724 at
515 1686 722 1732 XVarland,
750 1699 845 1724 near
876 1687 1049 1733 Totne53
1080 1687 1355 1724 Demmciacio
1378 1700 1454 1736 pro
1487 1687 1649 1736 Capella

276 1741 415 1779 ›S'a‘nctz'
436 1741 615 1790 Spiritus
634 1741 679 1778 de
708 1741 921 1786 Werlande,
944 1746 1078 1786 etc„—

215 1795 315 1835 Item,
338 1793 476 1831 ibidem,
500 1795 533 1835 xj
558 1795 621 1831 die,
646 1795 819 1826 emanavit
841 1794 1045 1826 Mandatum
1068 1794 1236 1825 directum
1259 1793 1396 1824 Decano
1420 1793 1591 1833 Tottonie,
1616 1798 1650 1826 et

258 1839 439 1878 Perpetuis
470 1838 618 1870 Vicariis
649 1837 879 1868 Ecclesiarum
911 1837 1165 1868 Parochialium
1197 1836 1368 1874 Tottonie,
1405 1836 1581 1872 Brixham,
1616 1840 1649 1867 et

259 1883 300 1914 de
326 1883 596 1923 Byrypommay,
626 1881 669 1912 ad
697 1880 971 1912 denunciandum
997 1890 1112 1911 omnes
1139 1883 1175 1911 et
1200 1879 1351 1919 singulos
1380 1880 1484 1911 fuisse
1512 1884 1547 1912 et
1573 1890 1645 1911 esse

263 1925 573 1957 excommunicatos
592 1924 651 1964 qui
672 1923 846 1964 Capellam
868 1923 982 1955 Sancti
1005 1922 1153 1963 Spiritus
1174 1922 1215 1954 de
1234 1922 1429 1959 Werlande,
1451 1923 1554 1963 juxta
1573 1923 1651 1954 Tot-

256 1969 399 2008 toniam,
422 1971 457 2000 et
479 1967 545 1998 alia
564 1967 639 1998 loca
661 1967 705 1998 ad
725 1966 866 1997 eandem
889 1965 1063 2006 Capellam
1085 1966 1307 2007 pertinencia,
1333 1970 1447 2006 preter
1469 1970 1502 1998 et
1525 1971 1645 1998 contra

260 2011 474 2043 voluntatem
487 2010 648 2042 Custodis
661 2009 825 2050 ejusdem,
844 2008 1127 2050 ingrediebantur
1139 2007 1303 2045 clanculo,
1318 2013 1456 2043 temere,
1473 2013 1507 2040 et
1519 2009 1644 2048 dolose,

261 2065 300 2086 ac
320 2053 461 2093 Calices,
482 2053 710 2090 Vestimenta,
733 2050 866 2091 Libros,
888 2061 1018 2083 necnon
1040 2050 1172 2090 Cartas,
1196 2051 1341 2090 Literas,
1365 2055 1399 2084 et
1420 2052 1649 2091 Munimenta,

260 2108 354 2138 vasa,
385 2100 419 2128 et
447 2095 608 2128 utensilia
635 2095 678 2128 ad
707 2096 836 2127 dictam
866 2094 1041 2136 Capellam
1069 2094 1292 2135 pertinencia,
1324 2093 1530 2135 arboresque
1560 2095 1650 2127 infra

260 2141 501 2174 Sanctuarium
524 2139 678 2179 ejusdem
701 2137 839 2179 Capelle
862 2147 972 2178 nuper
995 2140 1184 2168 crescentes
1208 2137 1410 2170 scindebant
1433 2142 1467 2170 et
1491 2142 1644 2179 asporta-

260 2188 362 2222 runt;
401 2185 503 2224 juxta
534 2182 827 2215 Constitucionem
860 2181 1086 2213 Dominorum
1119 2179 1257 2211 Ottonis
1289 2184 1324 2212 et
1355 2179 1643 2220 Octoboni‚——Ad

260 2227 411 2267 tutelam,
432 2231 488 2258 etc.
497 2251 504 2265 ,
525 2230 583 2258 etc.

109 2298 198 2326 fol-⁷⁴·
215 2296 492 2341 Confessions3
522 2294 587 2331 Ad
604 2293 854 2331 audiendum
876 2291 1214 2341 Confessiones‚—-

215 2350 314 2387 Item,
336 2348 474 2388 ibidem,
497 2347 675 2379 undecimo
695 2347 759 2383 die,
782 2346 951 2378 Dominus
972 2345 1140 2376 concessit
1159 2345 1275 2377 Fratri
1296 2344 1447 2377 Johanni
1468 2345 1638 2385 Michelle,

257 2392 393 2423 Ordinis
418 2391 689 2429 Predicatomm,
715 2390 909 2421 Licenciam
933 2388 977 2419 ad
1000 2387 1206 2419 audiendum
1231 2386 1467 2419 Confessiones
1490 2387 1642 2420 subdito-

256 2445 331 2466 rum
349 2444 486 2466 suorum
502 2434 592 2465 infra
608 2433 919 2465 Archidiaconatus
935 2431 1095 2462 Tottonie
1113 2433 1148 2461 et
1165 2428 1335 2461 Cornubie
1354 2431 1641 2462 commorancium

257 2476 474 2517 ubicumque,
506 2480 539 2508 et
567 2476 611 2508 ad
639 2475 884 2507 absolvendum
913 2473 1059 2512 eosdem,
1090 2476 1180 2509 etc.;
1216 2482 1323 2513 usque
1352 2473 1493 2504 Festum
1524 2473 1638 2505 Sancti

257 2520 435 2552 Michaelis
456 2520 611 2561 proximo
632 2519 789 2550 futurum
809 2516 1048 2549 tantummodo
1070 2515 1281 2546 (hiraturam.

218 2591 484 2640 Illegitimacy
502 2603 511 2635 3
534 2588 763 2627 Commissio
776 2585 1132 2635 adinquirendum
1147 2584 1191 2621 de
1207 2584 1291 2621 vita
1305 2591 1339 2621 et
1351 2586 1644 2623 conversacione

272 2644 480 2692 eujusdam
500 2642 767 2690 illamam,—

215 2698 314 2737 Item,
347 2696 484 2732 ibidem,
518 2695 773 2736 quartodecimo
803 2693 867 2731 die,
900 2692 1073 2724 emanavit
1103 2690 1305 2723 commissio
1335 2691 1467 2723 directa
1495 2691 1639 2724 Officiali

258 2740 445 2771 Peculiaris
468 2738 727 2771 -Jurisdiccionis
750 2737 886 2768 Domini
910 2736 944 2766 in
969 2733 1152 2769 cornubia,
1178 2733 1219 2764 ad
1244 2734 1484 2774 inquirendum
1508 2735 1549 2766 de
1573 2737 1646 2766 vita

255 2788 289 2815 et
305 2783 566 2814 conversacione
581 2779 709 2814 Thome
727 2778 939 2816 Cornwaille,
960 2776 1110 2816 scolaris,
1129 2776 1331 2809 Exoniensis
1348 2776 1512 2815 Diocesis,
1534 2778 1638 2820 illegi-

345 2826 436 2875 20²
