1987 3062
485 263 773 297 REGISTRUM
810 261 1267 296 COMMUNE—ANNO
1308 252 1398 295 15⁰.
1619 251 1710 296 567

181 369 255 395 Α·Ῑ)-
337 372 446 401 nostri
463 371 689 411 impressione
706 371 742 400 in
759 371 860 401 dorso
885 369 988 407 sigilli
1013 368 1244 406 consignatas,
1263 367 1405 396 minime
1423 367 1652 403 exhibuerint,
1671 368 1711 397 de

180 404 287 462 Ῑνὲῗΐῇῐ·
337 420 453 446 cetero
469 416 675 445 admittatis.
724 415 778 451 Et,
797 414 823 443 si
842 414 954 453 alique
974 413 1088 442 Literc
1106 414 1275 450 suspecte,
1293 415 1328 440 et
1352 411 1470 440 taliter
1487 414 1525 440 ut
1542 412 1711 449 premitti-

337 462 395 489 tur
411 470 479 489 non
497 460 633 497 signate
651 459 705 488 vel
721 458 874 488 exhibite
891 457 1023 487 fuerint
1041 460 1074 486 et
1093 461 1240 491 ostense,
1259 465 1317 484 eas
1341 455 1521 484 retineatis
1538 457 1571 484 et
1590 455 1632 484 ad
1650 466 1712 485 nos

336 504 495 533 celeriter
520 503 781 533 transmittatis.
829 502 870 531 In
896 501 995 541 cujus
1020 501 1068 530 rei
1096 499 1336 529 testimonium
1365 499 1515 535 sigillum
1544 501 1712 535 nostrum,

181 569 216 594 sol
332 557 401 577 una
429 557 507 577 cum
535 547 762 586 impressione
790 546 885 576 anuli
917 545 1026 575 nostri
1055 544 1091 573 in
1120 543 1231 580 (lOrSO,
1260 542 1407 572 fecimus
1436 543 1502 572 hiis
1531 543 1712 581 apponis--

180 589 255 630 137‘b.
333 592 447 621 Dated
465 591 618 629 London,
636 592 656 621 9
675 591 804 620 March.

289 646 447 683 Letters
469 645 760 694 Dimissory,—

291 701 442 731 Richard
456 700 636 737 Tresahar,
651 701 791 735 deacon,
811 699 828 712 “
838 699 880 729 ad
897 698 1040 729 Sacrum
1055 697 1312 727 presbiteratus
1327 696 1492 726 Ordinem
1503 696 1520 705 ''
1543 694 1712 731 (London,

335 746 355 775 9
373 743 522 783 March).

290 799 460 849 Colyton
477 812 487 844 ,·
507 797 874 842 Penitencim·ia‚--

291 855 450 891 Thomas,
468 856 544 891 etc.,
562 854 730 891 Magistro
748 852 895 882 Ricardo
912 851 954 881 de
965 850 1206 890 WVykcslonde,
1220 849 1359 879 vicario
1378 849 1548 888 Perpetuo
1563 849 1715 879 Ecclesic

336 898 548 928 Parochialis
576 898 617 927 de
644 897 822 936 Colytone,
852 896 1011 933 salutem,
1036 895 1202 925 etc.--Ad
1226 893 1437 923 audiendum
1455 894 1489 922 111
1507 894 1582 923 foro
1599 894 1714 923 anime

338 942 581 972 Confessiones
608 941 895 980 parochianorum
924 943 1062 969 tuorum
1092 947 1396 978 quorumcumque,
1422 938 1580 977 ipsosque
1605 938 1714 967 absol-

336 987 486 1016 vendum
512 986 553 1015 de
578 985 729 1024 peccatis
752 984 823 1014 suis
849 984 912 1013 tibi
940 983 1112 1013 veraciter
1133 982 1301 1012 confessis
1327 980 1410 1020 (eta,
1436 982 1466 1010 1'11
1495 982 1547 1011 the
1567 992 1712 1011 common

330 1028 460 1068 form);
492 1030 567 1067 tibi,
593 1029 634 1059 de
658 1029 758 1068 cujus
782 1028 996 1058 consciencie
1022 1027 1175 1066 puritate
1200 1037 1240 1057 ac
1268 1026 1580 1065 circumspeccione
1605 1028 1639 1056 et
1664 1027 1713 1055 in-

336 1075 471 1104 dustria
494 1074 632 1113 plenam
657 1073 692 1102 in
718 1073 865 1102 Domino
882 1072 1043 1102 fiduciam
1061 1071 1224 1110 gerimuS,
1242 1077 1362 1100 tenore
1381 1070 1605 1100 Presencium
1622 1070 1715 1100 vices

333 1121 471 1148 nostras
488 1117 741 1148 committimus
757 1119 791 1146 et
802 1116 994 1155 plenariam
1006 1117 1216 1154 potestatem
1234 1129 1240 1150 ς
1259 1114 1484 1144 Presentibus
1497 1114 1540 1144 ad
1556 1117 1714 1144 nostrum

334 1162 592 1201 beneplacitum
610 1160 959 1191 dm'aturis.*Dated
977 1160 1130 1195 London,
1150 1160 1188 1189 11
1209 1159 1338 1188 March.

288 1215 466 1252 Dawlish
486 1230 494 1262 ;
525 1216 591 1252 Ad
621 1214 872 1252 audiendum
894 1213 1162 1262 Confessiones
1184 1212 1523 1261 parochianorum
1546 1212 1711 1260 Capelle,

342 1269 407 1306 lite
422 1270 681 1318 pendente‚—-‹

292 1326 450 1362 Thomas,
469 1328 545 1361 ete,
564 1324 712 1354 Domino
730 1325 864 1362 Rogero
884 1322 944 1363 [de
963 1321 1185 1362 Saresbiria].
1202 1322 1341 1352 vicario
1360 1322 1512 1352 Ecclesie
1531 1322 1712 1352 Parochia-

334 1369 377 1399 lis
399 1369 440 1399 de
464 1369 635 1403 Kentone,
660 1370 694 1398 et
712 1368 882 1398 Wisselmo
908 1367 1097 1407 Skynnere,
1121 1367 1309 1405 capellano,
1333 1366 1491 1397 salutem.
1514 1366 1713 1396 eta—Cum

335 1413 514 1443 occasione
546 1412 797 1443 subtraccionis
833 1412 1014 1451 cujusdam
1048 1411 1225 1450 Capellani
1261 1411 1388 1450 ydonei
1424 1411 1459 1439 in
1500 1410 1640 1449 Capella
1672 1411 1714 1441 de

335 1457 487 1488 Coctone
521 1455 690 1496 [Costmz]
716 1456 808 1486 infra
836 1457 922 1486 fines
949 1458 984 1485 et
1008 1455 1137 1485 limites
1162 1455 1373 1484 Parochialis
1394 1454 1546 1484 Ecclesie
1564 1454 1605 1484 de
1623 1455 1713 1484 Dou-

334 1502 454 1541 lysche
483 1501 622 1535 situata,
648 1511 710 1540 per
733 1500 910 1530 Vicarium
937 1500 1029 1529 dicte
1055 1499 1207 1529 Ecclesie
1232 1499 1273 1528 de
1297 1499 1492 1538 Doulysche
1518 1499 1713 1538 sumptibus

336 1546 407 1575 suis
425 1546 535 1575 solum
553 1548 587 1575 et
604 1545 791 1574 insolidum
809 1544 1018 1582 inveniendi,
1031 1554 1070 1573 ac
1087 1543 1306 1582 parochianis
1324 1543 1415 1572 dicte
1433 1542 1571 1582 Capelle
1590 1543 1714 1573 Missas

335 1592 370 1620 et
398 1590 466 1619 alia
495 1589 622 1619 Divina
649 1589 768 1619 Officia
796 1589 832 1617 in
860 1588 980 1618 eadem
1008 1588 1148 1626 Capella
1171 1587 1316 1625 singulis
1334 1587 1434 1616 annis
1456 1587 1712 1626 imperpetuum

335 1633 553 1669 celebraturi,
573 1633 864 1672 Sacramentaquc
882 1635 917 1662 et
936 1632 1207 1661 Sacramentalia
1219 1631 1350 1661 eisdem
1362 1631 1604 1668 ministraturi,
1622 1631 1715 1661 inter

336 1678 447 1707 dictos
463 1677 700 1716 parochianos,
719 1687 759 1706 ex
776 1680 874 1715 parte
891 1686 969 1713 una,
988 1678 1022 1705 et
1039 1676 1147 1715 ipsius
1173 1675 1325 1705 Ecclesie
1343 1675 1384 1704 de
1402 1675 1597 1714 Doulysche
1614 1675 1713 1705 Vica-

335 1722 425 1751 rium
443 1721 501 1760 qui
517 1731 609 1751 nunc
626 1723 688 1757 est,
706 1731 747 1750 ex
764 1721 883 1758 altera,
902 1721 944 1750 lis
960 1720 995 1749 in
1014 1719 1117 1749 Curia
1133 1719 1374 1749 Cantuariensi
1387 1719 1536 1758 pendeat
1550 1720 1713 1757 indecisa,

334 1766 509 1804 nichilque
526 1765 699 1804 pendente
713 1764 912 1804 hujusmodi
929 1765 989 1794 lite
1006 1764 1042 1793 in
1060 1764 1288 1803 prejudicium
1303 1763 1451 1803 alicujus
1464 1763 1625 1793 Parcium
1638 1774 1712 1803 pre-

335 1809 507 1839 dictarum
525 1809 649 1839 debeat
665 1809 823 1838 innovari
837 1823 843 1845 3
860 1808 968 1846 vobis,
986 1808 1102 1846 igitur,
1121 1808 1333 1847 conjunctim
1348 1810 1382 1837 et
1396 1807 1544 1845 divisim,
1559 1808 1602 1838 ad
1618 1809 1713 1838 audi-

335 1854 463 1883 endum
482 1852 724 1883 Confessiones
745 1853 1036 1892 parochianorum
1060 1852 1216 1891 ejusdcm
1236 1851 1383 1891 Capelle,
1402 1852 1561 1891 ipsosque
1578 1852 1619 1882 de
1636 1862 1712 1891 pec-

335 1898 423 1928 catis
449 1897 529 1935 suis,
559 1897 656 1926 vobis
680 1899 740 1926 aut
763 1897 863 1926 alteri
880 1899 1035 1926 vestrum
1054 1896 1230 1931 confessis,
1249 1896 1508 1933 absolvendum,
1526 1906 1565 1925 ac
1582 1897 1712 1926 eisdem

335 1941 550 1980 penitencias
568 1941 737 1971 salutares
754 1941 1018 1980 injungendum,
1033 1950 1166 1970 necnon
1187 1940 1449 1969 Sacramentum
1468 1940 1666 1970 Eukaristie
1678 1941 1713 1970 in

337 1986 439 2015 Festo
467 1985 598 2015 Pasche
624 1985 781 2024 proximo
805 1995 898 2014 nunc
914 1984 1043 2022 futuro,
1062 1985 1157 2014 salvo
1175 1985 1209 2013 in
1227 1984 1386 2013 omnibus
1403 1984 1479 2023 jure
1497 1984 1632 2023 prefate
1651 1985 1712 2015 Ec-

335 2029 438 2059 clesie
455 2029 668 2059 Parochialis
690 2032 725 2059 et
751 2029 907 2059 Matricis
925 2029 966 2059 de
984 2028 1190 2068 Doulysche,
1208 2030 1241 2057 et
1260 2028 1388 2067 absque
1406 2028 1481 2067 ejus
1498 2031 1532 2058 et
1550 2029 1621 2058 litis
1638 2039 1712 2068 pre-

336 2074 462 2112 scripte
495 2073 728 2112 dependencie
756 2073 959 2113 prejudicio,
985 2073 1021 2102 in
1047 2073 1140 2102 dicta
1168 2072 1322 2102 Ecclesia
1350 2072 1392 2101 de
1418 2073 1577 2102 Kentone
1595 2073 1712 2103 minis-

336 2118 510 2154 trandum,
536 2120 656 2147 tenore
676 2117 899 2147 Presencium
922 2117 1173 2147 committimus
1195 2119 1418 2156 potestatem.
1467 2117 1507 2146 In
1531 2117 1630 2157 cujus
1652 2118 1712 2155 rei,

335 2161 560 2191 etc.—Dated
577 2161 730 2199 London,
749 2162 789 2190 13
808 2161 938 2191 March.

291 2213 554 2259 Confessions‚
594 2217 694 2260 eto,
744 2215 893 2251 Contra
931 2214 1091 2250 Fratres
1129 2214 1332 2251 condientes
1373 2213 1642 2262 Confessiones
1680 2221 1713 2251 et

342 2267 644 2304 elemosinarum
676 2274 933 2315 questores‚-—

291 2323 451 2360 Thomas,
468 2325 545 2361 etc„
563 2322 707 2353 Officiali
729 2326 848 2353 nostro
871 2323 1067 2362 Principali,
1090 2325 1134 2360 et,
1156 2323 1191 2352 in
1216 2323 1292 2363 ejus
1316 2323 1487 2360 absencia,
1509 2323 1712 2354 Consistorii

335 2367 446 2397 nostri
472 2367 676 2397 Exoniensis
704 2367 918 2404 Presidenti3
950 2377 1094 2405 necnon,
1123 2367 1387 2397 Archidiaconis
1415 2368 1544 2397 nost-ris
1571 2369 1711 2405 Exonie,

337 2411 507 2448 Tottonie,
526 2410 798 2450 Barnastapolie,
816 2414 850 2441 et
876 2411 1058 2449 Cornubie,
1085 2421 1145 2441 seu
1167 2421 1286 2441 eorum
1313 2411 1533 2447 Officialibus,
1552 2413 1710 2449 salutem,

336 2454 538 2485 eto—Sane
563 2465 604 2484 ex
629 2454 724 2484 fama
748 2455 887 2494 publica
908 2455 1083 2485 referente
1111 2458 1146 2485 et
1173 2455 1258 2485 facti
1285 2456 1502 2494 experiencia
1527 2456 1712 2487 didicimus

335 2498 426 2538 quod
441 2499 598 2528 nonnulli
624 2499 764 2529 Fratres
788 2499 956 2529 Ordinum
982 2499 1271 2535 Meudicancium,
1289 2509 1328 2529 ac
1348 2500 1416 2537 alii,
1434 2500 1477 2529 ad
1500 2501 1710 2530 audiendum

336 2542 578 2573 Confessiones
602 2543 819 2573 subditorum
842 2546 1039 2573 nostrorum
1064 2546 1099 2573 et
1123 2543 1261 2573 eosdem
1287 2544 1328 2573 de
1346 2545 1497 2582 peccatis
1515 2545 1584 2573 suis
1602 2545 1710 2575 absol-

334 2586 495 2624 vendum,
512 2587 621 2616 eciam
642 2587 678 2616 in
696 2587 832 2617 casibus
850 2587 929 2617 Sedi
953 2587 1151 2626 Apostolice
1175 2590 1210 2617 et
1226 2588 1325 2617 nobis
1349 2589 1543 2623 reservatis,
1561 2592 1711 2627 potesta-

334 2634 406 2660 tem
434 2631 561 2660 habere
586 2630 802 2661 mendaciter
824 2641 859 2661 se
888 2634 1048 2661 asserunt
1076 2634 1111 2661 et
1139 2632 1352 2669 confingunt,
1379 2632 1515 2671 aliique,
1533 2636 1711 2671 questores

334 2674 600 2704 elemosinarum
626 2675 884 2713 pretendentes,
911 2685 950 2705 ac
976 2675 1127 2714 sigillum
1150 2677 1307 2705 nostrum
1333 2675 1420 2705 falso
1442 2675 1655 2706 fabricantes
1676 2680 1711 2707 et

335 2718 582 2757 confingentes,
606 2719 732 2749 Literis
752 2720 926 2758 pretensis
950 2719 1088 2756 nostris,
1107 2729 1185 2748 cum
1210 2729 1279 2748 non
1308 2719 1387 2756 sint,
1406 2719 1447 2748 de
1474 2720 1712 2759 Indulgenciis

334 2762 507 2801 pretensis
535 2762 600 2792 sibi
628 2763 808 2800 concessis,
827 2773 999 2802 apponere
1026 2765 1243 2801 presumunt,
1260 2765 1299 2792 ut
1324 2763 1488 2802 pecunias
1516 2774 1536 2793 a
1564 2764 1712 2795 subditis

334 2806 462 2836 nostris
478 2816 519 2836 ea
535 2806 712 2836 occasione
729 2807 835 2837 cicius
850 2807 990 2837 valeant
1014 2810 1227 2846 extorquere,
1244 2807 1280 2836 in
1297 2807 1468 2836 dictorum
1493 2807 1711 2838 subditorum

334 2851 532 2882 nostrorum
560 2850 802 2893 decepoionem
830 2850 1057 2893 multiplicem
1084 2851 1290 2882 animarum.
1338 2850 1454 2889 Vobis,
1479 2851 1598 2891 igitur,
1621 2862 1710 2883 com-
