1987 3062
67 292 142 318 A.D.

68 326 142 352 1373.

69 358 129 387 Vol.
148 360 186 386 11.

72 899 118 925 fol.
134 901 192 926 261).

582 185 940 231 INSTITUTIONS,
981 188 1084 222 Ere.
1538 177 1599 220 29

224 292 283 324 M0.
299 292 428 324 CCOmO
441 291 563 332 lxxiijo,
577 293 764 324 Indiccione
777 293 1067 334 xja‚P011tificatus
1084 293 1291 324 Sanetissimi
1304 293 1337 323 in
1352 292 1487 324 Christo
1494 293 1604 324 Patris

225 340 259 366 et
276 336 411 366 Domini
434 336 549 375 nostri,
568 337 701 368 Domini
719 337 878 377 Gregorii,
896 337 1016 367 Divina
1040 337 1254 368 Providencia
1271 337 1359 376 Pape
1382 334 1480 376 XIffli,
1506 337 1603 367 Anno

224 379 286 420 iij0,
311 380 433 410 mensis
458 380 664 420 Septembris
687 381 740 411 die
764 381 849 421 iiijfn,
875 381 909 411 in
934 380 1079 411 Ecclesia
1103 380 1295 411 Cathedrali
1320 380 1455 418 Exonie,
1479 381 1513 410 in
1538 380 1603 410 mei

222 423 351 454 Notarii
376 424 504 454 Publici
529 426 563 454 et
584 424 722 454 testium
755 425 1020 464 subscriptorum
1044 424 1214 464 presencia
1241 423 1459 464 personaliter
1481 423 1601 454 consti-

220 469 327 505 tutus,
345 467 508 497 discretus
525 467 583 506 vir,
602 468 766 498 Dominus
786 468 946 498 Ricardus
963 468 1203 508 Tregelisewer,
1221 467 1419 507 capellanus,
1437 467 1478 497 ad
1493 467 1602 497 Eccle-

219 510 301 540 siam
333 511 557 541 Parochialem
590 511 710 541 Sancte
742 512 870 542 Ladoce
900 511 1120 551 infrascripte,
1150 511 1184 541 in
1210 511 1387 548 Cornubia,
1416 521 1523 550 nuper
1546 521 1604 550 per

220 553 409 585 Johannem
428 555 554 594 Symon
574 555 654 593 (sic),
672 555 714 585 de
731 555 916 593 Bodminia,
934 565 1048 585 verum
1074 555 1225 595 ejusdem
1248 554 1389 585 Ecclesie
1407 554 1602 592 Patronum,

223 600 261 627 ut
277 598 426 636 asseruit,
446 601 668 638 presentatus,
687 598 933 629 Presentacioni
950 609 1009 628 sue
1025 604 1059 628 et
1075 598 1166 628 omni
1189 598 1258 638 juri
1275 598 1337 628 sibi
1354 598 1386 628 in
1408 598 1533 636 eadem,
1551 598 1603 627 vel

221 641 262 671 ad
288 642 427 671 eandem
452 641 642 679 Ecclesiam,
668 642 956 682 qualitercumque
983 642 1197 681 competenti,
1225 641 1434 672 renunciavit
1457 641 1519 671 sub
1543 640 1604 671 hac

220 684 328 714 forma
344 685 618 723 verborum,——IN
635 686 702 716 DEI
719 686 870 724 NOMINE,
887 686 1168 716 Amen—Coram
1188 685 1290 723 vobis,
1309 685 1449 716 Notario
1467 684 1604 715 Publice

221 731 256 758 et
278 728 422 759 testibus
446 728 630 768 fidedignis,
655 739 724 768 ego,
741 729 904 760 Ricardus
928 729 1122 768 Tregliswer
1146 728 1228 768 (sic),
1254 728 1453 767 capellanus,
1480 728 1603 758 Exoni-

221 771 309 802 ensis
334 771 490 810 DiocesiS,
517 773 557 802 ad
587 772 765 802 Ecclesiam
796 772 1021 803 Parochialem
1050 772 1171 803 Sancte
1199 772 1336 810 Ladoce‚
1362 772 1395 802 in
1426 771 1604 809 cornubia,

223 815 311 845 dicte
339 815 536 846 Exoniensis
568 816 725 853 Dioeesis,
751 827 808 856 per
835 816 1017 846 discretum
1044 816 1153 846 virum
1180 816 1368 847 Johannem
1398 816 1534 855 Symon,
1563 815 1605 845 de

222 858 406 894 Bodminia,
420 869 535 889 verum
554 859 705 900 ejusdem
725 859 868 890 Ecclesie
883 860 1075 897 Pati-onum,
1090 860 1153 890 rite
1169 862 1203 889 et
1218 859 1367 899 legitime
1383 861 1604 899 presentatus,

220 902 468 933 Presentaeioni
484 913 556 933 mee
572 903 720 943 predicte
744 914 781 934 ac
804 903 895 934 omni
917 903 986 943 juri
1009 903 1109 933 michi
1132 903 1167 933 in
1183 903 1309 942 eadem,
1327 903 1379 933 vel
1395 902 1436 933 ad
1454 902 1603 941 eandem,

222 946 510 986 qualitercumque
534 948 737 987 competenti
760 957 818 977 seu
843 947 1075 987 competituro,
1093 957 1220 977 necnon
1245 946 1400 977 omnibus
1417 949 1451 976 et
1466 946 1605 985 singulis

223 989 514 1029 Appellacionibus
527 990 569 1020 ad
584 991 703 1021 Sedem
715 991 940 1030 Apostolicam
958 994 992 1021 et
1008 990 1048 1020 ad
1063 990 1198 1022 Curiam
1212 990 1497 1028 Cantuariensem,
1510 1000 1528 1020 a
1538 1000 1604 1020 non

223 1033 422 1064 admissione
442 1034 644 1064 Venerabilis
664 1034 782 1072 Patris,
802 1032 999 1065 Exoniensis
1025 1034 1190 1074 Episcopi,
1216 1034 1257 1064 ad
1279 1034 1404 1064 dictam
1423 1033 1604 1064 Ecclesiam

224 1076 438 1117 interpositis,
453 1077 580 1116 litibus,
592 1077 845 1118 excepcionibus
862 1080 897 1108 et
910 1077 980 1108 aliis
995 1077 1081 1118 juris
1097 1078 1261 1116 remediis,
1278 1077 1376 1108 michi
1389 1077 1423 1107 in
1437 1077 1605 1117 premissis

223 1120 495 1160 contingentibus
513 1121 681 1152 occasione
697 1121 786 1152 dicte
800 1121 1062 1152 Presentacionis
1078 1131 1150 1151 mee
1167 1121 1268 1152 michi
1284 1121 1381 1159 facte,
1395 1120 1558 1151 inchoatis
1571 1123 1606 1151 et

223 1163 427 1203 inchoandis,
444 1175 484 1195 ex
497 1165 596 1196 certis
612 1165 719 1195 causis
736 1165 820 1195 veris
837 1168 871 1195 et
893 1165 1049 1205 legitimis
1066 1175 1118 1195 me
1135 1165 1168 1195 in
1186 1165 1247 1196 hac
1263 1168 1357 1205 parte
1380 1164 1604 1203 moventibus,

223 1218 289 1238 non
301 1211 433 1238 coactus
445 1219 504 1239 nec
520 1208 711 1249 compulsus
728 1209 758 1239 vi
776 1211 836 1239 aut
852 1211 946 1239 metu
963 1209 1003 1239 ad
1020 1208 1082 1239 hoc
1095 1209 1228 1247 ductus,
1241 1212 1292 1238 set
1304 1219 1345 1239 ex
1361 1219 1443 1248 pura
1456 1211 1491 1238 et
1503 1208 1606 1238 libera

222 1251 397 1282 voluntate
420 1254 521 1292 atque
544 1263 706 1283 consensu
730 1252 812 1283 meis
836 1252 997 1292 expressis
1020 1252 1333 1291 intervenientibus,
1358 1252 1448 1282 omni
1471 1251 1548 1282 dolo
1571 1255 1606 1282 et

224 1295 343 1325 fraude
370 1296 575 1335 postpositis,
604 1306 695 1335 pure,
728 1298 857 1336 sponte,
889 1299 924 1326 et
954 1295 1172 1336 simpliciter;
1201 1295 1303 1326 nichil
1334 1295 1435 1326 michi
1460 1295 1545 1335 juris
1571 1295 1604 1325 in

222 1338 348 1377 eadem,
372 1339 424 1369 vel
448 1339 489 1369 ad
513 1339 663 1375 eandem,
688 1339 979 1379 qualitercumque
1014 1349 1072 1379 per
1106 1339 1289 1379 predictam
1316 1339 1604 1369 Presentacionem

222 1381 406 1413 retinendo,
454 1383 499 1412 Et
524 1382 600 1422 juro
627 1383 669 1413 ad
694 1383 754 1413 hec
781 1383 902 1413 Sancta
930 1382 992 1413 Dei
1019 1382 1205 1422 Evangelia,
1231 1393 1289 1423 per
1315 1393 1369 1413 me
1393 1382 1606 1422 corporaliter

222 1428 321 1463 tacta,
339 1425 429 1465 quod
454 1426 653 1465 Magistrum
678 1426 873 1456 Michaelem
896 1426 1072 1464 Cerseaux,
1097 1427 1138 1457 ad
1163 1427 1303 1457 eandem
1330 1426 1509 1456 Ecclesiam
1533 1436 1604 1466 pre-

220 1471 401 1507 sentatum,
429 1469 471 1499 de
494 1472 603 1499 cetero
626 1471 753 1509 agendo
783 1470 825 1500 ad
857 1470 982 1500 dictam
1006 1469 1186 1500 Ecclesiam
1210 1470 1437 1510 optinendam,
1468 1472 1527 1500 aut
1551 1480 1604 1509 pe-

221 1513 323 1543 tendo
348 1512 487 1542 eandem
516 1513 548 1543 in
575 1513 701 1553 judicio
728 1513 779 1543 vel
807 1516 911 1552 extra,
936 1524 1002 1543 non
1027 1513 1184 1553 fatigabo,
1213 1513 1348 1551 vexabo,
1378 1524 1436 1544 seu
1464 1513 1607 1553 gravabo

220 1556 448 1596 quovismodo.
494 1556 579 1586 Acta
602 1559 682 1587 sunt
705 1557 765 1587 hec
796 1557 859 1587 sub
882 1557 989 1595 Anno,
1015 1557 1211 1595 Indiccione,
1238 1557 1450 1595 Pontificatu,
1482 1567 1606 1594 meuse,

221 1599 283 1635 die,
302 1602 336 1630 et
360 1599 429 1630 loco
453 1600 630 1639 predictis;
656 1600 877 1639 presentibus,
902 1603 984 1631 tunc
1008 1600 1143 1638 ibidem,
1160 1601 1312 1631 discretis
1334 1600 1413 1630 viris
1438 1600 1607 1639 Magistris

222 1642 386 1673 Edwardo
405 1643 536 1684 Helyer,
556 1644 639 1683 Elya
657 1644 758 1683 Lypa,
776 1644 909 1682 clericis,
928 1644 1074 1674 Notariis
1099 1644 1255 1682 Publicis,
1275 1646 1310 1674 et
1326 1644 1480 1674 Willemo
1505 1644 1606 1682 Roke,

220 1687 375 1724 testibus,
397 1687 592 1717 Exoniensis
610 1687 764 1725 Diocesis,
782 1687 823 1717 ad
849 1687 1006 1727 premissa
1024 1687 1148 1718 vocatis
1171 1687 1357 1727 specialiter
1373 1691 1407 1718 et
1430 1687 1607 1727 rogatis.—

222 1730 266 1760 Et
289 1740 358 1769 ego,
379 1730 563 1760 Willelmus
580 1731 731 1769 Webber,
750 1731 896 1769 clericus,
915 1730 1072 1761 Publicus
1089 1731 1301 1762 Auetoritate
1325 1731 1516 1771 Apostolica
1540 1731 1605 1761 No-

221 1773 336 1812 tarius,
356 1774 549 1804 Exoniensis
566 1774 723 1812 Diocesis,
741 1775 896 1805 omnibus
913 1777 947 1805 et
963 1774 1111 1813 singulis,
1129 1778 1229 1814 prout
1244 1775 1397 1815 superius
1414 1775 1608 1805 scribuntur

222 1820 257 1847 et
287 1817 480 1856 recitantur,
509 1828 576 1848 una.
606 1828 683 1848 cum
716 1818 955 1858 prenominatis
986 1818 1140 1857 testibus,
1170 1829 1304 1857 presens
1329 1818 1477 1857 interfui,
1507 1821 1608 1858 atque

222 1861 334 1891 omnia
361 1864 394 1891 et
421 1861 551 1900 singula
579 1861 625 1892 sic
654 1862 723 1892 fieri
750 1861 817 1892 vidi
845 1864 880 1892 et
907 1861 1030 1900 audivi,
1059 1862 1183 1902 scripsi,
1208 1865 1242 1892 et
1267 1862 1301 1892 in
1329 1862 1414 1892 hanc
1440 1862 1607 1902 publicam

221 1904 362 1934 formam
379 1905 499 1944 redegi,
517 1904 677 1945 signoque
694 1915 766 1935 meo
783 1905 880 1936 solito
899 1910 932 1935 et
956 1908 1114 1936 consueto
1137 1905 1263 1946 signavi
1289 1909 1424 1945 rogatus
1448 1906 1482 1936 in
1508 1905 1606 1936 fidem

222 1950 257 1978 et
272 1947 504 1978 testimonium
521 1949 672 1979 omnium
691 1949 935 1988 premissorum.

178 2002 370 2042 ΕΧΕΤΕΓι
401 2001 686 2044 CATHEDRAL
704 2019 712 2054 ;
748 2002 1048 2055 Probanda—

179 2060 304 2090 Master
320 2060 428 2100 Ralph
448 2061 624 2099 Rmzssested
641 2072 705 2091 was
722 2062 902 2092 succeeded
919 2062 952 2092 in
970 2061 1021 2092 his
1039 2062 1190 2092 Prebend
1208 2062 1252 2102 by

180 2104 303 2134 Master
319 2104 406 2134 John
422 2104 460 2134 (lc
477 2103 722 2144 Sclzillz‘anord,
741 2105 813 2135 who
830 2105 1019 2145 exchanged
1038 2106 1205 2135 Benefices
1223 2105 1304 2136 with

179 2147 303 2178 Master
319 2147 472 2178 Baldwin
488 2148 525 2178 de
542 2147 785 2188 Seliilliozqfln'd,
804 2149 841 2179 R.
863 2149 897 2178 of
913 2148 970 2178 the
986 2149 1089 2178 Third
1115 2149 1250 2179 Portion
1275 2149 1308 2179 in
1333 2149 1390 2179 the
1415 2149 1550 2180 Church
1574 2149 1608 2179 of

222 2191 435 2222 Waddesdon
462 2190 606 2230 (Buclcs),
633 2192 705 2222 who
730 2202 794 2222 was
819 2192 959 2222 collated
977 2194 1027 2231 (at
1045 2192 1274 2232 Liddington),
1301 2193 1344 2233 by
1368 2193 1458 2223 John
1476 2193 1531 2232 [de
1546 2194 1606 2223 Bo-

221 2234 416 2274 kyngham],
435 2234 558 2275 Bishop
574 2235 608 2265 of
633 2235 781 2272 Lincoln,
811 2236 849 2266 21
879 2236 985 2275 Sept„
1014 2236 1123 2266 under
1146 2246 1164 2266 a
1189 2236 1409 2267 Commission
1437 2237 1524 2267 from
1550 2237 1608 2267 the

223 2278 347 2318 Bishop
363 2278 398 2308 of
421 2278 557 2316 Exeter,
576 2279 677 2309 dated
695 2281 729 2309 at
747 2279 853 2319 Clyst,
872 2279 889 2310 5
907 2279 997 2319 Sept.

65 2331 107 2357 f0¹
131 2330 419 2374 2⁷·CLYST-ST.
446 2333 665 2374 MIOHAEL
687 2348 739 2374 ον
760 2332 1156 2385 ΟΒῩΞΤ-ΕΟΜΙΞΟΝ,
1183 2334 1229 2374 R.

181 2391 231 2421 On
250 2391 308 2421 the
324 2391 425 2422 death
446 2392 481 2422 of

180 2434 233 2464 Sir
249 2434 337 2464 John
354 2435 442 2474 Pely,

181 2477 281 2516 Huqh
299 2477 396 2509 Deme
411 2489 477 2509 was
495 2479 638 2510 collated
655 2479 703 2518 (at
719 2478 839 2518 myst),
858 2479 876 2509 9
895 2478 1175 2509 Oce-Mandata
1192 2479 1243 2509 for
1259 2479 1442 2510 Induction
1458 2479 1608 2511 directed

222 2524 258 2551 to
275 2521 327 2552 Sir
344 2521 451 2552 David
471 2520 578 2563 [Fot],
596 2523 634 2554 R.
652 2522 687 2552 of
703 2522 920 2562 Farringdon.

177 2574 344 2615 SCILLY
359 2591 368 2627 ;
392 2575 621 2631 Prefeccvjo
644 2575 831 2617 Priori&
849 2575 903 2617 de
927 2575 1063 2630 Sully
1082 2589 1168 2630 per
1196 2576 1455 2618 Dominum
1477 2576 1607 2632 [Epoi-

225 2647 412 2687 scopum
453 2633 760 2675 Exoniensem
778 2649 791 2683 ;
837 2633 921 2688 qui
965 2638 1025 2674 est
1069 2633 1348 2675 Emoniensz's
1391 2634 1606 2686 Diocesis,

229 2691 371 2732 added
392 2691 452 2746 by
474 2707 498 2733 a
519 2692 631 2733 later
652 2692 864 2745 hand],—-

183 2748 339 2787 Thomas,
371 2752 444 2788 etc„
470 2750 592 2781 dilecto
624 2750 690 2780 filio
722 2749 892 2790 Stephano
920 2748 976 2790 [de
1008 2748 1232 2789 Lange(lone],
1262 2749 1386 2780 Abbati
1416 2750 1610 2781 Monasterii

226 2792 456 2835 Tavystochie‚
470 2796 545 2832 etc.,
559 2793 712 2831 salutem,
725 2793 951 2835 ete—Nuper
965 2803 1074 2823 coram
1087 2793 1192 2832 nobis,
1208 2793 1449 2826 Monasterium
1461 2797 1611 2825 vestrum
