1987 3062
667 205 1011 247 COMMISSIONS,
1056 204 1157 238 mc,
1586 195 1606 235 1
1617 194 1677 236 53

147 310 224 337 A·D·
299 312 488 352 aliqualiter
503 314 673 351 suspectas
689 311 776 342 infra
798 314 892 351 septa
915 309 997 340 dicti
1021 309 1191 340 Prioratus
1216 308 1409 347 frequenter
1424 307 1624 345 admittunt,
1644 307 1677 337 in

149 343 224 403 {5ng
300 355 394 386 Illius
429 355 491 386 Cui
523 364 617 385 suam
649 355 877 395 integritatem
909 353 1084 383 voluntate
1107 355 1289 392 spontanea
1313 352 1522 381 devoverunt
1544 361 1677 390 gravem

147 410 189 437 Π,
299 399 467 437 offensam,
500 398 676 438 Religionis
703 398 929 438 opprobrium,
955 400 989 427 et
1012 396 1204 427 scandalum
1232 394 1463 435 plurimorum,
1495 394 1529 424 in
1564 403 1678 424 earum

299 442 554 473 dissolucionem
571 441 674 481 magis
687 452 787 481 quam
806 441 1018 471 devocionem
1033 450 1041 477 ;
1058 442 1226 476 extranea,
1239 438 1385 478 quidem,
1404 438 1494 468 varia
1510 437 1679 477 prophana

301 489 335 516 et
351 485 527 516 inhonesta
543 485 799 515 intermiscendo
817 495 891 515 cum
916 484 982 514 illis
1006 482 1177 522 colloquia.
1225 482 1285 519 Ne,
1303 481 1415 520 igitur,
1433 481 1467 511 in
1493 482 1592 511 Sacra
1616 481 1678 510 Re-

301 529 421 567 ligione
437 528 630 559 indecorum
647 528 773 568 aliquid
791 528 937 568 obrepat,
955 530 1014 557 aut
1027 527 1185 557 viciosum
1199 525 1377 566 quicquam
1395 524 1445 554 vel
1460 524 1679 564 perniciosum

299 572 334 603 in
364 576 510 612 segetem
542 572 723 610 coallescat,
749 574 799 602 set
824 575 862 601 ut
886 571 919 601 in
944 571 1000 600 illa
1024 569 1137 610 pocius
1161 568 1257 600 flores
1281 568 1414 598 honoris
1437 572 1472 598 et
1496 567 1681 597 honestatis

302 616 433 646 fructus
449 616 483 645 iu
501 615 654 645 ubertate
671 618 892 652 concrescant,
912 613 1106 654 hujusmodi
1124 612 1288 643 horrendo
1306 611 1431 651 flagicio
1447 614 1525 641 ante
1548 620 1681 641 causam

302 659 512 689 vulneratam
529 659 714 689 remedium
731 669 894 698 apponere
918 657 1096 687 salubriter
1119 656 1300 696 cupientes,
1321 658 1422 695 prout
1446 658 1611 691 tenemur,
1628 654 1681 684 cui

303 702 448 742 periculo
472 702 682 742 providentes
705 702 809 741 magis
832 704 987 741 optamus
1011 710 1124 730 earum
1148 699 1249 730 saluti
1273 699 1441 729 consulere
1465 708 1566 738 quam
1590 698 1683 727 vanis

305 756 417 776 earum
446 745 617 776 desideriis
643 745 866 785 complacere3
903 744 1004 782 vobis,
1030 744 1062 774 iu
1093 743 1218 773 virtute
1245 742 1453 779 Obedieucie,
1484 741 1682 772 mandamus

304 789 473 829 quatinus,
491 789 614 819 nostris
637 789 706 819 vice
730 796 764 819 et
786 788 998 826 auctoritate,
1024 797 1176 827 expresse
1199 785 1376 816 inhibeatis
1400 785 1530 815 dilectis
1554 785 1683 815 filiabus

304 833 435 870 nostris,
455 833 610 863 Priorisse
628 832 668 862 de
687 832 794 862 Polslo
811 831 988 869 antedicte,
1006 841 1043 861 ac
1059 830 1215 860 omnibus
1239 832 1274 859 et
1297 829 1436 868 singulis
1461 828 1681 859 sanctimoni-

306 876 413 906 alibus
430 876 549 916 prefati
567 875 748 913 prioratus,
767 886 808 905 nc
825 875 978 914 deinceps
995 874 1092 904 dictis
1109 872 1425 904 sanctimonialibus
1443 872 1682 902 Monasterium

305 930 362 949 seu
380 919 567 950 clausuram
584 919 776 957 earundem,
795 929 871 948 cum
889 929 955 948 uon
973 918 1087 947 deceat
1103 928 1156 947 eas
1173 916 1302 954 evagari
1320 926 1379 946 nec
1396 916 1542 946 virorum
1555 915 1684 946 cetibus

307 962 495 1001 immisceri,
515 966 629 1003 pateat
652 963 863 1002 aliquatenus
886 961 1027 992 facultas
1050 960 1250 1000 egrediendi,
1269 970 1327 989 nec
1350 959 1533 989 inhonestis
1557 962 1591 989 et
1613 968 1683 989 sus-

306 1007 409 1046 pectis
433 1006 590 1046 personis,
615 1017 672 1036 seu
695 1006 799 1036 eciam
823 1005 970 1036 honestis
994 1004 1057 1034 nisi
1081 1003 1288 1034 racionabilis
1312 1013 1409 1033 causa
1432 1003 1563 1040 existat,
1584 1013 1620 1032 ac
1643 1002 1684 1032 de

306 1050 394 1080 illius
412 1051 451 1080 ad
469 1060 568 1090 quen]
586 1050 787 1089 pertinuerit
810 1049 942 1089 speciali
968 1049 1118 1079 Licencia
1141 1047 1307 1086 ingressus
1324 1046 1375 1076 vel
1399 1057 1547 1077 accessus
1573 1049 1685 1086 pateat

309 1094 349 1123 ad
377 1093 530 1129 easdem;
556 1096 595 1123 ut
626 1093 680 1132 sic,
706 1103 724 1123 a
751 1092 931 1123 mundanis
959 1094 994 1122 et
1020 1091 1162 1121 sinistris
1188 1090 1421 1129 conspectibus
1448 1093 1481 1120 et
1511 1089 1685 1130 colloquiis

308 1142 456 1176 separate
473 1137 617 1174 omnino,
638 1137 705 1166 Deo
721 1136 843 1166 servire
866 1136 999 1166 valeant
1022 1134 1157 1165 liberius
1173 1137 1217 1172 et,
1242 1133 1432 1163 lasciviendi
1456 1134 1685 1173 oportunitate

307 1179 447 1217 sublata,
465 1180 583 1210 Eidem
599 1180 697 1210 corda
713 1190 771 1209 sua
789 1182 823 1209 et
838 1189 974 1218 corpora
990 1178 1023 1208 in
1041 1178 1131 1208 omni
1155 1177 1334 1207 sanctitate
1354 1177 1550 1216 diligencius
1574 1180 1683 1207 custo-

307 1222 387 1254 dire.
395 1222 546 1253 ——Dated
562 1226 597 1253 at
614 1222 810 1262 Chudleigh,
828 1224 847 1252 4
865 1223 956 1262 Sept.

263 1276 415 1312 96.—To
431 1277 554 1308 Master
577 1277 722 1308 William
749 1277 839 1315 Bide,
864 1274 1283 1315 Official-Principal.—He
1300 1284 1364 1305 was
1382 1278 1417 1304 to
1440 1274 1518 1305 hear
1541 1275 1607 1305 and
1631 1275 1686 1305 de-

307 1320 448 1351 termine
475 1331 493 1351 a
517 1321 650 1361 dispute
673 1331 707 1350 as
731 1324 766 1351 to
790 1320 848 1350 the
870 1320 1074 1358 assignment
1098 1320 1130 1348 of
1154 1318 1211 1348 the
1235 1318 1336 1347 farms
1360 1318 1547 1358 pertaining
1570 1321 1605 1349 to
1629 1319 1687 1349 the

306 1364 461 1404 Chapter,
486 1364 566 1395 then
590 1364 735 1403 pending
759 1364 906 1394 between
931 1363 1022 1393 Dean
1055 1363 1224 1402 Sumpter,
1250 1361 1393 1391 william
1418 1361 1597 1402 Trevellys,
1621 1362 1686 1392 and

308 1408 451 1437 William
478 1407 549 1448 Pyl,
570 1408 712 1445 Canons,
733 1407 766 1437 of
790 1407 847 1437 the
871 1417 932 1436 one
957 1409 1040 1446 part,
1058 1406 1122 1436 and
1146 1404 1271 1435 certain
1295 1404 1391 1434 other
1415 1405 1546 1436 Canons
1570 1405 1604 1435 of
1629 1406 1686 1436 the

307 1450 403 1481 other
434 1460 518 1491 part,
545 1450 620 1489 viz.‚
649 1451 706 1481 the
734 1451 921 1488 Precentor,
949 1449 1039 1479 John
1079 1449 1234 1486 Sauone,
1267 1447 1325 1478 the
1360 1448 1563 1487 Chaneellor,
1596 1449 1686 1480 John

308 1494 451 1535 Wylyeb,
484 1494 549 1524 and
582 1494 736 1524 Nicholas
770 1493 911 1532 Terrier,
948 1493 1047 1532 Hugh
1087 1491 1257 1529 Bridham,
1292 1491 1446 1522 Nicholas
1486 1492 1686 1532 Brayhroke,

307 1537 433 1568 Walter
449 1538 632 1576 Bauntone,
651 1538 778 1568 Robert
795 1537 1047 1576 Vaggescombe,
1065 1535 1215 1566 Baldwin
1239 1535 1516 1574 Schillyngforde,
1541 1536 1687 1566 william

308 1580 447 1621 Feryby,
468 1581 593 1611 Robert
609 1581 745 1619 Brooke,
763 1580 829 1610 and
846 1580 904 1610 the
921 1579 1018 1610 other
1042 1580 1183 1617 canons,
1201 1578 1274 1609 who
1298 1579 1506 1618 complained
1531 1579 1607 1609 that
1630 1579 1688 1610 the

307 1624 513 1664 assignment
530 1625 625 1655 made
643 1635 707 1654 was
725 1627 957 1664 preposterous
975 1623 1040 1653 and
1056 1622 1344 1662 mijust.—-Dated
1361 1625 1395 1652 at
1413 1622 1517 1662 Clyst,
1536 1624 1576 1654 20
1594 1623 1686 1663 Sept.

155 1677 249 1737 &gb
262 1677 413 1716 97--Το
438 1679 563 1710 Master
586 1679 694 1719 Roger
717 1678 812 1718 Page,
841 1677 954 1718 “juris
979 1677 1117 1717 perito,¹’
1141 1676 1337 1716 appointing
1361 1676 1431 1707 him
1456 1677 1631 1708 President
1655 1678 1689 1708 of

156 1744 207 1770 fol.
223 1726 230 1730 ”
251 1730 257 1736 ·
304 1721 362 1753 the
380 1722 571 1762 Oonsistory
589 1722 860 1753 Court.—-Dated
877 1724 912 1752 at
929 1721 1034 1761 Clyst,
1053 1722 1071 1751 6
1093 1720 1170 1751 Feb.
1194 1720 1323 1753 1376-7.

158 1777 219 1804 27b-
263 1775 412 1813 98--T0
429 1777 487 1808 the
504 1777 616 1808 Vicars
633 1777 667 1807 of
683 1777 736 1808 ST.
758 1777 912 1808 GLUVIAs
928 1777 993 1806 and
1011 1776 1045 1806 of
1062 1776 1185 1806 FOWEY
1203 1775 1266 1814 (De
1288 1775 1419 1815 petendo
1442 1776 1580 1807 decimas
1598 1776 1687 1808 Gras—

305 1821 555 1861 pesiorum),—“
567 1821 652 1859 Quia
676 1820 842 1851 Dominus
865 1820 1099 1851 universorum
1123 1820 1285 1857 conditor,
1315 1819 1422 1859 Cujus
1454 1823 1503 1850 est
1535 1824 1624 1851 terra
1655 1824 1690 1851 et

309 1864 483 1904 plenitudo
499 1863 582 1905 ejus,
600 1864 687 1895 orbis
711 1868 875 1894 terrarum
899 1866 934 1894 et
957 1863 1103 1894 universi
1126 1863 1184 1903 qui
1208 1863 1364 1893 habitant
1387 1862 1420 1893 in
1438 1874 1484 1902 ea,
1503 1863 1537 1893 in
1555 1864 1688 1903 signum

309 1907 503 1938 universalis
527 1907 675 1947 dominii,
692 1907 836 1938 decimas
860 1912 894 1937 et
918 1907 1083 1947 primicias
1107 1906 1169 1937 sibi
1193 1906 1288 1936 reddi
1312 1907 1467 1946 precepit,
1485 1917 1521 1937 ac
1545 1917 1604 1947 per
1627 1907 1689 1938 hoc

310 1951 452 1992 quisque
478 1951 584 1982 fidelis
607 1952 648 1982 de
672 1951 827 1981 omnibus
850 1961 915 1991 que
939 1950 1028 1981 licite
1056 1950 1161 1990 possit
1183 1950 1359 1990 adquirere
1384 1950 1528 1981 decimas
1557 1962 1689 1991 erogare

311 1997 455 2034 tenetur,
481 1995 545 2025 nisi
567 2005 586 2025 a
610 1995 814 2035 prestacione
838 1994 985 2034 ipsarum
1010 1993 1196 2033 specialiter
1220 1993 1412 2030 eximatur3
1444 2004 1489 2031 ea,
1514 1994 1688 2034 siquidem,

310 2048 387 2068 sane
404 2039 610 2079 perpendens
628 2038 936 2068 Excellentissimus
952 2037 986 2067 in
1005 2037 1138 2068 Christo
1157 2037 1312 2076 Princeps
1329 2039 1363 2067 et
1380 2037 1543 2068 Dominus
1568 2042 1689 2076 noster,

310 2082 474 2112 Dominus
492 2082 685 2120 Edwardus,
704 2104 710 2111 .
729 2105 736 2112 .
755 2105 760 2112 .
779 2081 821 2111 ad
838 2091 937 2121 quem
953 2080 1118 2120 Grespesii
1134 2080 1167 2110 in
1182 2080 1299 2119 Anglia
1314 2081 1478 2120 pertinere
1494 2084 1689 2119 noscuntur,

309 2125 471 2156 decimam
494 2126 676 2155 eorundem
700 2125 787 2155 infra
811 2128 958 2154 nostram
990 2124 1155 2154 Diocesim
1187 2124 1456 2163 contingencium
1488 2124 1691 2164 ubicumque

308 2178 365 2208 per
381 2178 475 2199 suam
493 2169 628 2200 Cartam
645 2168 739 2198 nobis
756 2171 790 2198 et
808 2167 1058 2198 Successoribus
1076 2167 1197 2197 uostris
1214 2167 1384 2197 concessit.
1425 2168 1477 2197 Ad
1494 2168 1689 2207 petendum,

310 2212 421 2251 igitur,
438 2212 650 2252 exigendum,
667 2214 702 2242 et
719 2211 944 2251 recipiendum
962 2211 1159 2251 hujusmodi
1182 2210 1345 2240 decimam
1364 2210 1614 2250 Gi-espesiorum
1633 2222 1691 2252 per

310 2257 416 2285 totam
435 2255 646 2293 Cornubiam,
671 2255 729 2285 ubi
753 2254 963 2294 contigerint,
988 2259 1022 2284 et
1045 2254 1086 2283 ad
1112 2263 1211 2284 usum
1236 2256 1387 2283 nostrum
1412 2255 1688 2292 convertendum,

310 2308 436 2329 necnon
452 2299 494 2329 ad
511 2299 777 2338 compellendum
801 2308 1028 2338 quascumque
1052 2307 1206 2336 personas
1230 2296 1425 2336 hujusmodi
1449 2297 1611 2328 decimam
1635 2299 1691 2328 de-

310 2341 456 2372 tinentes
480 2342 521 2372 ad
552 2342 754 2372 solucionem
781 2341 855 2381 ejus
887 2352 944 2380 per
974 2351 1202 2381 quascumque
1236 2341 1398 2370 Censuras
1430 2341 1687 2379 Ecclesiasticus,

309 2385 408 2459 Eilcesb
422 2388 564 2460 nggtfiasb
575 2385 696 2424 [vobis]
713 2384 956 2416 committimus
980 2387 1014 2414 et
1038 2384 1219 2424 plenariam
1244 2383 1633 2423 potestatem.'’-—Dated
1655 2388 1692 2416 at

352 2439 390 2469 ys
410 2451 419 2467 ,
524 2440 542 2460 e
568 2453 574 2462 .

267 2546 403 2598 §hmo
432 2547 610 2600 {Remini
639 2547 893 2599 efflillezimo
924 2547 1233 2588 trescentczimo
1263 2548 1576 2599 septuagesimo
1606 2563 1693 2602 zep-

321 2603 435 2649 timo,
469 2604 509 2643 ct
541 2601 892 2645 &augurationis
926 2600 1105 2651 {sumini
1137 2601 1329 2652 septimo.

160 2663 236 2723 ἐξ·
267 2666 415 2725 99.—‘:1¹0
432 2668 572 2698 Masters
588 2667 696 2698 Adam
714 2667 838 2716 Sparke
855 2666 1083 2716 apd.Wi¹¹i²²m
1109 2666 1290 2715 Castelake,
1309 2666 1439 2718 Canons
1462 2670 1496 2700 of
1521 2670 1691 2702 GLASNEY.

228 2716 235 2724 ·
315 2728 354 2733 -
390 2711 614 2742 Attendentes
631 2711 721 2751 quod
739 2711 885 2741 Ministrl
901 2710 988 2740 dicte
1006 2709 1150 2740 Eccles1e
1162 2713 1274 2741 nostre
1288 2711 1476 2751 Collegiate,
1494 2714 1527 2744 in
1541 2713 1693 2744 absencia

316 2752 470 2793 Magistri
486 2754 614 2786 'rhome
630 2755 671 2785 de
689 2753 942 2793 Walkyngtone,
960 2752 1124 2793 Prepositi
1147 2753 1291 2785 Ecclesie
1314 2755 1491 2796 antedicte,
1515 2757 1557 2787 ad
1581 2767 1691 2797 quem,

317 2796 345 2827 si
359 2797 394 2827 in
411 2797 555 2828 Ecclesia
572 2797 776 2838 personalem
794 2796 917 2827 faceret
932 2796 1160 2835 residenciam,
1178 2799 1248 2828 tam
1265 2807 1397 2829 morum
1414 2799 1574 2831 correccio
1590 2810 1691 2840 quam
