1987 3062
344 233 438 279 570
553 245 651 276 THE
688 245 928 278 REGISTER
964 246 1021 277 OF
1063 246 1241 278 BISHOP
1278 247 1678 282 BRANTYNGHAM.

341 348 415 374 AD·
498 352 710 382 Parochialis
733 352 774 381 de
796 352 972 388 Heanoke,
990 353 1025 381 in
1050 353 1307 383 Presbiteratus
1327 352 1456 382 Ordine
1481 353 1614 383 notorie
1638 354 1878 389 constitutum,

340 383 447 441 {79:3⁵1
497 398 679 434 vestesque
696 398 731 425 et
748 399 928 426 tonsuram
946 397 1122 426 clericales
1146 396 1282 435 publice
1307 396 1533 432 deferentem,
1559 398 1594 426 in
1619 408 1739 428 manso
1757 408 1818 428 suo
1837 399 1881 428 ad

497 439 672 468 Vicariam
699 450 797 469 suam
822 441 1029 479 pertinente,
1056 441 1091 469 in
1118 440 1322 470 Sanctuario
1353 441 1444 470 dicte
1470 441 1621 471 Ecclesie
1646 442 1687 471 de
1714 442 1879 472 Heanoke

497 483 636 519 situato,
654 484 873 521 existentem,
891 484 1019 523 absque
1044 494 1149 514 causa
1170 484 1369 514 racionabili
1396 494 1455 514 seu
1480 485 1637 523 legitima
1653 496 1878 525 quacumque,

497 527 531 555 in
549 537 630 556 casu
649 538 668 557 a
684 527 760 567 jure
778 538 846 557 non
863 528 1042 566 permisso,
1059 529 1124 558 hoc
1148 528 1294 558 instanti
1312 528 1535 558 celeberrimo
1552 531 1707 570 tempore
1726 529 1878 567 Quadra-

499 571 668 608 gesimali,
686 571 800 601 einulo
825 574 938 601 satore
964 572 1118 601 zizannie
1142 574 1361 611 procurante,
1379 582 1503 602 manus
1528 573 1723 612 injecerunt
1747 576 1878 603 temere

496 614 677 651 violentas,
695 615 876 655 ipsumque
898 616 1136 652 vulnerarunt,
1155 619 1189 645 et
1214 616 1366 651 tandein,
1385 626 1471 646 ausu
1496 617 1681 646 temerario
1705 620 1740 646 et
1761 620 1877 647 mente

497 659 675 696 sacrilega,
702 659 941 689 inhumaniter
968 660 1178 690 occiderunt.
1231 660 1328 689 Unde
1357 660 1500 689 dubium
1528 670 1597 690 non
1625 661 1743 690 existit
1772 661 1875 691 male-

496 702 647 732 factores
664 704 848 742 predictos,
866 714 985 733 omnes
1002 706 1036 733 ct
1059 704 1223 742 singulos,
1241 714 1319 733 cum
1342 704 1413 733 suis
1435 704 1623 739 autoribus,
1642 705 1875 743 complicibus,

496 747 712 781 consiliariis,
729 750 764 776 et
781 747 977 777 fautoribus
994 748 1029 777 in
1054 748 1119 778 hac
1144 750 1242 787 parte
1258 747 1540 787 quibuscumque,
1558 758 1598 778 ac
1615 749 1784 787 premissa
1800 751 1876 778 rata

496 790 714 825 habentibus,
730 791 950 821 Sentenciam
963 791 1343 821 Excommunicacionis
1355 791 1508 831 Majoris,
1518 802 1537 821 a
1553 792 1665 822 Sacris
1677 792 1875 822 Canonibus

496 834 531 863 in
556 844 594 863 ea
624 838 722 873 parte
750 836 892 874 provide
917 836 1035 871 latam,
1054 836 1323 874 dampnabiliter
1347 836 1551 872 incurrisse3
1580 846 1647 875 qua
1672 836 1875 866 sordescunt

495 878 651 913 involuti,
666 879 700 907 in
714 879 911 909 animarum
926 890 1066 909 suarum
1084 880 1215 917 grande
1232 880 1423 918 periculum
1438 881 1472 909 et
1484 880 1628 909 aliorum
1643 880 1874 919 perniciosum

495 923 701 961 exemplum.
749 924 811 960 Ne,
829 924 946 960 igitur,
965 924 1145 953 temeritas
1166 924 1331 953 facinoris
1355 926 1427 953 tam
1454 924 1628 962 nephandi
1654 924 1717 954 sub
1734 924 1875 954 silencio

495 966 667 1004 pallietur,
694 968 746 996 set
775 967 818 996 ab
846 967 1046 1007 hujusmodi
1075 968 1217 998 ausibus
1249 967 1426 1005 sacrilegis
1458 968 1686 997 cohibeantur
1711 968 1874 1007 deinceps

494 1019 618 1040 manus
631 1011 825 1046 temerarie,
838 1011 1025 1041 formidine
1043 1012 1199 1047 ulcionis,
1217 1022 1301 1050 quas
1319 1012 1381 1041 Dei
1398 1012 1598 1041 reverencia
1610 1022 1679 1041 non
1692 1012 1852 1041 cohercet
1867 1027 1873 1049 ;

493 1055 677 1092 presertim
706 1065 783 1084 cum
808 1055 978 1094 premissa
1002 1056 1119 1085 omnia
1142 1056 1228 1085 adeo
1253 1055 1351 1085 nobis
1375 1058 1410 1084 et
1435 1055 1651 1085 subditorum
1676 1058 1873 1086 nostrorum

493 1098 713 1128 universitati
740 1101 813 1128 tam
845 1100 981 1129 notoria
1012 1100 1166 1129 existunt
1198 1099 1287 1138 quod
1319 1099 1415 1128 nulla
1446 1099 1736 1137 tergiversacione
1769 1100 1871 1129 celari

492 1144 656 1180 poterunt
672 1143 726 1172 vel
744 1143 918 1172 debebunt
934 1157 940 1179 ;
958 1143 1055 1173 vobis
1071 1143 1323 1173 committimus
1336 1145 1370 1172 et
1383 1143 1600 1177 mandamus,
1617 1146 1693 1177 etc.,
1710 1144 1874 1182 quatinus

491 1195 561 1220 vos,
581 1187 750 1223 Decanus,
769 1197 829 1216 seu
854 1187 1037 1217 Presidens
1062 1191 1096 1216 et
1122 1187 1297 1221 Canonici,
1317 1186 1430 1216 Sacris
1454 1187 1566 1216 induti
1593 1187 1820 1225 vestimentis,
1838 1188 1872 1217 in

493 1229 647 1259 Ecclesia
685 1234 805 1260 nostra
845 1231 1045 1260 Cathedrali
1076 1231 1232 1269 predicta
1247 1245 1253 1267 3
1293 1241 1362 1267 vos,
1402 1241 1493 1267 vero,
1526 1231 1780 1267 Archidiaconi,
1814 1241 1873 1261 seu

493 1273 674 1309 officiales,
688 1274 724 1303 in
737 1275 898 1305 omnibus
914 1278 949 1304 et
967 1275 1112 1311 singulis
1130 1275 1293 1305 Ecclesiis
1305 1274 1396 1304 infra
1414 1275 1727 1305 Archidiaconatus
1739 1277 1873 1305 vestros

491 1317 638 1347 ubilibet
662 1318 871 1355 constitutis,
890 1319 948 1348 ubi
973 1319 1086 1357 magis
1110 1319 1296 1357 expediens
1319 1318 1436 1355 fuerit,
1454 1322 1625 1358 quatenus
1650 1319 1693 1348 ad
1718 1319 1872 1357 singulos

490 1365 645 1391 vestrum
663 1362 801 1397 attinet,
819 1373 880 1401 per
905 1363 1070 1392 Rectores
1094 1366 1129 1392 et
1146 1363 1303 1392 Vicarios
1327 1373 1366 1392 ac
1391 1363 1616 1400 Presbiteros,
1635 1363 1741 1393 sacris
1761 1363 1870 1393 eciam

491 1406 646 1435 vestibus
663 1406 812 1443 indutos,
830 1406 986 1445 prefatos
1002 1407 1255 1443 malefactores,
1270 1416 1389 1436 onmes
1402 1408 1435 1436 et
1451 1407 1614 1444 singulos,
1632 1417 1711 1437 cum
1725 1407 1795 1437 suis
1813 1417 1870 1436 au-

490 1450 633 1485 toribus,
652 1450 888 1489 complicibus,
905 1451 1120 1486 consiliariis,
1138 1454 1172 1480 et
1189 1450 1395 1488 fautoribus
1409 1460 1448 1480 ac
1464 1451 1634 1489 premissa
1650 1453 1727 1481 rata
1744 1451 1870 1480 haben-

490 1494 583 1523 tibus
607 1494 890 1533 quibuscumque,
915 1495 1043 1524 dictam
1070 1495 1212 1534 Majoris
1238 1495 1617 1524 Excommunicacionis
1651 1494 1870 1524 Sentenciam

490 1538 686 1576 incurrisse,
705 1541 739 1567 et
759 1548 799 1568 ea
824 1539 871 1568 sic
893 1539 1019 1576 ligatos
1036 1538 1144 1568 fuisse
1162 1542 1197 1568 ct
1214 1549 1298 1573 esse,
1318 1539 1463 1576 singulis
1480 1539 1610 1568 Diebus
1628 1539 1818 1568 Dominicis
1836 1541 1870 1568 et

491 1582 648 1620 Festivis,
660 1582 753 1612 intra
768 1583 954 1612 Missarum
969 1583 1168 1622 solempnia,
1183 1583 1265 1612 dum
1279 1583 1391 1622 major
1402 1582 1493 1612 Cleri
1507 1586 1542 1612 et
1555 1583 1672 1622 populi
1683 1582 1870 1612 multitudo

488 1626 688 1655 convenerit
705 1626 749 1655 ad
767 1626 902 1661 Divina,
916 1627 1063 1665 pulsatis
1080 1627 1268 1666 campanis,
1282 1627 1435 1656 candelis
1451 1627 1605 1656 accensis
1618 1629 1653 1656 et
1669 1627 1713 1656 ad
1726 1627 1871 1656 humum

487 1670 722 1707 extinguendo
735 1670 909 1709 projectis,
920 1671 1096 1710 Cruceque
1110 1671 1145 1700 in
1157 1671 1317 1700 manibus
1329 1673 1455 1707 erecta,
1467 1680 1506 1700 ac
1520 1671 1613 1700 omni
1627 1671 1871 1709 solempnitate

487 1716 522 1743 et
547 1714 671 1743 rubore
696 1714 728 1743 in
756 1714 885 1744 talibus
910 1715 984 1744 fieri
1010 1715 1185 1744 consuetis
1209 1715 1243 1743 in
1269 1715 1333 1744 hac
1358 1717 1457 1753 parte
1481 1714 1656 1749 adhibitis,
1674 1714 1810 1753 publice
1834 1716 1869 1744 et

489 1758 715 1796 solempniter
738 1758 911 1788 nuncietis
935 1761 970 1788 et
994 1758 1133 1788 faciatis
1158 1759 1293 1797 publice
1317 1759 1496 1795 nunciari3
1522 1759 1564 1788 ab
1589 1758 1788 1798 hujusmodi
1813 1758 1868 1788 de-

487 1802 713 1831 nunciacionc
725 1812 793 1831 non
807 1805 984 1832 cessantes
997 1803 1105 1832 donec
1118 1802 1265 1841 predicti
1277 1803 1435 1840 sacrilegi
1449 1812 1552 1841 super
1564 1802 1742 1841 premissis
1753 1802 1868 1832 debite

487 1845 730 1876 Absolucionis
760 1846 966 1876 beneficium
999 1847 1191 1876 meruerint
1222 1846 1389 1885 optinere,
1422 1848 1456 1875 et
1487 1846 1581 1875 aliud
1612 1846 1692 1875 inde
1723 1856 1744 1875 a
1771 1846 1869 1876 nobis

488 1889 679 1919 habueritis
696 1890 731 1918 in
748 1890 933 1920 mandatis.
981 1891 1031 1919 De
1052 1890 1116 1927 die,
1134 1900 1225 1925 vero,
1243 1890 1454 1929 recepcionis
1472 1890 1692 1920 Prcsencium
1711 1900 1750 1919 ac
1767 1890 1869 1919 modo

487 1935 523 1962 et
539 1932 653 1963 forma
670 1934 887 1963 execucionis
904 1934 1103 1973 hujusmodi
1121 1934 1277 1963 Mandati
1294 1934 1404 1964 nostri
1421 1944 1482 1972 per
1498 1944 1558 1963 vos
1575 1933 1678 1970 facte,
1696 1944 1768 1969 nos,
1781 1934 1868 1964 citra

489 1977 631 2007 Festum
656 1978 881 2007 Pentecostes
905 1978 1062 2016 proximo
1086 1988 1177 2007 nunc
1209 1977 1378 2014 futurum,
1405 1980 1508 2016 prout
1533 1988 1594 2007 vos
1622 1977 1759 2007 divisim
1788 1988 1865 2007 con-

487 2021 608 2059 cernit,
627 2021 742 2051 debite
760 2022 968 2057 certificetis,
982 2022 1210 2061 ‚etc.—Dated
1227 2024 1263 2051 at
1282 2022 1490 2060 Faringdon,
1507 2022 1549 2050 2⁸
1568 2021 1697 2059 March,
1717 2022 1810 2051 1385.

444 2074 694 2124 Menhenyot
708 2087 717 2120 3
747 2074 907 2111 Licence
929 2081 964 2111 to
984 2075 1227 2119 celebrate,—

332 2126 430 2155 [APffl-
448 2129 550 2167 Item,
576 2130 773 2167 Londoniis,
798 2130 854 2159 xix
879 2130 933 2159 die
958 2130 1086 2159 mensis
1118 2130 1257 2168 Aprilis,
1283 2130 1452 2160 Dominus
1476 2130 1646 2160 concessit
1672 2129 1866 2160 Licenciam

332 2160 397 2217 {3¹¹5}-
490 2174 641 2203 Johanni
661 2174 852 2212 Hellegane
870 2176 905 2203 ct
923 2174 1070 2203 Isabelle
1095 2174 1171 2214 ejus
1194 2174 1302 2211 uxori,
1328 2174 1419 2213 quod
1442 2174 1576 2213 possint
1600 2174 1715 2204 facere
1741 2174 1866 2204 Divina

334 2212 390 2251 1323.
491 2218 667 2255 celebrari,
692 2218 728 2247 in
751 2218 932 2256 presencia
959 2218 1113 2257 ipsorum
1147 2228 1207 2247 seu
1238 2228 1358 2247 eorum
1391 2218 1544 2256 alterius,
1569 2218 1604 2247 in
1630 2218 1770 2257 Capella
1794 2218 1865 2247 sive

489 2262 649 2292 Oratorio
680 2261 773 2291 infra
806 2262 1023 2292 Mansionem
1054 2262 1209 2300 ipsorum
1242 2262 1283 2292 de
1317 2262 1524 2299 Trencruke,
1556 2262 1591 2291 in
1624 2262 1793 2292 Parochia
1824 2261 1865 2291 de

492 2306 684 2345 Mahynyct
702 2306 886 2342 situatam3
911 2316 973 2344 per
997 2306 1175 2336 biennium
1200 2306 1424 2343 duraturam3
1449 2316 1527 2336 cum
1551 2305 1865 2344 clausula,—Volu-

490 2359 568 2379 inus
585 2350 676 2389 quod
693 2350 737 2379 ad
755 2350 946 2380 Ecclesiam
963 2352 1127 2388 vestram,
1145 2352 1209 2380 etc.

442 2403 617 2451 Against
633 2401 904 2440 non-resident
920 2402 1182 2439 Inculnbents
1201 2416 1211 2449 3
1240 2402 1506 2451 ›S'equestracio
1515 2402 1734 2451 fructuum
1748 2403 1866 2439 Bene-

486 2456 720 2503 ficiatorum
739 2470 819 2492 non
839 2456 1168 2501 resideneium,—-

445 2511 606 2549 Thomas,
624 2513 700 2549 etc.,
718 2511 971 2541 Archidiacono
988 2513 1107 2541 nostro
1126 2511 1265 2548 Exonie,
1283 2511 1337 2541 vel
1355 2511 1430 2551 ejus
1449 2511 1604 2546 Officiali,
1623 2511 1781 2548 salutem,
1800 2512 1864 2541 etc.

489 2555 621 2584 —Cum
639 2565 702 2585 nos
718 2555 864 2592 fructus,
890 2555 1056 2591 redditus,
1082 2557 1117 2584 et
1141 2558 1331 2594 proventus
1355 2565 1588 2594 quoscumque
1614 2555 1865 2584 Beneficiorum

489 2599 645 2628 omnium
661 2600 697 2629 et
714 2599 929 2637 singulorum
947 2609 1093 2638 quorum
1111 2599 1253 2628 nomina
1274 2599 1309 2628 in
1334 2599 1464 2629 Cedula
1484 2599 1708 2628 Prcsentibus
1731 2608 1865 2628 annexa

489 2643 624 2681 plenius
642 2643 894 2678 describuntur,
906 2645 1050 2681 propter
1060 2653 1130 2672 non
1143 2643 1371 2673 residenciam
1383 2653 1609 2682 personarum
1624 2643 1745 2672 eadem
1758 2643 1864 2671 Bene-

489 2686 566 2716 ficia
583 2687 842 2725 occupancium,
859 2687 903 2716 ad
921 2687 1119 2726 hujusmodi
1137 2687 1365 2716 residenciam
1377 2687 1573 2716 faciendam
1587 2686 1742 2725 legitime
1756 2685 1863 2715 moni-

488 2733 613 2767 torum,
647 2730 900 2760 Monicionibus
939 2732 1059 2760 tamen
1098 2730 1299 2770 hujusmodi
1330 2740 1399 2760 non
1430 2730 1643 2769 parencium,
1675 2732 1737 2767 set,
1770 2739 1864 2759 more

488 2774 781 2803 mercenariorum
799 2774 923 2813 quibus
940 2784 1009 2803 non
1026 2776 1079 2804 est
1097 2784 1180 2804 cura
1201 2775 1243 2804 de
1269 2774 1398 2811 ovibus,
1418 2783 1518 2804 curas
1544 2783 1623 2803 suas
1648 2773 1787 2812 penitus
1809 2773 1864 2803 de-

488 2817 694 2855 sercncium,
724 2817 911 2849 fecerimus
944 2818 1116 2849 Oanoniee
1153 2818 1380 2857 sequestrari3
1419 2818 1516 2847 vobis
1542 2817 1800 2847 *committimus
1831 2818 1866 2848 et
