1987 3062
0 2207 7 2444 ——n--d-u-——w

3 2507 11 2598 μᾹ--η

99 363 133 388 A.
138 363 176 389 D.

99 396 174 422 1374.

100 430 163 455 Vol.
178 429 204 456 I.

103 2441 149 2467 fol.
165 2442 207 2467 48.

433 262 719 295 REGISTRUM
745 259 1202 294 coMMUNE—ANNO
1230 250 1290 292 4⁰.
1534 248 1626 290 329

250 365 427 402 dictorum,
444 366 479 395 et
494 364 536 395 ab
551 364 641 394 omni
657 366 748 394 statu
766 373 865 404 quem
890 361 1039 402 optinuit
1053 361 1087 392 in
1105 361 1219 391 eodem
1243 364 1394 391 amotum
1411 360 1547 401 penitus
1572 372 1630 401 per

250 409 432 445 decretum,
451 418 508 447 per
524 407 710 447 potenciam
728 417 820 436 suam
840 406 1065 446 temporalem,
1083 408 1122 435 ut
1138 404 1288 443 asseruit,
1302 408 1336 434 et
1348 404 1532 434 dominium
1546 408 1628 434 tem-

251 452 368 490 porale,
387 455 501 481 contra
519 450 777 487 Fundacionem,
795 449 1057 486 Ordinacionem,
1078 452 1112 479 et
1127 449 1261 479 Statuta
1283 449 1483 487 supradicta,
1502 448 1629 478 nullam

251 495 285 525 in
301 505 340 525 ea
352 498 446 535 parte
462 494 585 524 habens
600 493 866 534 jurisdiccionem
884 503 940 523 seu
954 493 1051 522 aliam
1065 502 1311 532 quamcumque
1324 491 1506 530 legitimam
1522 495 1628 530 potes-

253 542 368 575 tatem,
392 538 432 568 ad
458 541 585 568 statum
610 536 798 573 presbiteri,
817 546 943 566 necnon
967 537 1007 565 ad
1033 545 1194 565 cameram
1220 538 1255 565 et
1279 545 1437 572 mensam,
1454 535 1487 564 in
1513 536 1629 564 eodem

253 581 397 620 Collegio
413 583 627 621 preoptentos
644 581 685 610 de
702 580 799 617 facto,
817 590 890 610 cum
910 579 950 609 de
966 579 1041 619 jure
1064 589 1121 609 seu
1145 579 1396 616 consuetudine,
1414 588 1451 608 ac
1468 578 1629 608 Fundaci-

252 635 326 663 one,
352 625 580 661 ordinacione,
597 626 632 654 et
648 623 794 654 Statutis
817 633 881 652 non
908 623 1028 662 potuit,
1053 622 1300 652 restituendum
1324 622 1394 651 fore
1417 621 1572 659 decrevit,
1597 625 1631 652 et

251 669 410 706 restituit,
427 668 460 697 in
478 666 700 707 prejudicium
725 666 804 696 dicti
832 665 1027 696 Exoniensis
1050 665 1203 705 Episcopi
1229 668 1260 694 et
1287 664 1424 704 Collegii
1440 664 1491 694 sui
1508 675 1629 695 memo-

251 711 325 742 rati.
372 711 469 749 Item,
486 711 596 741 dictus
614 709 836 740 Cancellarius
854 709 894 739 de
910 709 1007 746 facto,
1032 719 1107 739 cum
1133 709 1173 738 de
1196 707 1271 748 jure
1295 719 1360 738 non
1379 708 1505 746 debuit,
1524 709 1628 748 prefa-

251 758 324 785 tum
343 755 526 793 Rectorem,
544 753 702 793 premissa
726 752 982 790 Fundacionem,
1000 751 1264 790 ordinacionem,
1288 755 1323 781 et
1346 752 1493 789 Statuta,
1521 762 1557 782 ac
1581 762 1629 782 ce—

252 801 323 828 tera
353 798 464 828 omnia
493 797 684 836 supradicta
714 806 822 826 coram
847 796 962 825 eodem
993 795 1192 825 Cancellario
1217 795 1415 834 allegantem
1449 798 1484 825 et
1514 806 1629 835 propo-

253 845 398 878 nentem,
415 844 450 871 et
465 851 499 871 se
515 851 551 871 ea
569 840 787 880 probaturum
805 839 1007 877 offerentem,
1025 842 1140 869 contra
1163 840 1393 869 execucionem
1411 838 1536 868 decreti
1560 849 1630 878 pre-

252 884 340 915 tensi
357 884 549 915 Cancellarii
566 883 759 923 supradicti,
778 894 834 922 per
850 883 1017 922 quandam
1033 882 1224 919 vindictam,
1249 885 1289 911 ut
1312 881 1477 921 apparuit,
1496 887 1631 921 propter

251 928 492 967 allegacionern,
517 926 788 967 proposicionem,
813 929 847 956 et
869 925 1072 956 oblacionem
1097 925 1301 964 hujusmodi,
1319 925 1630 964 excommunicavit,

251 982 297 1009 ac,
314 972 458 1011 insuper,
476 971 603 1001 dictum
622 971 807 1005 Rectorem,
824 979 860 999 ac
879 969 1075 1008 Magistrum
1090 969 1267 998 Ricardum
1286 968 1474 1007 Rowlande,
1490 969 1630 1000 Consco-

249 1014 350 1045 larem
376 1015 524 1055 ejusdem
552 1013 697 1052 Collegii,
723 1012 897 1052 Magistros
920 1013 953 1042 in
978 1012 1126 1049 Artibus,
1151 1012 1192 1042 ab
1215 1012 1305 1041 omni
1329 1014 1405 1042 actu
1423 1015 1458 1042 et
1474 1012 1632 1042 exercicio

253 1058 439 1089 Scolasticis
450 1058 482 1087 in
496 1057 585 1087 dicta
600 1057 825 1088 Uuiversitate
841 1056 1041 1092 exercendis,
1058 1056 1181 1085 eisdem
1199 1056 1239 1085 cle
1253 1055 1368 1093 causis,
1381 1065 1437 1095 per
1448 1056 1630 1086 triennium

250 1101 498 1150 suspendebat,
491 1110 498 1118 ·
522 1111 569 1139 ac,
585 1100 740 1130 omnibus
755 1100 941 1137 Advocatis,
957 1099 1108 1139 jurisque
1121 1099 1235 1138 peritis
1248 1098 1330 1137 aliis,
1342 1099 1629 1147 Procuratoribus,

251 1148 286 1175 et
301 1145 448 1175 Notariis
466 1125 620 1179 Ρ,’,111)11013
638 1143 762 1173 ibidem
781 1143 1013 1183 presentibus
1005 1153 1039 1172 111
1056 1142 1276 1172 multitudiue
1293 1143 1423 1181 copiosa
1441 1142 1529 1173 licite
1553 1153 1629 1173 con—

251 1188 403 1237 gregatis,
421 1187 551 1228 publice
566 1187 715 1217 inhibuit
731 1197 770 1216 ne
787 1186 861 1226 quis
877 1196 1002 1224 eorum,
1020 1186 1083 1216 sub
1107 1195 1190 1225 pena
1206 1185 1472 1215 incarner-wionis
1496 1189 1530 1216 et
1554 1186 1630 1216 ban·

255 1231 402 1269 nicionis,
419 1242 479 1271 pro
495 1231 593 1260 dictis
609 1230 781 1270 Episcopo,
800 1229 953 1269 Collegio,
974 1230 1147 1269 MagistriS,
1165 1232 1225 1259 aut
1241 1228 1428 1259 Scolaribus
1452 1229 1629 1279 quicquam

251 1274 337 1315 juris
353 1278 413 1304 aut
428 1274 508 1304 facti
523 1274 680 1313 allcgaret
696 1283 756 1303 nec
771 1276 979 1312 pr'oponelef,
996 1283 1104 1312 neque
1120 1272 1252 1302 eosdem
1277 1272 1471 1302 defenderet
1495 1283 1554 1303 1100
1577 1273 1631 1312 ju-

252 1321 353 1355 varet,
372 1317 472 1348 verbo
496 1320 553 1347 aut
578 1317 677 1353 facto,
694 1316 911 1356 quovismodo
928 1327 934 1353 ;
958 1316 992 1346 in
1011 1315 1232 1355 prejudicium
1253 1315 1415 1355 Episcopi,
1435 1316 1580 1355 Collegii‚
1598 1320 1632 1346 et

253 1361 401 1391 Rectoris
417 1361 652 1400 predictorum.
699 1360 796 1398 Item,
814 1359 901 1389 idem
921 1359 1142 1390 Cancellarius
1158 1359 1336 1399 quemdam
1356 1359 1552 1398 Magistrum
1570 1361 1630 1390 Ro-

251 1404 385 1434 bertum
402 1404 549 1441 WVorthe,
568 1403 779 1433 Auctoritate
796 1403 986 1442 Apostolica
1002 1402 1178 1433 Notarium
1194 1401 1382 1440 Publicum,
1396 1402 1426 1432 in
1440 1413 1500 1432 suo
1517 1403 1632 1435 Officio

254 1447 449 1488 hujusmodi
465 1447 628 1488 juratum,
654 1457 711 1486 per
734 1446 931 1485 Magistrum
951 1446 1148 1484 Robertum,
1168 1446 1339 1475 Rectorem
1357 1446 1576 1484 antedictum,
1597 1450 1632 1477 et

254 1492 400 1521 Scolares
418 1490 582 1530 predictos
598 1489 710 1520 debite
733 1489 931 1529 requisitum
958 1492 998 1519 ut
1020 1499 1120 1529 super
1142 1489 1297 1519 omnibus
1321 1492 1355 1519 et
1377 1489 1516 1529 singulis
1539 1492 1630 1529 actis,

252 1534 363 1574 gestiS,
378 1538 412 1564 et
427 1534 550 1564 habitis
566 1543 674 1563 coram
692 1533 807 1563 eodem
826 1532 1027 1563 Cancellario
1040 1536 1074 1563 et
1091 1543 1147 1572 per
1164 1542 1252 1569 eum,
1271 1535 1309 1562 ut
1326 1532 1500 1572 prefertur,
1519 1533 1630 1564 Publi-

253 1588 328 1608 cum
345 1578 520 1608 conficeret
544 1577 825 1613 Instrumentum,
850 1587 907 1606 seu
933 1576 1070 1606 Publica
1092 1575 1266 1606 conficeret
1294 1576 1535 1613 Instrumenta,
1553 1577 1630 1608 Offi-

255 1621 344 1651 cium
361 1631 459 1651 suum
477 1620 674 1651 Notariatus
690 1620 741 1650 sui
759 1619 954 1659 hujusmodi
971 1629 1120 1650 exercere
1136 1619 1313 1657 volentem,
1331 1623 1365 1649 et
1381 1620 1573 1650 offerentem
1598 1631 1632 1651 se

254 1667 408 1704 paratum
425 1664 466 1694 ad
483 1664 608 1701 eadem,
624 1666 785 1703 tanquam
803 1663 979 1693 manifeste
991 1662 1147 1693 rebellem
1161 1663 1268 1692 eidem
1283 1662 1483 1693 Cancellario
1496 1667 1531 1694 et
1545 1674 1633 1694 man-

253 1708 340 1738 datis
357 1707 435 1744 suis,
453 1710 488 1737 et
504 1706 591 1747 parti
614 1706 765 1747 ejusdem
790 1706 953 1746 Episcopi,
978 1706 1137 1744 Rectoris,
1163 1706 1354 1744 Scolarium,
1372 1710 1406 1736 et
1424 1706 1561 1747 Collegii
1584 1707 1630 1747 ip-

252 1751 321 1781 sius
338 1750 436 1781 nimis
453 1751 631 1788 faventem,
650 1750 690 1780 de
706 1750 804 1788 factO,
822 1760 898 1780 cum
915 1749 956 1779 de
972 1749 1046 1790 jure
1062 1760 1129 1779 non
1146 1749 1273 1786 debuit,
1291 1749 1505 1780 incarceravit
1518 1755 1552 1781 et
1565 1762 1630 1781 car-

253 1794 319 1825 ceri
334 1794 545 1834 mancipavit,
570 1797 604 1824 et
626 1794 658 1823 in
683 1804 810 1824 carcere
833 1793 967 1823 realiter
990 1793 1138 1823 detinuit
1153 1792 1370 1832 aliquamdiu,
1387 1796 1488 1832 prout
1510 1794 1627 1824 voluit.

253 1838 298 1868 Et
313 1838 475 1878 quosdam
492 1837 581 1875 alios,
609 1837 807 1875 Magistrum
831 1836 1016 1866 Martinum
1039 1836 1217 1867 Lideforde
1240 1839 1274 1866 et
1298 1836 1459 1867 Thomam
1478 1836 1630 1876 WVorthe,

252 1881 403 1921 ejusdem
420 1881 656 1912 Universitatis
673 1881 828 1918 Scolares,
842 1881 1008 1910 dictorum
1024 1880 1255 1920 gravaminum
1268 1890 1328 1919 pro
1341 1884 1434 1920 parte
1451 1882 1631 1912 eorundem

256 1924 418 1965 Episcopi,
443 1924 602 1962 Rectoris,
628 1923 773 1964 collegii,
799 1927 833 1953 et
856 1924 1038 1954 Scolarium
1064 1926 1301 1963 prosecutores,
1326 1934 1385 1962 pro
1402 1925 1632 1963 prosecucione

252 1968 433 1998 eorundem
456 1967 652 2007 hujusmodi
669 1967 830 2006 bannivit,
848 1970 882 1997 et
897 1967 1052 1997 bannitos
1068 1967 1139 1997 1010
1155 1967 1301 1997 decrevit
1324 1966 1461 2007 injuste.
1533 1968 1630 2005 Item,

253 2011 331 2051 quia
347 2011 435 2041 idem
452 2011 573 2041 Rector
589 2014 624 2041 et
640 2010 796 2048 Scolares,
823 2011 863 2040 ad
888 2010 992 2050 ipsius
1017 2010 1169 2050 Episcopi
1186 2013 1220 2040 et
1239 2010 1417 2040 eorundem
1437 2011 1573 2051 collegii
1597 2015 1632 2043 et

252 2054 434 2085 Scolarium
452 2054 687 2091 defensionem,
706 2053 850 2090 Jurium,
865 2054 1090 2092 Statutorum,
1104 2057 1138 2084 et
1151 2053 1442 2084 Consuetudinum
1455 2055 1496 2085 de
1509 2055 1631 2095 quibus

252 2097 518 2137 suprascribitur,
535 2097 643 2127 eidem
661 2097 862 2128 Cancellario
878 2097 964 2127 infra
988 2097 1118 2127 dictum
1135 2097 1319 2136 Collegium
1337 2100 1372 2128 et
1389 2107 1455 2128 non
1471 2103 1566 2128 extra
1583 2110 1630 2129 re-

253 2141 417 2171 sistebant
432 2141 530 2179 licite,
547 2141 635 2170 idem
654 2140 875 2172 Cancellarius
892 2140 1023 2170 eosdem
1048 2141 1223 2171 Rectorem
1248 2144 1282 2170 et
1305 2140 1461 2179 Scolares,
1479 2141 1634 2173 videlicet

252 2184 451 2224 Magistrum
470 2184 652 2214 Robertum
677 2184 863 2222 Lideforde,
882 2185 1055 2214 Rectorem
1079 2183 1160 2214 dicti
1182 2183 1328 2222 Collegii,
1353 2184 1550 2223 Magistrum
1578 2184 1631 2215 Ri-

254 2228 389 2258 cardum
405 2227 593 2266 Rowlonde,
607 2227 796 2257 ,Iohannem
810 2227 909 2265 More,
922 2227 1143 2266 Reginaldum
1165 2227 1266 2266 Povy,
1280 2227 1470 2266 Philippum
1494 2229 1631 2267 Stoune,

255 2273 287 2301 et
314 2271 511 2310 Magistrum
538 2271 720 2301 Robertum
744 2270 892 2309 VVorthe,
917 2270 1095 2300 Notarium
1120 2280 1234 2300 eorum
1258 2270 1477 2309 antedictum,
1495 2271 1633 2311 obligari

255 2313 317 2344 sibi
332 2314 411 2344 fecit
428 2324 486 2353 per
501 2314 625 2353 plegios
641 2324 697 2343 seu
715 2313 934 2353 fidejussores,
952 2313 1015 2343 sub
1032 2323 1116 2352 pena
1131 2316 1266 2343 centum
1292 2313 1451 2344 librarum
1475 2317 1509 2344 et
1533 2315 1631 2354 ultra,

254 2357 362 2387 eidem
380 2357 581 2387 Cancellario
597 2357 880 2396 applicandarum,
897 2367 938 2387 ne
954 2360 1078 2386 extunc
1100 2356 1133 2386 in
1158 2356 1313 2386 futurum
1331 2366 1445 2395 pacem
1462 2357 1630 2388 Universi-

253 2400 334 2430 tatis
351 2400 497 2440 predicte
513 2400 570 2430 illo
587 2401 684 2430 modo
700 2400 912 2439 impedirent,
931 2409 1134 2440 quamquam
1153 2399 1244 2438 prius
1261 2399 1398 2429 eandem
1417 2410 1527 2440 pacem
1547 2411 1630 2432 nun-

255 2453 354 2482 quam
373 2443 614 2482 impediverant
632 2453 640 2481 3
663 2443 776 2482 sicque
792 2446 827 2474 et
842 2443 921 2473 alias
938 2443 1125 2472 dominium
1149 2445 1184 2473 et
1206 2442 1484 2482 jurisdiccionem,
1502 2447 1629 2484 tempo-

255 2486 336 2516 ralia
352 2488 386 2516 et
401 2486 596 2525 spiritualia,
613 2486 717 2525 ipsius
734 2486 887 2525 Episcopi
903 2486 935 2515 in
953 2485 1043 2516 dicto
1067 2485 1222 2525 Collegio,
1242 2495 1279 2515 ac
1296 2486 1419 2516 Decani
1434 2489 1468 2517 et
1486 2487 1632 2527 Capituli

255 2529 398 2560 Ecclesie
411 2539 470 2559 sue
486 2529 691 2567 Exoniensis,
708 2532 822 2559 contra
838 2528 1060 2559 intencionem
1078 2532 1111 2558 et
1127 2532 1283 2559 naturam
1293 2529 1482 2560 donacionis
1495 2531 1632 2562 Domini

255 2572 353 2612 Regis
369 2572 495 2611 Anglie,
513 2572 547 2602 in
565 2572 777 2602 Fundacione
793 2571 943 2621 ejusdem
969 2571 1106 2612 Collegii
1123 2582 1180 2611 per
1204 2571 1320 2602 cartas
1336 2582 1413 2602 suas
1429 2573 1535 2604 eidem
1553 2574 1630 2614 Epi-

255 2626 352 2655 scopo
368 2615 402 2645 in
419 2625 456 2645 ea
473 2619 565 2655 parte
581 2625 742 2653 concesse,
760 2615 887 2645 notorie
903 2616 1118 2654 usurpand03
1135 2615 1166 2644 in
1181 2614 1284 2655 ipsius
1300 2615 1454 2656 Episcopi
1471 2620 1505 2647 et
1522 2617 1631 2648 Eccle-

255 2659 301 2689 sie
316 2668 375 2688 sue
394 2658 597 2696 Exoniensis,
614 2669 651 2689 ac
668 2658 813 2696 Collegii,
831 2658 990 2696 Rectmis,
1014 2661 1048 2689 et
1072 2658 1255 2689 Scolarium
1277 2659 1504 2698 predictorum
1521 2661 1631 2702 preju-

254 2701 389 2740 dicium,
407 2702 590 2741 dampnum
608 2712 673 2731 non
698 2702 876 2739 modicum,
901 2704 935 2731 et
958 2711 1145 2741 gravamen.
1206 2701 1245 2731 In
1263 2711 1406 2741 quorum
1424 2704 1575 2734 omnium
1599 2708 1633 2735 et

254 2744 401 2785 singulm
404 2754 460 2774 um
477 2745 706 2775 testimonium
724 2749 826 2785 atque
849 2726 958 2783 fidem,
982 2747 1169 2785 presentem
1194 2744 1388 2775 Processum
1406 2756 1463 2785 per
1478 2747 1634 2779 Notarios

255 2788 409 2818 Publicos
432 2787 636 2828 subscriptos
659 2788 757 2818 scribi
783 2791 818 2818 et
841 2787 1002 2828 publicari
1025 2787 1267 2826 mandavimus,
1286 2792 1321 2818 et
1337 2789 1443 2819 nostri
1458 2789 1567 2830 sigilli,
1591 2792 1633 2821 de

253 2841 414 2862 consensu
438 2831 636 2871 collegarum
660 2834 852 2862 nostrorum
875 2831 1112 2872 predictorum,
1135 2841 1194 2871 pro
1217 2831 1312 2862 nobis
1335 2835 1370 2862 et
1392 2832 1471 2873 ipsis
1494 2833 1635 2865 fecimus
