1987 3062
347 228 441 272 350

338 2358 397 2383 DE-

337 2399 411 2417 cmi-

338 2432 404 2450 BER.

337 2458 389 2484 fol.
401 2457 442 2483 57.

550 245 650 277 THE
686 247 924 280 REGISTER.
963 247 1022 279 OF
1057 248 1236 280 BISHOP
1271 248 1673 283 BRANTYNGHAM.

499 347 582 385 tiri-s,
602 348 774 389 Glasneye,
791 349 910 379 habuit
926 349 1043 380 mortis
1060 359 1118 380 sue
1134 352 1294 389 ternpore,
1311 360 1352 380 ex
1368 350 1467 380 certis
1490 351 1596 381 causis
1617 351 1727 390 ipsum
1744 361 1876 381 moven-

446 428 452 434 .
499 391 600 428 tibus,
617 396 679 422 etc.
699 403 705 429 ;
730 403 866 428 necnon,
885 392 1080 432 hujusmodi
1103 393 1276 432 Sequestri
1294 393 1489 424 Custodiam
1512 394 1694 424 literatorie
1710 394 1878 425 commisit

500 434 660 473 Magistro
677 435 748 465 Ade
765 435 899 474 Spar-ke,
918 435 1082 466 Canonico
1105 436 1138 466 in
1164 436 1307 466 Ecclesia
1330 437 1542 476 supradicta3
1565 447 1703 474 necnon,
1731 435 1879 467 Domino

498 478 556 508 Ga]
563 478 658 516 frido,
674 478 817 509 Sacriste
827 478 960 509 ibidem.
1008 479 1052 509 Et
1065 479 1191 509 habent
1208 479 1297 510 diem
1313 479 1354 510 ad
1371 480 1623 511 certificandum
1638 481 1719 520 quid
1734 480 1876 510 fecerint

496 520 530 550 in
560 520 619 551 hac
651 524 755 560 parte,
783 522 867 552 citra
898 521 1018 552 Narale
1046 522 1424 553 Domini.—Oommissi0
1450 533 1509 562 pro
1539 522 1875 554 Administracione—

498 564 671 599 Reflivmldi
691 564 931 601 Ualla—Item,
949 565 1074 595 eisdem
1091 565 1143 595 die
1160 570 1195 596 et
1211 566 1290 602 1060,
1309 566 1473 596 Dominus
1490 567 1656 597 commisit
1672 569 1877 606 potestatem

497 607 658 646 Magistro
671 608 742 637 Ade
761 609 885 647 Spar-ke
901 608 1061 647 predicto,
1078 609 1120 638 ad
1133 609 1414 639 committendum
1427 610 1763 640 Administracionem
1776 610 1876 639 bono-

497 661 572 680 rum
599 651 733 681 Domini
758 651 930 690 Regin-aldi
955 652 1044 682 Calle
1067 652 1259 691 supradicti,
1277 662 1342 691 que
1365 652 1484 682 habuit
1506 653 1623 683 mortis
1640 663 1699 682 sue
1715 656 1876 692 tempore,

498 694 658 733 Magistro
675 695 813 733 Symoni
832 694 1019 733 WythieHe,
1040 696 1219 725 Executori
1234 695 1265 725 in
1285 696 1500 726 'Festamento
1523 695 1675 735 ejusdem
1692 696 1875 735 Reginaldi‚

496 740 530 767 et
548 737 830 767 Coexecutoribus
845 738 922 768 suis.
972 738 1117 775 Proviso,
1138 743 1261 773 tamen,
1276 738 1365 778 quod
1379 740 1469 768 nulla
1485 739 1594 778 legata
1610 739 1741 770 solvant
1751 739 1877 779 absque

497 780 629 819 speciali
646 780 805 811 Mandato
822 781 966 817 Domini,
984 781 1017 811 in
1041 782 1101 811 hac
1125 785 1220 821 parte
1244 782 1350 821 petito
1373 792 1410 812 ac
1433 782 1535 812 eciam
1556 786 1704 822 optento,
1724 786 1825 822 prout
1842 782 1875 812 in

498 823 736 854 Dominis-sione
752 824 843 855 dicto
861 825 1019 864 Magistro
1036 825 1107 855 Ade
1124 825 1251 856 directa-
1266 825 1397 864 plenius
1412 825 1616 856 continetur.

453 878 730 916 Southmolton
750 893 757 925 3
788 880 942 916 Licence
963 885 999 916 to
1022 880 1269 925 celebrate,—

454 932 551 970 Item,
582 932 717 969 ibidem,
752 932 848 963 xxvtO
877 933 930 963 die
962 933 1083 963 mensis
1113 933 1305 973 supradicti,
1339 933 1503 964 Dominus
1534 934 1696 964 concessit
1728 933 1876 964 Roberto

497 974 631 1006 Hacche
648 976 834 1007 Licenciam
850 976 1002 1013 faciendi,
1019 980 1096 1014 etc.⁷
1110 977 1143 1007 in
1163 977 1294 1016 Capella
1306 977 1419 1007 Sancti
1433 977 1574 1015 Andree,
1588 977 1676 1007 infra
1689 977 1875 1006 Manerium

494 1018 536 1049 de
560 1019 643 1049 Hele
666 1020 698 1049 in
722 1020 875 1049 Parochia
898 1020 940 1049 de
963 1020 1232 1057 Soutlunoltone,
1249 1020 1282 1050 in
1311 1020 1478 1059 presencia
1505 1031 1565 1050 sua
1589 1024 1624 1050 et
1654 1020 1764 1050 uxoris
1792 1030 1876 1058 sue;

494 1062 653 1101 quamdiu
673 1063 824 1100 Domino,
842 1066 904 1093 etc.

452 1115 716 1163 Soutliwarl<3
746 1118 825 1154 Pro
855 1117 1057 1164 llospz'talz'
1089 1117 1226 1154 Sancti
1260 1117 1409 1160 leme,
1442 1117 1636 1161 Martiris,
1668 1119 1709 1154 in
1742 1116 1876 1154 Soutlz-

504 1170 689 1214 werke,-‹⁴

453 1224 550 1261 Item,
569 1224 680 1264 xxvth
698 1224 750 1254 die
768 1224 889 1254 mensis
906 1224 1067 1264 ejusdem,
1084 1234 1172 1254 auno
1195 1227 1230 1254 et
1252 1224 1322 1254 loco
1341 1224 1510 1264 predictis,
1529 1225 1693 1255 Dominus
1715 1225 1877 1255 concessit

496 1267 747 1307 Indulgenciam
775 1268 997 1307 quadraginta
1022 1268 1153 1297 dierum
1180 1268 1334 1298 omnibus
1359 1268 1503 1298 subditis
1530 1268 1606 1305 suis,
1634 1268 1874 1307 penitentibus,

495 1314 571 1347 etc„
603 1311 661 1351 qui
691 1311 733 1340 ad
765 1311 939 1350 Hospitale
970 1311 1085 1342 Sancti
1115 1311 1251 1349 Thome,
1271 1311 1427 1349 Martiris,
1456 1311 1489 1341 in
1521 1311 1749 1349 Sonthwerke,
1776 1311 1875 1351 juxta

496 1354 692 1392 Londonias,
710 1354 837 1393 aliquid
854 1354 1047 1393 legaverint,
1068 1354 1275 1384 donaverint.
1295 1364 1352 1384 seu
1376 1354 1618 1394 assignaverint
1641 1355 1769 1385 intuitu
1794 1355 1873 1385 cari-

495 1397 583 1428 tatis.
634 1399 677 1428 Et
701 1397 871 1427 johannes
894 1397 1038 1437 Wayfer,
1058 1398 1258 1428 Procurator
1280 1397 1475 1437 hujusmodi
1498 1397 1634 1437 negocii,
1656 1398 1784 1428 Literas
1806 1408 1873 1428 om—

495 1441 594 1471 nibus
617 1441 761 1471 subditis
785 1441 938 1478 directas,
965 1441 1028 1471 sub
1051 1441 1158 1480 sigillo
1183 1441 1328 1478 Domini,
1355 1451 1421 1471 una
1444 1451 1520 1471 cum
1542 1441 1757 1480 impressione
1783 1441 1875 1471 anuli

494 1484 555 1521 sui,
572 1484 735 1514 veraciter
751 1484 969 1524 consignatas
988 1484 1129 1521 habuit3
1154 1494 1212 1524 per
1236 1495 1342 1514 unum
1365 1494 1491 1514 annum
1517 1484 1754 1515 tautummodo
1777 1484 1874 1514 dura-

493 1531 597 1558 turas.

450 1582 645 1618 Oratories
663 1595 672 1628 3
702 1582 853 1618 Licence
874 1588 909 1618 to
930 1582 1173 1626 celebrum,—

453 1636 550 1673 Item,
568 1636 701 1673 ibidem,
721 1636 810 1675 xxvij
830 1636 882 1665 die
900 1636 1021 1666 mensis
1044 1636 1207 1675 ejusdem,
1233 1636 1398 1666 Dominus
1421 1635 1582 1665 concessit
1599 1635 1752 1666 Johanne
1770 1635 1875 1666 Asshe

494 1679 681 1709 Licenciam
698 1679 787 1719 quod
804 1679 920 1718 possit,
939 1685 1012 1717 etc,
1030 1679 1062 1709 in
1082 1679 1248 1718 presencia
1264 1689 1333 1717 sua,
1350 1679 1384 1709 in
1402 1678 1535 1718 Capella
1558 1678 1645 1709 infra
1669 1679 1874 1709 mansionem

494 1733 588 1752 suam
606 1723 638 1752 in
657 1722 815 1753 Parochia
832 1722 873 1752 de
889 1723 1080 1753 Tuvertone
1098 1733 1104 1759 ;
1121 1722 1283 1762 quamdiu
1302 1722 1444 1752 Domino
1461 1722 1631 1761 placuerit.

451 1765 549 1803 Item,
573 1766 663 1805 apud
688 1766 782 1802 Clist,
809 1765 994 1804 penultimo
1018 1765 1071 1795 die
1096 1766 1217 1795 mensis
1240 1769 1275 1796 et
1298 1765 1376 1795 anni
1403 1765 1684 1804 supradictorum,
1709 1765 1873 1795 Dominus

494 1809 656 1839 concessit
680 1809 831 1838 Dominis
855 1808 1001 1838 Johanni
1029 1806 1248 1848 [Dagenelle],
1275 1808 1408 1838 Rectori
1435 1808 1578 1838 Ecclesie
1607 1807 1806 1838 Parochialis
1832 1808 1872 1838 de

495 1852 579 1889 Ken,
597 1855 631 1882 et
656 1852 793 1889 Thome,
819 1852 916 1881 fratri
939 1862 1008 1889 suo,
1034 1851 1219 1881 Liceuciam
1242 1851 1331 1891 quod
1358 1851 1487 1891 possint
1514 1851 1688 1886 celebrare.
1705 1854 1740 1881 et
1764 1851 1873 1881 facere

494 1895 616 1925 Divina
639 1895 806 1925 celebrari.
821 1895 854 1924 in
871 1894 1039 1933 presencia
1063 1894 1243 1924 eorundem
1267 1904 1325 1924 seu
1348 1904 1464 1924 eorum
1485 1894 1633 1933 alterius,
1650 1894 1738 1924 infra
1755 1895 1871 1925 Recto-

491 1938 574 1968 riam
591 1938 632 1968 de
650 1938 722 1968 Ken
740 1938 889 1977 predicta
907 1947 914 1975 3
931 1937 1103 1977 quamdiu,
1123 1940 1187 1967 etc.

448 1991 676 2041 Confession
692 2005 702 2038 3
723 1992 785 2028 Arl
806 1992 1018 2037 eliplendmn
1041 1991 1363 2037 Confessorem,—

449 2046 547 2080 Item,
566 2046 690 2075 eisdem
714 2045 766 2075 die
790 2049 824 2075 et
848 2045 927 2083 loco,
946 2045 1111 2075 Dominus
1134 2045 1293 2075 concessit
1320 2045 1504 2075 Licenciam
1531 2044 1674 2075 Domino
1698 2044 1870 2084 Stephano

492 2089 533 2119 de
557 2089 785 2128 Cusyngtone,
812 2088 923 2120 Militi.
954 2089 1055 2118 Exon.
1084 2088 1186 2125 Dioc.,
1215 2088 1305 2127 quod
1332 2088 1434 2127 possit
1465 2088 1584 2127 eligere
1611 2088 1674 2117 sibi
1700 2088 1869 2127 ydoneum

494 2132 732 2169 Confessorem,
749 2132 791 2161 ad
806 2131 1011 2162 audiendum
1025 2131 1128 2171 ipsius
1147 2131 1406 2168 Confessionem,
1425 2134 1459 2161 et
1476 2141 1535 2171 pro
1552 2130 1734 2161 commissis
1757 2130 1867 2170 injun-

491 2175 637 2215 gendum
654 2175 857 2214 penitencias
873 2175 1035 2205 salutares
1052 2185 1058 2209 ς
1076 2184 1213 2211 necnon,
1230 2175 1271 2204 ad
1287 2174 1526 2204 absolvendum
1541 2174 1683 2204 eundem
1700 2174 1742 2203 de
1758 2184 1867 2213 pecca-

492 2219 535 2249 tis
558 2219 626 2248 suis
650 2228 708 2258 per
730 2218 841 2257 ipsum
865 2218 1047 2254 confessis3
1072 2218 1250 2248 violacione
1268 2216 1398 2257 jurium
1427 2217 1571 2248 Ecclesie
1598 2227 1664 2254 sue,
1694 2217 1868 2247 adulteriis

490 2265 525 2292 et
548 2261 742 2292 incestubus
766 2261 913 2298 notoriis,
938 2261 1120 2300 injeccione
1147 2271 1309 2291 manuum
1338 2261 1562 2291 violentarum
1588 2260 1621 2290 in
1653 2259 1804 2297 Clericos,
1832 2263 1867 2290 et

489 2305 666 2335 homicidio
684 2305 872 2335 voluntario
889 2304 1070 2334 dumtaxat
1085 2304 1233 2344 exceptis
1249 2315 1255 2341 3
1272 2304 1443 2344 quamdiu,
1461 2308 1522 2334 etc.

446 2359 603 2409 Penryn
621 2372 630 2405 3
650 2360 730 2395 l’ro
755 2360 912 2406 Capella
942 2359 1037 2396 Villa
1057 2359 1101 2394 de
1122 2359 1343 2406 Peranna-—

449 2414 546 2450 I'tem,
566 2413 656 2452 apud
674 2413 767 2450 Clist,
785 2412 930 2443 secundo
947 2412 999 2442 die
1023 2412 1144 2442 mensis
1162 2410 1364 2449 Decembris,
1382 2412 1546 2442 Dominus
1568 2412 1729 2442 concessit
1754 2411 1865 2441 Licen-

489 2457 573 2487 ciam
590 2456 858 2486 inhabitantibus
873 2455 996 2485 Villam
1020 2455 1061 2485 de
1086 2455 1228 2494 Pcnryn,
1247 2454 1337 2494 quod
1360 2455 1487 2494 possint
1511 2455 1618 2484 facere
1643 2454 1762 2485 Divina
1785 2454 1864 2484 cele-

488 2499 578 2529 brari
594 2499 627 2529 in
646 2499 813 2538 presencia
829 2509 945 2529 eorum
961 2508 1019 2528 seu
1035 2498 1184 2537 ipsorum
1198 2498 1350 2538 alicujus,
1367 2498 1538 2538 quamdiu,
1556 2502 1617 2528 etc.

445 2561 657 2611 Ottery-St.
681 2561 805 2609 Mary,
829 2561 895 2597 the
916 2559 1130 2607 Collegiate
1150 2559 1309 2596 Church
1329 2561 1368 2596 of
1382 2573 1393 2606 3
1422 2559 1731 2607 Sequestrum,—

444 2617 542 2653 Item,
569 2615 705 2650 ibidem,
731 2614 846 2644 eodem
871 2614 933 2651 die,
958 2613 1123 2643 Dominus
1146 2613 1371 2652 sequestravit
1395 2614 1505 2643 omnia
1528 2613 1614 2643 bona
1638 2623 1702 2652 que
1726 2612 1864 2642 fuerunt

487 2658 621 2688 Domini
638 2657 794 2687 Willelmi
810 2657 925 2693 Toker,
944 2656 1087 2687 Sacriste
1110 2657 1192 2686 dum
1209 2656 1293 2686 vixit
1316 2656 1350 2686 in
1378 2656 1522 2686 Ecclesia
1545 2656 1667 2687 Sancte
1695 2655 1796 2685 Marie
1821 2655 1862 2684 de

489 2702 620 2739 Ottery,
644 2701 685 2730 de
713 2700 834 2739 quibus
861 2699 977 2730 testari
1007 2699 1144 2739 potuit3
1168 2699 1273 2739 cujus,
1299 2699 1445 2738 quidem,
1474 2699 1646 2739 Sequestri
1671 2698 1864 2729 Custodiam

486 2744 653 2774 commisit
678 2743 821 2772 Domino
844 2742 978 2772 Andree
999 2742 1086 2780 [atte
1109 2742 1224 2779 More],
1250 2742 1391 2772 Custodi
1417 2742 1491 2772 Loci
1515 2742 1675 2782 ejusdem,
1692 2750 1864 2781 quousque

486 2788 751 2822 Testamentum,
776 2786 802 2815 si
825 2786 914 2825 quod
938 2785 1050 2822 fuerit.
1068 2785 1228 2824 probetur
1250 2785 1284 2815 in
1309 2785 1415 2815 forma
1439 2785 1552 2816 debita
1576 2788 1609 2816 et
1633 2787 1800 2821 consueta,
1829 2786 1863 2813 et

484 2830 575 2860 aliud
592 2839 691 2869 super
707 2829 767 2859 hoc
784 2828 949 2866 habuerit,
964 2832 1026 2859 etc.

1968 1033 1987 1821 1
