1987 3062
451 201 739 234 REGISTRUM
766 200 1226 234 coMMUNE—ANNO
1255 192 1314 235 5⁰.
1553 191 1646 233 353

113 299 191 359 ἢῆ·
194 336 217 359 5
222 302 368 339 Exeter
387 303 624 341 Cathedral·
616 304 910 353 ,Sequestracio
931 304 1407 352 Ecclesimmmfructuum
1435 311 1468 341 et
1493 317 1648 352 proven-

114 367 179 393 V.01
196 368 220 394 Ι.
278 363 386 393 tuum
410 357 556 394 Decam'
576 365 609 395 et
631 358 876 406 Capituli,—

115 401 172 464 [ῦὲἶὶ
225 410 320 446 Item,
336 411 469 448 ibidem,
487 420 531 440 xx
547 412 609 449 die,
634 413 802 443 emanavit
826 413 1055 452 Sequestrum,
1076 412 1238 442 directum
1258 411 1417 452 Magistro
1434 412 1561 443 Simoni
1578 412 1645 442 Wi-

267 454 390 491 thielle,
409 454 547 484 Officiali
572 455 750 485 Peculiaris
773 456 1022 486 Jurisdiccionis
1045 456 1077 485 in
1104 455 1339 493 001·nubia,ad
1356 456 1645 495 sequestrandum,

267 500 301 526 et
318 497 534 536 Sequestrum
552 498 818 536 custodiendum,
843 510 909 538 quo
935 499 974 528 ad
1000 499 1136 529 terciam
1160 502 1288 539 partem
1306 497 1556 538 [Ecclesiarum]
1582 499 1645 528 De-

267 541 339 570 cani
364 544 397 570 et
423 540 569 580 Capituli
595 542 730 579 Exonie,
760 542 912 572 videlicet
940 542 1105 582 Weneppe
1130 541 1190 581 [Sc.
1219 540 1410 582 Gwennap],
1438 542 1560 572 Melani
1585 541 1646 580 [St.

267 583 432 622 Jlullimz]
450 584 586 624 WVyneri
602 583 662 624 [St.
683 585 855 624 Gwz'nfflr]⁹
882 585 968 615 Ercii
993 585 1052 624 [St.
1074 585 1179 623 ErthL
1206 585 1354 615 Sancreti
1379 584 1438 624 [St.
1461 584 1643 623 Sancreed],

267 626 381 657 Vuelis
398 626 458 667 [St.
482 627 583 666 Evam,
602 628 660 657 lde
677 627 737 668 [St.
755 628 864 667 Issey]‚
882 628 1042 658 Brueredi
1059 627 1120 666 [St.
1138 628 1317 666 Brevem-(U,
1332 628 1524 665 Alternone,
1542 628 1644 668 Wyn-

267 670 340 700 noci
359 670 420 708 [δε.
448 670 613 709 ῙΓίηηο·ῑυ],
633 671 760 701 Pierani
778 670 837 711 [Sc.
861 669 1125 711 efran-Zabam]

225 712 322 751 Item,
347 713 469 743 eisdem
495 715 547 744 die
571 720 604 744 et
628 715 706 750 loco,
733 715 948 754 Sequestrum
974 714 1143 744 consimile
1168 714 1326 753 Magistro
1349 714 1496 745 ,Iohanni
1520 713 1645 744 North-

267 756 367 794 wvde,
397 756 534 787 Officiali
561 757 811 788 Jurisdiccionis
838 758 871 788 in
898 758 1054 795 Devonia,
1079 758 1252 795 directum,
1278 758 1379 787 eciam
1404 758 1581 795 emanavit,
1605 758 1648 788 ad

268 801 555 839 sequestrandum,
573 805 608 831 et
624 802 841 841 Sequestrum
859 801 1127 836 custodiendum,
1145 811 1212 840 quo
1227 801 1268 830 ad
1286 801 1422 831 terciam
1441 804 1568 840 partem
1588 801 1646 831 Ec-

269 843 441 873 clesiarum
470 844 591 874 Dec-ani
622 849 656 874 et
689 845 834 884 Capituli
866 844 992 874 Exonie
1017 844 1329 883 infrascriptarum:
1365 844 1527 882 videlicet,
1554 844 1649 884 Clyst

268 886 446 926 Hynetone
463 887 576 926 [Clysc-
588 886 754 928 lloniton],
774 888 841 925 Ide,
860 887 1097 927 Columpstoke
1114 886 1329 926 [Gulmscock]
1345 887 1516 926 Colytone,
1529 888 1647 917 Brans-

267 930 391 967 combe‚
411 931 617 961 Saltecombe
635 929 942 970 [Solovmbe-Reqis}
964 930 1154 967 Littelham,
1173 930 1274 960 Stoke
1294 931 1546 968 Cauonicorum,
1565 931 1646 960 Nor-

269 977 347 1002 tone
364 973 398 1011 [a
417 973 536 1013 e'lmpel
552 985 592 1003 on
609 974 691 1004 their
716 974 834 1004 Mamor
850 977 884 1004 in
902 973 1099 1004 Newton-Sc.
1119 973 1235 1013 Cyre-3]
1262 974 1437 1004 Doulisshe
1463 973 1650 1013 [Dawlish],

269 1016 412 1046 Ecclesia
429 1017 550 1048 Sancte
576 1017 675 1047 Man-ie
700 1018 759 1057 [Se.
788 1018 885 1056 Mar-gs
912 1015 1065 1057 Clutrclz]⁷
1093 1019 1277 1056 Aspertone
1293 1015 1511 1056 [Ashburton],
1529 1017 1650 1048 Sancte

271 1060 415 1090 Sativole
447 1060 505 1099 [Sl.
533 1060 942 1099 Sidwell'3‚—‘''Statuele,''
969 1061 1069 1095 1118.;
1099 1071 1119 1089 a
1148 1060 1274 1090 clerical
1302 1059 1419 1100 error],
1449 1061 1649 1100 XVestleghe,

270 1102 451 1142 XVynkelay
466 1102 690 1143 [Winlclciylz],
708 1105 909 1144 Westansty.
947 1104 989 1133 Et
1005 1103 1166 1134 Officiales
1180 1103 1319 1143 predicti
1333 1104 1457 1134 habent
1471 1104 1651 1134 certificare

269 1145 351 1176 citra
370 1147 507 1177 Festum
526 1148 639 1178 Sancti
656 1148 805 1187 Gregorii
822 1158 921 1187 super
938 1147 1116 1186 premissis.

117 1202 169 1261 {sslb
228 1205 356 1243 North
377 1207 539 1243 Tawton
558 1221 567 1253 3
598 1208 658 1244 Sir
679 1208 815 1257 Henry
835 1207 972 1252 walle,
997 1207 1112 1252 R„—

172 1257 178 1263 ’
227 1259 324 1297 Item,
344 1260 411 1300 xxij
431 1261 493 1297 die,
511 1262 599 1300 apud
619 1261 712 1297 Clist,
733 1261 901 1291 emanavit
919 1260 1053 1298 Citacio,
1071 1260 1132 1290 sub
1149 1260 1227 1290 data
1250 1263 1371 1300 quarto
1396 1261 1476 1291 Idus
1500 1261 1652 1292 Januarii

272 1301 327 1343 [10
345 1302 442 1340 Jan.],
461 1304 625 1334 directum
653 1305 781 1334 Decano
799 1305 839 1334 de
857 1303 1096 1343 Chulmeleghe
1120 1307 1154 1333 et
1179 1304 1309 1333 Rectori
1329 1304 1471 1334 Ecclesie
1487 1305 1528 1334 de
1546 1305 1649 1334 Bone-

270 1346 363 1385 leghe
381 1346 596 1385 [Bondleiylz],
613 1349 651 1377 ani
671 1348 843 1378 citandum
863 1347 1041 1377 Dominum
1060 1346 1243 1376 Henricum
1263 1347 1375 1384 Walle,
1395 1348 1566 1378 Rectorem
1593 1348 1651 1378 Ec-

271 1389 366 1419 clesie
390 1390 432 1420 de
456 1390 716 1429 Northtautone,
739 1395 853 1421 contra
878 1390 1030 1420 ultimam
1054 1390 1142 1420 diem
1166 1390 1326 1428 «Ianuarii,
1351 1400 1450 1430 super
1474 1391 1653 1421 violacione

271 1433 450 1472 Sequestri,
468 1437 529 1464 etc.
577 1434 779 1474 Habentque
796 1434 939 1464 eundem
956 1433 1045 1463 diem
1063 1433 1103 1463 ad
1121 1433 1381 1464 certificandum.

226 1491 401 1541 Bishop's
421 1493 582 1530 Tawton
604 1505 612 1539 ;
641 1494 703 1530 Sir
721 1494 826 1530 John
850 1494 973 1538 Hitte,
997 1493 1116 1538 V„—

228 1545 327 1583 Item,
347 1547 471 1576 eisdem
488 1547 540 1576 die
556 1551 591 1577 et
608 1547 686 1585 loco,
703 1547 872 1577 emanavit
895 1547 958 1577 alia
982 1547 1118 1583 Citacio,
1143 1546 1206 1577 sub
1230 1547 1307 1577 data
1324 1547 1482 1586 predicta,
1500 1547 1656 1578 videlieet

269 1588 349 1629 ffijto
366 1589 456 1627 Idus,
474 1594 548 1627 etc,
567 1590 732 1621 directum
751 1591 882 1621 Decano
908 1590 1156 1629 Barnastapolie
1179 1593 1214 1620 et
1237 1590 1366 1620 Vicario
1390 1590 1476 1629 Loci,
1494 1591 1535 1621 ad
1552 1591 1654 1622 citan-

271 1632 352 1662 dum
370 1633 552 1663 Dominum
570 1634 758 1664 Johannem
778 1635 884 1671 Hitte,
902 1633 1032 1663 Vicario
1050 1633 1192 1663 Ecclesie
1209 1633 1250 1663 de
1268 1633 1595 1673 Bisshopestautone,
1612 1635 1654 1666 ad

270 1676 413 1706 eundem
431 1676 530 1713 diem,
551 1687 650 1716 super
668 1678 846 1708 violacione
870 1676 1051 1717 Seqwstri,
1070 1680 1131 1707 etc.
1179 1676 1225 1707 Et
1242 1676 1377 1714 habent,
1395 1677 1508 1716 eciam,
1526 1678 1567 1707 ad
1585 1688 1655 1708 cer-

271 1719 466 1749 tificandum
484 1721 598 1750 eodem
616 1721 679 1750 die.

120 1776 442 1838 {g¹·Cor11wood
457 1794 467 1828 3
497 1780 560 1816 Ad
583 1780 857 1829 inquirendum
872 1781 917 1817 cle
936 1780 1018 1817 vita
1038 1786 1072 1816 et
1089 1783 1243 1828 yestura
1263 1781 1433 1818 Hectoris
1453 1782 1500 1818 de
1524 1782 1656 1819 Corne-

284 1834 451 1878 mode,—

229 1886 326 1925 Item,
345 1887 430 1926 apud
459 1887 551 1926 Clist,
577 1887 705 1928 xxiiijto
728 1888 790 1926 die,
815 1888 983 1919 emanavit
1007 1888 1131 1920 Citacio
1155 1887 1281 1919 directa
1296 1888 1426 1919 Vicario
1444 1889 1588 1920 Ecclesie
1612 1890 1654 1920 de

273 1930 513 1970 Ermyngtone‚
531 1931 572 1961 ad
590 1931 829 1971 inquirendum
846 1943 886 1962 an
906 1931 1070 1962 Dominus
1082 1931 1252 1962 Johannes
1269 1932 1447 1971 Maresshe,
1462 1933 1583 1963 Rector
1595 1933 1655 1963 Ec-

272 1973 368 2003 clesie
385 1974 425 2004 de
442 1974 655 2012 Cornewode,
673 1985 731 2014 per
747 1975 792 2015 xij
820 1975 932 2005 fideles
954 1975 1094 2015 juratos,
1110 1978 1183 2013 etc.,
1200 1975 1343 2005 resideat
1359 1979 1449 2006 caste
1466 1986 1502 2006 ac
1518 1976 1656 2006 honeste

273 2017 372 2054 vivat,
390 2016 654 2056 hospitalitatem
678 2022 801 2055 teneat,
826 2023 860 2048 et
884 2019 970 2049 Cure
994 2029 1053 2049 sue
1077 2018 1249 2049 deserviat.
1298 2019 1344 2049 Et
1360 2018 1462 2050 habet
1477 2019 1518 2050 ad
1535 2020 1654 2050 certifi-

271 2060 415 2090 candum
433 2061 588 2100 expedito
605 2062 739 2101 negocio
757 2071 764 2098 ;
789 2062 890 2099 nullo,
908 2065 1030 2100 tamen,
1047 2062 1100 2092 die
1116 2064 1205 2093 certo
1221 2061 1375 2092 limitato.

121 2117 196 2176 {5}
230 2119 436 2156 Morebath
451 2133 461 2166 3
491 2120 642 2157 Licence
662 2127 697 2157 to
717 2122 957 2167 celebrate,—

122 2191 199 2210 κως,
232 2173 329 2210 Item,
347 2173 480 2211 ibidem,
498 2173 577 2214 iiijto
593 2175 647 2204 die
664 2175 785 2205 mensis
805 2175 982 2213 Februarii,
1008 2175 1101 2205 Prior
1124 2175 1165 2205 de
1190 2174 1361 2213 Bierleghe
1384 2174 1576 2215 [Ber-linem,
1596 2177 1654 2206 Ba-

273 2216 456 2246 thoniensis
473 2220 507 2246 et
528 2217 697 2248 Wellensis
716 2218 869 2256 Diocesis,
886 2218 1006 2248 habuit
1029 2218 1214 2249 Licenciam
1232 2218 1428 2256 celebrandi,
1448 2219 1498 2249 vel
1515 2219 1658 2250 faciendi

274 2259 395 2289 Divina
412 2260 577 2298 celebrari,
591 2261 623 2290 in
642 2262 808 2301 presencia
825 2273 893 2300 sua,
907 2262 939 2291 in
959 2262 1112 2292 Oratorio
1130 2261 1307 2291 mansionis
1324 2271 1383 2291 sue
1399 2262 1441 2292 de
1455 2262 1629 2294 Morbathe
1649 2274 1656 2301 ;

275 2303 448 2342 quamdiu,
471 2307 533 2333 etc.

232 2361 427 2399 Benefices
446 2367 516 2400 not
535 2368 577 2400 to
596 2363 643 2400 be
663 2365 812 2401 farmed
835 2364 1002 2401 without
1022 2364 1182 2401 Licence
1200 2376 1209 2409 ;
1240 2364 1298 2400 Ne
1317 2363 1509 2412 Beneficia
1537 2365 1660 2402 Eccle-

289 2416 444 2452 siastica
481 2417 690 2454 tradantur
725 2419 779 2454 ad
805 2419 969 2466 firmam
1008 2415 1159 2468 [absque
1196 2417 1373 2454 Licencz'a
1410 2418 1660 2467 Episcopi,—

288 2469 412 2506 added
434 2471 474 2506 in
494 2483 517 2506 a
536 2470 637 2507 later
658 2469 848 2522 hand}—

234 2523 387 2560 Thomas,
404 2527 476 2561 ete„
495 2523 733 2555 Archidiacono
749 2525 886 2562 Exonie,
899 2525 949 2555 vel
967 2525 1040 2564 ejus
1058 2524 1204 2562 Officiali,
1219 2524 1372 2562 salutem,
1386 2527 1447 2556 etc.
1453 2526 1659 2557 —Frondes-

277 2566 352 2596 cits
339 2576 468 2605 semper
484 2567 517 2596 in
535 2567 678 2598 vetitum
695 2568 843 2598 humana
859 2572 988 2605 natura,
1010 2571 1053 2605 et,
1072 2567 1203 2597 diabolo
1221 2578 1278 2607 per
1294 2568 1453 2599 invidiam
1467 2569 1657 2619 instigante,

277 2611 373 2639 tanto
389 2609 600 2649 frequencius
618 2612 820 2652 concupiscit
835 2611 950 2641 illicita
967 2592 1094 2651 quaiito
1118 2610 1181 2640 sub
1205 2610 1298 2650 penis
1315 2614 1349 2641 et
1366 2613 1512 2642 censuris
1529 2614 1656 2652 gravio-

276 2652 368 2682 ribus
384 2652 511 2682 fuerint
533 2652 720 2686 iuteidiet-i.
768 2654 892 2684 Multoi
897 2665 962 2691 um
988 2653 1163 2694 siquidem,
1188 2653 1414 2685 insinuacione
1438 2655 1480 2685 ad
1504 2666 1562 2686 nos
1565 2659 1658 2687 trum

278 2695 430 2734 peivenit
446 2695 597 2725 auditum
616 2697 715 2736 quod,
737 2697 814 2728 licet
832 2678 1030 2728 Sanctoium
1050 2697 1188 2726 Patrum
1213 2697 1376 2737 Sedisque
1394 2698 1582 2737 Apostolice
1599 2700 1659 2730 Le-

277 2741 430 2777 gatorum
448 2738 768 2778 Constitucionibus,
789 2740 967 2770 salubriter
991 2739 1089 2770 editis
1106 2743 1140 2770 et
1156 2739 1292 2779 provide
1309 2741 1538 2781 promulgatis,
1556 2743 1662 2774 fuerit

276 2781 458 2811 diffinitum
475 2781 564 2821 quod
583 2781 782 2822 Dignitates,
801 2783 924 2822 Officia,
945 2783 1106 2813 Beneficia
1130 2782 1368 2822 Ecclesiastica,
1395 2784 1464 2815 sive
1480 2785 1543 2816 alia
1559 2786 1661 2826 Spiri-

352 2839 378 2872 Z
