1987 3062
413 291 701 325 REGISTRUM
745 291 997 325 COMMUNE
1066 291 1202 324 ANNO
1243 282 1335 326 13⁰.
1540 282 1633 324 465

102 387 178 445 ²³33}-
254 391 325 431 diti,
345 392 443 424 dietis
459 394 588 434 quartis
604 396 638 424 et
654 394 756 424 sextis
773 393 863 424 feriis
881 394 1144 433 processionibus
1161 393 1358 433 hujusmodi
1381 394 1542 425 interesse
1566 404 1633 425 non

99 422 174 483 [¹V·{f
189 455 243 485 IL]
255 440 422 475 poterunt,
440 437 617 477 quinquies
635 438 733 468 Pater
749 442 852 468 noscet·
867 441 901 467 et
918 438 980 468 Ave
999 437 1110 467 Maria
1126 438 1247 467 devote
1263 437 1452 468 dicentibus
1478 448 1535 477 pro
1560 448 1631 478 pre-

254 479 360 518 dictis,
389 482 611 521 quadraginta
637 482 707 511 dies
735 481 775 511 de
800 480 963 520 injunctis
990 480 1051 510 sibi
1080 480 1276 520 penitenciis
1307 481 1564 511 misericorditer
1596 481 1630 512 in

251 523 395 554 Domino
418 524 612 555 relaxamus
659 525 734 562 Vos,
759 528 884 555 autem.
908 524 1067 564 premissa
1091 524 1201 554 omnia
1225 524 1258 553 iu
1283 525 1403 554 vestris
1429 524 1574 555 Civitate
1596 529 1632 555 et

251 566 382 597 Diocesi
405 568 654 598 Londoniarum
678 568 807 598 faciatis
831 567 1005 598 efficaciter
1028 567 1427 598 observari.—Oraciones
1443 568 1484 598 de
1508 568 1632 608 quibus

250 611 461 650 premisimus
478 612 511 642 in
536 611 595 642 hec
613 611 711 641 verba
735 610 1119 651 sequuntur,—Oracio:
1145 611 1245 647 Deus,
1272 611 1336 649 Qui
1360 611 1556 642 iminentem
1582 611 1630 642 in-

248 655 388 685 munitis
405 655 580 686 interitum
597 655 664 685 sola
683 655 906 685 misericordia
930 655 1109 692 removisti,
1127 655 1250 694 quibus
1277 658 1316 685 ut
1340 655 1523 685 misericors
1547 655 1629 685 exis-

248 702 336 728 teres
359 698 581 729 conversionis
605 698 826 738 penitenciam
851 698 1052 738 prestitisti3
1082 698 1215 737 respice,
1244 708 1437 738 quesumus,
1468 699 1629 738 populum

249 742 359 772 Tuum
377 745 454 772 ante
477 746 691 782 conspectum
716 741 936 772 misericordie
959 742 1030 772 'Fue
1054 745 1268 781 prostratum,
1288 745 1325 772 ut
1349 752 1432 781 quos
1456 742 1631 782 Unigeniti

249 785 313 815 Tui
335 786 496 824 sanguine
520 786 689 816 redemisti
714 795 779 815 non
803 784 952 825 paciaris,
971 788 1107 824 propter
1123 785 1381 815 misericordiam
1399 785 1515 823 Tuam,
1540 785 1629 815 subi·

246 832 342 859 tanee
360 829 476 859 mortis
491 829 627 859 interire
643 828 805 868 supplicio
824 839 830 866 ;
848 838 906 868 per
922 828 1086 865 Eundem,
1105 829 1338 859 eta—Secreta
1355 840 1361 859 ι
1388 829 1531 859 Ecclesie
1548 829 1629 867 Tne,

248 883 440 912 quesumus,
467 873 684 912 Omnipotens
711 872 809 909 Deus,
835 871 945 901 minus
969 871 1137 911 placatum
1168 872 1316 910 intende,
1339 874 1375 902 et
1407 872 1630 903 misericordia

249 927 308 946 nos
338 917 451 956 pocius
482 926 583 956 quam
614 916 661 945 ira
691 915 886 955 preveniat;
927 915 991 952 Qui
1016 915 1043 944 si
1073 915 1270 954 iniquitates
1299 919 1428 945 nostras
1455 915 1630 946 observare

251 959 403 997 volueris,
421 960 512 990 nulla
529 959 653 999 poterit
669 962 819 988 creatura
836 958 1017 989 subsistere
1034 969 1041 994 ;
1059 962 1118 995 set,
1136 958 1323 989 admirabili
1341 959 1465 998 pietate
1489 969 1554 999 qua
1571 969 1630 990 nos

250 1003 368 1041 fecisti,
386 1014 484 1043 opera
500 1012 662 1033 manuum
680 1002 828 1032 Tuarnm
846 1012 911 1032 non
935 1001 1021 1032 sinas
1046 1001 1181 1032 interire
1197 1013 1204 1040 ;
1228 1012 1287 1042 per
1310 1002 1503 1040 Dominum,
1523 1006 1630 1033 etc.—

249 1046 504 1077 Posteommunio
523 1057 528 1077 :
554 1046 775 1085 Omnipotens
792 1048 826 1076 et
844 1045 1027 1075 misericors
1053 1045 1153 1083 Deus,
1170 1045 1295 1085 respice
1320 1045 1480 1085 populum
1506 1047 1628 1083 Tuum,

248 1090 419 1130 Majestati
449 1090 519 1120 Tue
549 1089 764 1129 subjectum;
788 1092 831 1127 et,
863 1099 903 1118 ne
934 1099 993 1118 nos
1024 1088 1117 1119 furor
1148 1089 1305 1119 sevientis
1330 1089 1446 1119 mortis
1470 1089 1628 1128 inveniat,

247 1134 539 1164 Sacramentorum
556 1134 704 1163 Tuorum
723 1132 891 1172 percepcio
908 1135 1021 1162 sancta
1038 1131 1188 1172 proficiat
1205 1143 1211 1170 ;
1237 1143 1294 1172 per
1311 1132 1505 1170 Dominum,
1523 1137 1630 1164 etc.—

249 1177 375 1207 Datum
393 1177 426 1207 in
447 1177 592 1207 Manet-io
611 1180 723 1207 nostro
740 1177 781 1206 de
798 1175 986 1212 Otteforde,
1004 1175 1190 1215 penultimo
1207 1176 1260 1205 die
1285 1176 1407 1206 mensis
1432 1176 1522 1214 Maii,
1545 1177 1626 1208 A.D.

248 1221 306 1251 ΜΟ.
328 1220 456 1252 CCCmo
473 1217 624 1260 lxxxide‚
643 1223 677 1250 et
693 1227 805 1250 nostre
823 1219 1063 1249 Translaciouis
1082 1221 1178 1249 Anno
1196 1219 1468 1260 primo—Cujus
1485 1220 1628 1251 auctori·

249 1267 319 1294 tate
337 1264 496 1301 Mandati,
513 1267 575 1294 ete.
597 1264 647 1302 (in
664 1263 713 1294 the
729 1273 870 1294 common
879 1261 994 1302 form).

94 1316 489 1375 ssss‘flbssllichaelstoxve
506 1316 803 1369 [Mighelstowe,
820 1314 919 1368 MS]
938 1330 946 1363 ς
967 1318 1029 1353 Sir
1046 1316 1328 1354 Bartholoinew
1346 1318 1494 1363 Porter,
1513 1318 1629 1363 R„-

95 1369 343 1416 JU'Np'Liceuce
366 1373 400 1402 of
424 1372 673 1402 non-residence
690 1371 740 1401 for
764 1382 782 1400 a
804 1381 882 1411 year
905 1371 991 1400 from
1018 1371 1229 1401 Michaelmas
1246 1376 1336 1408 next,
1358 1372 1377 1386 ‘⁴
1391 1372 1483 1409 dum,
1502 1375 1627 1410 tamen,

96 1424 140 1442 US-
248 1416 383 1447 interim
400 1415 618 1446 effectualiter
634 1415 766 1445 insistat
783 1414 894 1444 studio
911 1414 1100 1444 Literarum
1114 1415 1131 1425 ’¹
1151 1414 1314 1453 (Londou,
1334 1416 1370 1445 11
1390 1415 1503 1454 June).

206 1473 348 1509 Exeter
367 1470 578 1507 Cathedral
593 1483 602 1516 3
634 1470 987 1516 Te.3ta7)ze7ztct7·y‚--

204 1528 302 1565 Item,
320 1525 408 1565 apud
428 1524 619 1554 Farendone
636 1523 783 1562 [Hants],
801 1523 857 1563 xvj
876 1523 928 1552 die
945 1523 1048 1560 Junii,
1061 1523 1230 1553 emanavit
1248 1523 1444 1554 Mandatum
1462 1524 1627 1555 directum

251 1569 408 1609 Magistro
440 1568 481 1599 H.
516 1567 730 1606 Hickelynge,
764 1566 954 1596 Precentori
986 1566 1131 1596 Ecclesie
1164 1566 1369 1605 Exoniensis,
1409 1570 1442 1597 et
1480 1567 1628 1599 Johanni

248 1611 463 1649 Northwode,
481 1610 619 1641 Officiali
644 1610 821 1640 Peculiaris
844 1609 1094 1640 Jurisdiccionis
1118 1609 1152 1640 in
1178 1610 1335 1646 Devonia,
1353 1610 1395 1640 ad
1418 1614 1626 1651 sequestran-

248 1657 329 1687 dum
352 1655 462 1685 omnia
486 1655 572 1684 bona
595 1657 629 1683 et
651 1653 782 1692 singula
806 1652 1026 1683 Dominorum
1050 1653 1214 1683 Johannis
1238 1653 1394 1690 Saxtone,
1419 1664 1527 1694 nuper
1551 1655 1626 1686 Pre-

247 1699 388 1730 centoris
414 1698 556 1728 Ecclesie
581 1697 786 1734 Exoniensis,
805 1700 839 1726 et
864 1696 1001 1726 Roberti
1019 1696 1272 1736 Vaggescombe,
1292 1697 1449 1728 Canonici
1473 1698 1625 1738 ejusdem

247 1742 400 1780 Ecclesie,
425 1741 672 1778 defunctorum,
690 1744 724 1770 et
747 1741 787 1770 ad
812 1740 1070 1770 custodiendum
1095 1740 1325 1780 Sequestrum,
1350 1746 1425 1779 etc.,
1449 1751 1625 1781 quousque

245 1787 461 1817 Testamenta
476 1795 534 1814 seu
552 1784 680 1815 Ultime
698 1783 897 1813 voluntates
914 1783 1062 1822 ipsorum
1079 1783 1318 1814 defunctorum
1342 1785 1542 1815 auctoritate
1558 1785 1623 1816 Do-

244 1830 326 1860 mini
356 1829 420 1859 rite
453 1828 579 1859 fuerint
609 1827 798 1867 approbate,
824 1829 859 1857 et
891 1826 1136 1857 Executoribus
1167 1826 1427 1858 Administracio
1459 1827 1624 1860 Canonice

244 1873 427 1904 commissa.

200 1918 298 1954 Item,
321 1916 445 1946 eisdem
470 1915 523 1945 die
545 1918 580 1944 et
602 1914 682 1952 loco,
707 1913 874 1944 emanavit
898 1912 1097 1943 Mandatum
1113 1913 1279 1944 directum
1298 1914 1434 1953 Hugoni
1453 1915 1622 1955 Bridham,

244 1960 402 2000 Magistro
422 1959 621 1996 Baldewyno
637 1958 678 1987 de
695 1956 970 1996 Schillyngforde,
989 1956 1163 1987 Canonicis
1184 1957 1318 1995 Exonie,
1335 1968 1371 1988 ac
1389 1959 1548 1998 Magistro
1564 1960 1620 1990 Jo-

242 2003 344 2034 hanni
360 2002 575 2039 Northwode,
593 2004 627 2031 et
643 2000 785 2040 [Rogero
801 2000 842 2030 de
860 1999 1114 2038 ChesterfeldeJ,
1133 2001 1263 2031 Rectori
1279 2001 1320 2031 de
1347 2001 1561 2042 Ipplepenne,
1579 2004 1621 2034 ad

242 2046 490 2087 inquirendum,
509 2045 717 2085 conjunctim
734 2047 768 2074 et
785 2043 928 2081 divisim,
946 2043 987 2073 de
1003 2044 1190 2074 defectibus
1207 2054 1290 2084 quos
1307 2045 1476 2084 predictus
1501 2046 1619 2086 Magis-

243 2094 294 2121 ter
312 2090 419 2129 Hugo,
439 2090 615 2119 Precentor
632 2087 790 2128 prefatus,
808 2087 841 2117 in
867 2086 1021 2117 domibus
1045 2090 1080 2117 et
1102 2087 1274 2125 clausuris,
1291 2088 1458 2128 rebusque
1481 2089 1553 2120 aliis
1577 2091 1618 2121 ad

242 2133 486 2165 Precentoriam
510 2142 604 2162 suam
628 2130 867 2171 spectantibus,
892 2130 1030 2168 invenit,
1049 2134 1087 2160 ut
1103 2130 1199 2168 dixit,
1216 2131 1426 2170 reparacione
1449 2132 1562 2163 debita
1585 2138 1620 2164 et

242 2176 421 2207 necessaria
452 2175 647 2215 indigentes,
672 2177 707 2204 et
733 2184 816 2214 quos
844 2173 1008 2203 Dominus
1033 2173 1205 2204 Johannes
1231 2174 1389 2213 Saxtone,
1415 2176 1496 2206 dum
1523 2177 1616 2216 vixit,

243 2220 379 2257 dimisit,
397 2218 465 2250 suis
488 2218 704 2258 temporibus,
724 2217 934 2255 incorrectos,
952 2220 1011 2247 etc.

198 2275 397 2323 Iri-egular
416 2273 716 2311 Confirmatious
736 2271 812 2308 and
833 2271 1060 2319 tonsurings
1078 2284 1086 2317 3
1106 2271 1319 2319 Inquisz'cz'o
1340 2278 1373 2308 et
1396 2272 1545 2310 Citacio
1565 2275 1618 2311 acl

252 2329 450 2366 citandum
479 2327 686 2370 crismam-s,
721 2339 782 2362 seu
810 2338 946 2372 pueros
977 2325 1157 2361 crzfsmarz’
1182 2333 1444 2372 procurantes,
1474 2334 1507 2364 et
1541 2335 1619 2366 ton-

251 2388 410 2427 suratos,
431 2382 478 2418 ab
499 2381 626 2429 iqnoto
648 2380 900 2426 Episcopo,—

198 2437 352 2473 Thomas,
372 2439 423 2466 etc
438 2460 444 2473 ,
463 2434 600 2472 Exonie‚
619 2433 785 2470 Tottonie,
802 2432 1060 2473 Earnastamlie,
1075 2435 1109 2462 et
1122 2432 1298 2470 cornubie,
1312 2434 1346 2464 in
1363 2438 1476 2465 nostra
1494 2435 1615 2467 Exoni-

241 2479 311 2510 ensi
343 2479 485 2509 Ecclesia
517 2476 776 2514 ArchidiaconiS,
810 2480 843 2506 et
873 2486 987 2506 eorum
1019 2475 1223 2507 Officialibus
1255 2476 1306 2506 vel
1338 2477 1614 2519 locatenentibus,

241 2523 393 2559 salutem,
411 2521 573 2552 etc—Ad
590 2523 735 2550 nostram
752 2519 961 2550 audienciam
984 2520 1114 2550 noviter
1137 2523 1189 2549 est
1212 2519 1396 2551 deductum
1421 2523 1511 2561 quod
1535 2533 1615 2554 non-

240 2566 325 2596 nulli
348 2566 454 2596 nostri
478 2564 606 2595 subditi
628 2563 968 2594 Archidiaconatuum
1000 2563 1225 2602 predictorum
1258 2569 1489 2603 procurarunt,
1517 2570 1552 2596 et
1574 2568 1616 2597 de

238 2610 327 2640 facto
344 2610 503 2646 fecerunt,
521 2618 597 2638 suos
621 2617 740 2646 pueros
763 2617 781 2636 a
805 2606 951 2646 quodam
974 2606 1097 2646 ignotO,
1115 2605 1316 2645 Episcopum
1340 2617 1373 2636 se
1397 2607 1538 2646 dicente,
1558 2611 1618 2650 qui

239 2653 334 2684 Clero
351 2662 463 2683 carens
479 2656 514 2682 et
530 2650 651 2692 populo
670 2649 868 2686 Christiano,
886 2659 922 2679 ac
938 2649 970 2679 in
995 2649 1178 2679 stabilitate
1194 2649 1378 2687 vagacionis
1401 2654 1435 2681 et
1459 2653 1616 2684 mendici-

239 2696 319 2727 tatis
336 2695 510 2736 obprobrio
527 2694 738 2724 serenitatem
757 2692 966 2730 obnubilans,
991 2692 1109 2722 falcem
1133 2702 1227 2722 suam
1252 2692 1285 2722 in
1310 2702 1449 2724 messem
1475 2695 1616 2728 alienam

241 2739 443 2779 presumpsit
459 2739 603 2776 mittere,
620 2737 731 2767 fronte
747 2736 894 2766 crismari
912 2739 946 2766 et
968 2735 1096 2776 aliquos
1112 2735 1300 2775 symoniace
1322 2736 1424 2767 eciam
1440 2741 1618 2779 tonsurari,

240 2782 515 2822 Vestimentaque
532 2784 566 2811 et
583 2780 707 2811 Calices
730 2790 767 2810 ac
787 2779 913 2809 Altaria
935 2778 1084 2809 benedici
1107 2782 1141 2809 et
1161 2779 1484 2818 consecrari,'ymmo
1507 2783 1618 2814 verius

241 2826 395 2864 execrari,
411 2825 446 2855 in
461 2825 648 2855 animarum
664 2833 801 2854 suarum
817 2822 1048 2862 decepcionem
1064 2824 1244 2862 nostreque
1260 2822 1281 2853 J
1286 2823 1510 2856 urisdiccionis
1526 2836 1618 2857 ener-

240 2868 409 2900 vacionem
440 2871 476 2899 et
504 2866 739 2909 prejudicium,
766 2876 803 2897 ac
834 2865 974 2897 aliorum
1005 2864 1227 2908 perniciosum
1257 2865 1458 2907 exemplum.
1505 2868 1618 2909 Vobis,

233 2917 319 2959 2G
