1987 3062
472 226 759 259 REGISTRUM
796 226 937 259 COMM
946 225 1013 258 UN
1020 225 1251 258 E—ANNO
1294 216 1383 259 100.
1581 214 1606 256 3
1615 215 1641 257 9
1650 215 1675 257 3

138 326 213 366 Α-Γ·
250 328 349 367 Item,
374 328 500 361 eisdem
522 328 575 361 die
597 332 631 361 et
650 328 736 370 loco,
761 329 930 362 Dominus
951 328 1118 361 concessit
1139 328 1334 372 Licenciam
1355 326 1527 360 Wfflelmo
1551 325 1681 368 Bevyle

136 361 228 419 {73039'1
295 375 329 403 et
349 371 494 403 Isabelle
515 373 588 412 ejus
610 373 718 407 uxori,
743 373 834 413 quod
856 373 997 414 possint,
1023 376 1102 410 etc.,
1125 372 1160 403 in
1181 371 1320 412 Capella
1343 372 1384 403 de
1406 370 1621 411 Lannarghe,
1646 371 1681 400 in

195 413 201 419 '
230 413 236 420 ⁸
291 415 460 447 Parochia
484 416 601 448 Sancti
624 416 793 448 Siddinini
815 417 985 456 [Lanuer‚
1010 416 1049 448 in
1073 416 1122 448 St.
1150 415 1311 456 Sitlnmy]
1335 415 1485 451 situata;
1517 414 1680 455 quamdiu

292 460 439 491 Domino
460 459 628 501 placuerit
649 459 860 492 duraturam.

427 646 646 703 fflutaciu
689 645 821 697 &nni
864 645 1254 697 &enarrationis
1293 643 1514 695 Eanum.

243 731 379 783 guma
407 729 584 783 &omini
613 732 661 773 ut
691 743 831 783 supra,
858 733 896 772 et
926 729 1276 774 &numni-acinum
1297 728 1474 781 {lumini
1503 728 1668 770 herimo.

243 805 342 843 Item,
360 805 498 845 ibidem,
516 807 600 847 xviij
618 806 672 838 die
687 806 842 846 ejusdem
857 806 982 837 mensis
999 805 1095 843 Maii,
1114 805 1283 837 Dominus
1301 804 1468 836 concessit
1482 803 1675 834 Licenciani

286 849 435 881 Ricardo
450 848 673 890 Wheteleghe
689 854 723 880 et
737 849 885 880 Ismanie
900 849 999 880 uxori
1014 849 1101 888 ejus,
1118 847 1209 888 quod
1224 848 1367 888 possint,
1386 850 1464 883 etc.,
1482 847 1517 877 in
1534 846 1673 886 Capella

281 893 352 925 sive
369 892 527 924 Oratorio
542 893 632 924 infra
649 893 809 925 Mansum
827 893 1010 924 eorundem
1027 893 1067 925 de
1084 893 1263 931 Newtone,
1284 893 1318 923 in
1336 891 1504 923 Parochia
1520 891 1560 923 (le
1579 892 1673 925 Chir-

283 940 410 973 stowe3
435 946 496 976 per
513 945 619 968 unum
636 946 762 967 annum
780 935 992 975 duraturam,
1013 940 1076 967 etc.

239 979 340 1020 Item,
362 978 500 1018 ibidem,
521 979 579 1019 xxj
602 978 666 1017 die,
690 979 857 1010 Dominus
878 979 1045 1010 concessit
1062 978 1255 1010 Licenciam
1275 976 1460 1018 capellano
1480 977 1522 1009 de
1541 976 1668 1008 Lond&

282 1023 368 1064 keye
384 1022 592 1063 [Lancllceyffl
611 1022 703 1063 quod
717 1023 827 1063 possit
843 1021 1014 1054 celebrare
1029 1022 1157 1053 Divina
1174 1021 1208 1053 in
1225 1021 1365 1062 Capella
1380 1021 1487 1052 Beate
1504 1021 1614 1052 Marie
1631 1020 1671 1051 de

283 1066 472 1098 Hereforde
492 1065 708 1107 [Harforcl],
731 1065 824 1103 dum,
847 1069 974 1105 tamen,
997 1064 1150 1096 Ecclesie
1170 1064 1321 1096 Matrici'
1348 1064 1579 1106 prejudicium
1599 1063 1670 1095 nul-

281 1109 353 1141 lum
373 1110 454 1147 fiat3
483 1110 647 1151 quamdiu
670 1109 818 1141 Domino
841 1107 1010 1150 placuerit
1032 1109 1244 1140 duraturam.

241 1164 488 1214 Ugborough
497 1177 508 1210 3
528 1163 1001 1212 Renzmciaciofactaper
1016 1163 1228 1200 Robertmn
1244 1163 1287 1200 de
1305 1161 1669 1211 Knysyhthetone,—

237 1218 337 1257 Item,
357 1219 414 1258 xxj
435 1218 499 1253 die,
518 1218 552 1248 in
565 1217 703 1258 Capella
717 1217 873 1258 Hospicii
888 1216 1037 1249 Domini,
1054 1217 1247 1257 comparuit
1264 1216 1489 1257 personaliter
1502 1214 1673 1247 Robertus

281 1260 565 1302 Knygbthetone,
586 1260 740 1300 clericus,
760 1260 963 1291 Exoniensis
981 1259 1146 1298 Diocesis,
1168 1270 1280 1290 coram
1299 1260 1447 1290 Domino
1465 1258 1591 1291 ibidem
1610 1270 1671 1300 pro

280 1303 446 1336 tribunali
463 1303 601 1335 sedente
615 1315 623 1342 3
646 1307 803 1344 presente
819 1306 902 1334 tunc
919 1301 1046 1334 ibidem
1064 1302 1210 1333 Domino
1228 1301 1379 1333 Roberto
1396 1301 1666 1342 Vaggescombe,

281 1347 452 1380 Canonico
468 1348 503 1378 in
519 1346 673 1378 Ecclesia
689 1345 885 1379 Cathedrali
902 1345 1044 1385 Exonie,
1062 1356 1100 1377 ac
1118 1344 1345 1377 Procuratore
1363 1345 1523 1387 Magistri
1540 1346 1562 1377 J
1566 1345 1667 1377 ohan-

277 1392 331 1422 nis
347 1390 494 1431 Cheyne,
514 1391 566 1421 cui
586 1390 839 1424 Sanctissimus,
859 1398 939 1428 c·,c.,
959 1389 1126 1420 Dominus
1143 1389 1329 1429 Gregorius
1347 1388 1441 1429 Papa
1459 1389 1499 1420 de
1518 1389 1669 1420 Ecclesia

278 1434 469 1466 l'arochiali
492 1434 533 1465 de.
552 1432 786 1474 Uggeburghe
807 1432 1055 1473 [provide1·at]:
1084 1442 1146 1472 pro
1168 1442 1235 1472 quo
1255 1436 1325 1463 tres
1348 1433 1524 1463 sentencie
1547 1432 1668 1463 diffini-

130 1478 180 1504 101-
197 1478 237 1504 73·
277 1478 348 1509 tive
372 1478 405 1508 in
427 1478 633 1517 possessorio
654 1476 724 1508 late
746 1476 886 1507 fuerunt
909 1479 1028 1506 contra
1051 1474 1224 1515 prefatum
1247 1474 1439 1506 Robertum
1461 1475 1591 1516 Knygh
1611 1475 1664 1506 hc-

277 1526 368 1553 tone.
417 1521 512 1552 Idem
530 1519 702 1551 Robertus
721 1519 935 1550 renunciavit
955 1519 1045 1549 omni
1064 1518 1133 1558 juri
1152 1518 1244 1558 quod
1264 1518 1325 1549 sibi
1347 1529 1389 1549 ex
1408 1518 1669 1550 Presentacione

279 1565 373 1596 facta
388 1563 497 1596 eidem
512 1573 572 1604 per
589 1562 754 1604 quosdam
769 1562 874 1593 laicos
891 1572 925 1594 se
942 1572 1041 1593 veros
1059 1562 1149 1593 dicte
1166 1561 1316 1593 Ecclesie
1334 1561 1503 1592 Patronos
1520 1571 1667 1592 asseren-

275 1611 339 1647 tes,
365 1618 403 1638 ac
426 1606 652 1638 Institucione
675 1609 709 1637 et·
731 1605 936 1636 Induccione
959 1605 1037 1635 inde
1061 1605 1185 1636 secutis
1209 1603 1425 1645 competebat
1450 1615 1510 1635 seu
1534 1614 1664 1644 compe<

276 1656 327 1682 tat
355 1661 414 1682 seu
441 1653 632 1690 competere
658 1649 785 1689 poterit
813 1647 1062 1689 quoquomodo.
1113 1647 1286 1686 Prefatus,
1316 1647 1466 1687 insuper,
1496 1646 1668 1679 Robertus

277 1693 527 1735 Knyghtetone
542 1693 685 1733 juravit,
703 1695 787 1723 tunc
804 1690 941 1729 ibidem,
960 1691 1063 1722 tactis
1080 1690 1123 1721 ad
1140 1689 1203 1721 hoc
1221 1690 1456 1722 Sacrosanctis
1473 1691 1537 1722 Dei
1556 1688 1666 1722 Evan-

279 1737 385 1778 geliis,
406 1736 497 1778 quod
515 1746 575 1777 per
593 1745 640 1774 se,
659 1745 720 1766 nec
739 1745 800 1775 per
817 1734 919 1765 aliam
938 1733 1177 1774 interpositam
1194 1743 1384 1773 personam,
1407 1735 1520 1775 ipsum
1540 1734 1666 1774 Magis-

277 1785 370 1812 trum
389 1779 584 1812 Johannem
604 1778 752 1819 Cheyne,
775 1788 836 1808 nec
857 1777 1005 1818 aliquem
1025 1776 1130 1808 alium
1150 1777 1258 1817 ipsius
1277 1777 1423 1815 nomine,
1446 1788 1480 1808 se
1500 1777 1587 1809 velle
1607 1774 1667 1809 iin-

277 1823 394 1865 pedire
408 1823 462 1855 vel
477 1822 669 1860 molestare,
688 1825 749 1853 aut
765 1820 967 1861 inquietare,
987 1820 1132 1852 durante
1149 1821 1223 1851 vita
1238 1820 1346 1861 ipsius
1363 1819 1523 1860 Magistri
1540 1821 1667 1853 Johan-

272 1868 336 1907 nis,
356 1867 536 1908 quominus
554 1866 664 1906 ipsam
680 1864 867 1896 Ecclesiam
887 1863 1021 1900 habere,
1043 1868 1076 1895 et
1096 1863 1137 1895 de
1154 1863 1337 1899 fructibus,
1358 1863 1562 1902 redditibus,
1581 1865 1664 1905 juri-

276 1910 350 1945 bus,
369 1914 403 1942 et
417 1907 684 1941 obvencionibus
699 1906 805 1939 libere
821 1907 1012 1947 disponere,
1030 1917 1092 1947 per
1107 1917 1141 1938 se
1158 1910 1191 1938 et
1207 1917 1296 1943 suos,
1316 1911 1419 1948 prout·
1435 1908 1482 1939 eis
1499 1907 1667 1948 placuerit

274 1958 308 1986 et
326 1952 502 1985 videbitur
521 1951 691 1993 expedire,
713 1949 842 1992 absque
862 1950 977 1991 aliqua
996 1950 1179 1981 vexacione
1200 1961 1257 1982 seu
1278 1950 1522 1991 impedimento
1544 1951 1662 1992 ipsius.

276 2007 335 2028 seu
361 1996 502 2027 alterius
527 1996 774 2036 cujuscumque
800 2004 860 2025 suo
886 1993 1021 2024 nomine
1048 1993 1223 2031 faciendis,
1252 1995 1318 2025 nisi
1346 1995 1482 2026 interim
1508 1995 1664 2033 prefatus

275 2040 443 2081 Magister
462 2038 636 2071 Johannes
657 2036 793 2077 Cheyne
813 2047 920 2077 lpsani
940 2036 1129 2068 Ecclesiam
1149 2040 1270 2077 sponte
1289 2037 1467 2069 dimiserit.
1495 2038 1664 2070 Presenti-

274 2083 351 2123 bus,
373 2087 456 2115 tunc
476 2081 613 2121 ibidem,
637 2081 816 2122 Magistris
837 2080 1010 2112 Willelmo
1032 2080 1129 2120 Bide,
1153 2080 1286 2121 LL.D.,
1311 2084 1346 2113 et
1367 2080 1513 2123 Hugone
1537 2082 1662 2113 Hicke-

272 2127 386 2169 lynge,
411 2125 621 2159 Cancellario
642 2126 750 2167 ipsius
772 2125 922 2156 Domini.

123 2181 183 2241 [γῒξὲ
231 2180 464 2218 Bradninch
485 2177 802 2231 [Bradenynche,
826 2176 932 2229 MS]
951 2190 960 2223 3
990 2177 1054 2214 Sir
1072 2177 1183 2214 John
1204 2176 1442 2227 Spaldynge,
1467 2178 1588 2222 R„-

141 2233 156 2241 “
178 2217 196 2246 ]“
230 2235 373 2265 Licence
394 2234 428 2265 of
446 2233 712 2271 non-residence,
736 2233 752 2246 “
766 2232 929 2273 quamdiu
952 2232 1085 2263 steterit
1106 2231 1140 2261 in
1161 2229 1332 2271 obsequiis
1354 2231 1555 2267 Reverendi,
1581 2234 1660 2269 etta,

275 2277 414 2309 Domini
430 2276 558 2308 Thome
574 2275 630 2315 [de
645 2274 857 2314 Arundelle],
877 2274 1023 2306 Eliensis
1039 2273 1203 2314 Episcopi
1217 2285 1225 2312 ς
1249 2273 1341 2312 dum,
1361 2277 1489 2313 tamen,
1509 2274 1659 2305 Ecclesie

431 2320 446 2329 «v

271 2332 340 2360 sue,
360 2324 435 2352 etc:
468 2320 632 2359 (London,
651 2321 693 2350 22
709 2319 816 2360 May).

119 2378 169 2404 50¹-
182 2378 222 2403 73·
237 2375 409 2424 Oratory
426 2387 436 2421 3
465 2374 624 2411 Licence
645 2379 680 2409 to
700 2372 947 2417 celebrate,—

228 2428 329 2467 Item,
351 2427 550 2465 Londonfis,
574 2426 736 2458 vicesimo
758 2426 878 2466 quinto
901 2425 965 2462 die,
989 2424 1157 2457 Dominus
1179 2425 1345 2456 concessit
1368 2424 1561 2455 Licenciam
1585 2424 1656 2456 Ste-

270 2470 384 2512 phano
406 2469 618 2502 Derneforde
639 2472 675 2501 et
696 2468 820 2501 Cecih'e
841 2468 916 2508 ejus
939 2468 1048 2505 uxori,
1072 2467 1163 2508 quod
1185 2468 1329 2509 possint,
1354 2471 1432 2504 eto,
1458 2467 1493 2499 in
1516 2467 1657 2508 Capella

269 2515 340 2546 sive
359 2514 518 2546 Oratorio
538 2513 728 2545 Mansionis
748 2513 931 2544 eorundem
953 2512 1043 2552 apud
1065 2512 1209 2543 Suttone
1230 2511 1400 2552 Voutour,
1423 2513 1522 2552 juxta
1544 2512 1658 2544 Plum-

268 2556 408 2589 mouthe
423 2569 430 2595 ;
455 2556 619 2598 quamdiu
635 2556 782 2588 Domino
798 2555 966 2597 placuerit
982 2555 1192 2587 duraturam.

120 2612 194 2672 {YOL
228 2611 653 2660 Cheriton-Fitzpaine,
683 2611 803 2655 R„—

116 2666 165 2705 sols
226 2664 429 2706 Radulphus
443 2663 638 2705 [Erghum].
656 2664 878 2705 permissione
894 2662 1021 2694 Divina
1036 2660 1293 2693 Saresbiriensis
1310 2661 1512 2702 Episcopus,
1531 2661 1659 2693 Execu-

116 2713 189 2744 ΞΜ]
269 2712 325 2740 tor
342 2708 462 2739 unicus
481 2707 523 2739 ad
542 2707 763 2748 infrascripta
781 2717 801 2738 a
819 2706 903 2738 Sede
921 2704 1121 2746 Apostolica
1141 2705 1338 2745 deputatus,
1360 2705 1507 2737 Domino
1525 2704 1655 2736 Abbati

166 2785 170 2805 ¹
199 2784 358 2828 Bishop's
372 2785 527 2824 Tawton,
544 2795 588 2817 on
601 2783 714 2816 which
727 2783 906 2826 Landkey,
922 2794 999 2815 now
1013 2794 1034 2816 a
1048 2787 1204 2826 separate
1219 2781 1347 2824 parish,
1364 2793 1435 2815 was
1450 2782 1652 2824 dependent.
