1987 3062
360 247 646 281 REGISTRUM
689 247 1147 282 OOMMUNE—ANNO
1189 239 1281 285 12⁰.
1488 241 1582 283 449

45 349 121 408 3³33-
159 350 278 388 Great
298 350 595 400 Torrington,—

44 400 145 442 xioL'L
158 404 170 443 [
183 404 267 435 Verte
281 406 462 445 proximum
474 404 593 444 folium
610 415 736 445 sequens
755 405 798 436 acl
814 405 870 436 Ῐιοσ
885 405 1013 443 siquam
1031 403 1075 445 ᾧ

44 449 104 479 [fol.
160 447 226 478 Ista
243 448 349 479 Litera
361 447 433 487 suit
443 448 537 487 faeta
552 458 609 488 per
626 449 845 488 Principalem
864 448 1031 487 Qfficialem
1048 453 1075 480 et
1088 447 1182 479 missa
1198 447 1361 487 Domina]

44 483 118 514 91b.]
157 491 320 522 Omnibus
337 502 479 532 quorum
498 492 645 529 interest,
663 502 721 522 seu
738 493 895 522 interesse
912 492 1043 532 poterit,
1061 492 1094 522 in
1111 491 1317 531 subscriptis,
1335 492 1488 530 Thomas,
1501 496 1575 531 etc,

197 535 349 572 salutem,
367 535 592 575 eto—Nuper
608 535 772 566 Diocesim
790 539 935 566 nostram
955 535 1174 566 Exoniensem
1193 535 1358 566 ordinario
1375 539 1488 566 nostro
1500 536 1577 576 jure

195 578 370 608 actualiter
386 578 569 615 visitantes,
587 589 644 618 per
661 579 927 619 Inquisicionem,
945 579 986 608 ad
1003 589 1128 609 meram
1149 579 1337 609 animarum
1361 579 1573 610 subditorum

196 624 385 652 nostrorum
418 622 654 652 correccionem
686 622 718 652 iu
753 622 897 653 Ecclesia
928 622 1111 652 Parochiali
1142 621 1184 652 de
1222 622 1391 662 Torytone
1429 626 1572 662 captam,

195 675 304 695 corum
337 664 430 695 nobis
462 669 681 705 compertum,
710 665 882 696 detectum
913 665 1027 696 extitit
1058 670 1092 696 et
1119 665 1279 703 delatum,
1312 665 1402 706 quod
1434 666 1573 706 quidam

196 708 361 739 Dominus
394 708 556 739 Robertus
585 709 626 739 de
651 709 880 749 Bonyugtone,
904 708 1075 748 presbiter,
1101 719 1158 748 per
1181 709 1349 749 quendam
1382 709 1573 740 Johannem

195 751 302 791 Class,
335 752 540 791 Burgensem
571 752 722 792 ejusdem
754 752 856 792 Burgi
887 752 927 782 de
958 752 1135 792 Torytone,
1160 751 1194 782 iu
1225 752 1381 782 omnibus
1413 753 1510 783 terris
1540 756 1574 783 et

196 795 396 826 tenementis
419 805 483 836 que
508 795 596 825 idem
620 795 789 826 ,Johannes
813 794 932 825 habuit
955 795 988 825 in
1006 795 1095 825 dicto
1112 796 1232 835 Burgo,
1250 795 1334 826 etin
1358 795 1429 826 aliis
1454 796 1574 835 Burgis

194 842 228 868 et
254 838 346 869 Locis
369 838 440 869 aliis
463 838 652 878 adquisivit,
677 838 834 869 feoffatus
858 842 892 868 et
915 838 1048 869 seisitus
1071 839 1239 875 extiterat,
1259 842 1357 878 prout-
1381 839 1420 869 de
1437 850 1572 870 consue-

194 881 312 912 tudine
335 882 473 922 antiqua
497 882 600 919 licuit,
625 886 659 912 et
682 882 715 912 in
740 882 954 912 Testamento
978 892 1035 912 seu
1062 882 1190 913 Ultima
1212 882 1396 912 Voluntate
1421 883 1573 922 ejusdem

195 925 358 956 Johannis
383 925 526 956 fideliter
549 928 714 963 oneratus,
741 928 780 955 ut
802 925 891 955 idem
923 925 1087 956 Dominus
1113 925 1288 963 Robertus,
1323 929 1397 965 post
1428 930 1572 957 mortem

194 968 316 1008 prefati
339 968 511 1006 ,Iohannis
539 968 687 1006 ,ilici-am,
711 968 813 999 filiam
836 968 1000 999 «Iohannis
1024 969 1201 1009 prenotati,
1225 969 1267 999 de
1293 969 1446 1000 Elienora
1470 980 1573 1000 uxore

192 1022 251 1042 sua
276 1016 488 1051 procreatam,
507 1012 547 1042 de
571 1012 694 1042 eisdem
720 1011 818 1042 terris
841 1015 875 1042 et
899 1012 1109 1049 tenementis,
1127 1015 1162 1042 et
1185 1011 1322 1042 heredes
1345 1012 1434 1043 dicte
1457 1013 1571 1051 Alicie,

193 1055 345 1086 feoffaret
368 1058 402 1086 et
426 1055 554 1085 seisiret
577 1055 847 1096 imperpetuum3
882 1055 1018 1095 ipseque
1042 1055 1218 1093 Robertus,
1243 1055 1352 1086 anime
1375 1066 1433 1086 sue
1456 1056 1574 1087 salutis

192 1098 378 1137 immemor,
396 1102 471 1139 post
488 1102 629 1129 mortem
646 1099 808 1129 ,Iohannis
824 1099 1018 1138 supradicti,
1036 1099 1291 1129 Testamentum
1315 1099 1384 1129 sive
1409 1099 1573 1131 Ultimum

195 1142 411 1173 Voluntatem
436 1142 477 1172 de
500 1142 622 1182 quibus
645 1142 850 1172 antedicitur
873 1142 1049 1182 impedivit
1065 1142 1253 1173 voluntarie
1270 1145 1303 1173 et
1327 1143 1521 1181 retardavit,
1539 1147 1573 1174 et

192 1185 281 1216 dieta
298 1188 401 1216 terras
419 1190 452 1216 et
469 1189 669 1223 teuementa,
688 1189 802 1216 contra
819 1185 984 1217 Ultimam
1002 1185 1221 1216 Voluntatem
1239 1185 1391 1225 ejusdem
1408 1186 1573 1225 defuncti,

194 1229 395 1269 quibusdam
421 1229 623 1267 Elizabethe,
649 1229 743 1259 uxori
767 1229 849 1260 dicti
880 1229 1054 1267 Johnnnis,
1080 1232 1115 1260 et
1139 1229 1213 1260 tiliis
1238 1229 1327 1259 inter
1358 1230 1490 1260 eosdem
1515 1230 1571 1261 Jo-

193 1272 336 1303 hannem
361 1276 394 1303 et
424 1272 651 1303 Elizabetham
676 1273 864 1312 procreatis,
891 1272 1026 1303 dimissa
1050 1276 1084 1302 et
1108 1272 1214 1303 invita
1245 1273 1350 1303 Alieia
1380 1277 1572 1312 memoratu,

195 1316 286 1347 dedit
305 1316 346 1346 de
369 1316 457 1347 facto
481 1319 514 1346 et
537 1316 718 1352 alienavit;
747 1316 859 1356 sicque
882 1315 1018 1356 Majoris
1042 1316 1408 1347 Excommunicacionis
1433 1317 1572 1348 Senten·

194 1359 288 1397 cium,
306 1370 323 1389 a
341 1359 470 1390 Sanctis
488 1359 643 1390 Patribus
667 1362 782 1390 contra
806 1359 1025 1399 impedientes
1048 1360 1301 1390 Testamentum
1326 1370 1382 1390 seu
1409 1359 1574 1391 Ultimum

195 1402 412 1432 Voluntatem
429 1402 664 1432 defunctorum
676 1402 812 1442 provide
829 1402 941 1439 latam,
958 1406 992 1432 et
1004 1402 1111 1442 ipsum
1132 1402 1324 1440 Robertum,
1340 1403 1573 1443 presbiterum,

194 1445 368 1476 efficaciter
383 1449 561 1484 artantem,
578 1446 666 1476 idem
684 1445 846 1485 presbiter
869 1446 1128 1485 dampnabiliter
1151 1446 1342 1476 incurrebat
1364 1446 1436 1486 ipso
1460 1447 1549 1477 facto
1566 1459 1572 1485 ;

195 1492 229 1518 et
245 1489 290 1519 sic
307 1489 614 1519 excommunicatus
637 1489 782 1519 existens
807 1489 922 1519 Missas
945 1489 986 1519 de
1009 1489 1097 1519 facto
1121 1489 1308 1525 celebravit,
1326 1499 1440 1529 ymmo
1464 1490 1574 1520 verius

195 1532 424 1572 proplianavit,
448 1532 482 1562 iu
506 1533 616 1562 anime
639 1542 697 1562 sue
721 1532 906 1571 periculum
932 1532 1026 1562 valde
1050 1543 1159 1571 grave.
1208 1532 1306 1563 Unde
1330 1543 1398 1570 nos,
1424 1544 1482 1574 per
1506 1534 1570 1563 Do-

195 1575 323 1606 minum
356 1576 540 1606 Robertum
573 1575 730 1613 Palmere,
758 1575 900 1606 Ecclesie
932 1575 1130 1606 Parochialis
1154 1575 1304 1615 ejusdem
1330 1576 1416 1606 ville
1442 1577 1571 1607 Presbi-

193 1623 314 1657 terum,
331 1629 368 1649 ac
385 1629 441 1659 per
466 1620 630 1658 Rogermn
648 1622 718 1649 atte
742 1619 863 1656 Deene,
883 1618 1067 1649 Walterum
1093 1619 1209 1659 Wyan,
1228 1619 1392 1658 Rogerum
1418 1620 1572 1660 Spycere,

193 1662 381 1692 Juliannem
407 1663 551 1699 Pottere,
571 1662 754 1693 Robertum
780 1662 995 1702 Northwyke,
1015 1662 1219 1692 Willelmum
1245 1663 1362 1701 Moret,
1380 1663 1571 1695 ,Iohannem

194 1706 406 1743 Wodelonde,
440 1705 621 1736 Henricum
654 1705 828 1745 Bayleghe‚
860 1705 1047 1736 Johannem
1088 1705 1280 1744 Colebroke,
1319 1710 1353 1736 et
1394 1707 1572 1738 Ricardum

192 1749 318 1787 Ci·OSSe‚
338 1750 522 1788 Burgenses
545 1749 633 1779 dicte
650 1749 734 1779 Ville
751 1749 792 1779 de
815 1749 984 1789 Torytone
1009 1753 1043 1779 et·
1066 1749 1293 1779 inhabitantes
1316 1750 1467 1787 eandem,
1485 1750 1572 1782 viros

191 1792 374 1832 fidedignos
392 1792 628 1832 premissorum
645 1792 801 1822 noticiam
820 1793 1020 1832 optinentes,
1037 1792 1070 1822 in
1088 1792 1194 1822 forma
1209 1792 1294 1832 juris
1318 1796 1352 1824 et
1375 1793 1571 1833 singillatim

190 1836 319 1876 juratos
336 1840 371 1866 et
386 1836 601 1873 examinatos,
619 1846 718 1875 super
735 1835 902 1876 premissis
918 1835 1073 1866 omnibus
1091 1839 1124 1866 et
1137 1835 1275 1876 singulis
1291 1836 1416 1877 inquiri
1432 1837 1572 1868 fecimus

192 1879 322 1919 plenam
354 1882 388 1910 et
419 1889 543 1910 meram
568 1879 753 1910 veritatem.
802 1879 855 1916 Et,
881 1879 959 1918 quia
990 1889 1047 1919 per
1070 1879 1350 1910 examinacionem
1375 1880 1571 1921 hujusmodi

189 1923 377 1953 invenimus
394 1922 504 1953 omnia
520 1922 669 1963 predicta
685 1926 864 1963 comperta,
882 1923 1022 1961 detecta,
1041 1926 1075 1953 et
1091 1923 1201 1953 delata
1219 1933 1295 1953 vera
1312 1923 1414 1954 fuisse
1439 1927 1472 1955 et
1488 1935 1569 1963 esse,

191 1969 294 2006 atque
309 1965 450 2007 publica,
469 1966 597 1996 notoria
621 1966 744 2006 pariter
767 1969 802 1996 et
824 1966 959 2004 famosa,
978 1965 1209 1997 testimonium
1235 1966 1448 2006 perhibemus
1471 1978 1571 2008 super

190 2009 312 2040 eisdem
338 2020 396 2050 per
427 2009 554 2040 Literas
578 2013 707 2040 nostras
738 2012 899 2050 patentes,
925 2019 1007 2050 quas
1038 2009 1145 2050 sigillo
1169 2014 1283 2040 nostro
1314 2010 1455 2041 fecimus
1479 2021 1566 2042 com-

191 2053 481 2084 muniri—Damni
497 2056 532 2083 at
547 2053 757 2093 Torrington,
775 2054 812 2084 21
832 2053 931 2084 June.

36 2105 80 2131 s0¹·
143 2108 307 2145 Beaford
329 2105 573 2160 [Beauforde‚
596 2105 696 2159 MS]
713 2121 721 2154 3
751 2108 812 2144 Sir
831 2108 980 2145 Robert
999 2106 1156 2157 Amyet,
1179 2107 1295 2153 R„—

34 2140 94 2166 9012.
149 2162 283 2194 Licence
299 2162 334 2192 os
349 2161 600 2192 non-residence
616 2161 668 2192 for
684 2173 702 2192 a
725 2172 812 2202 year,
839 2161 1150 2202 “contemplacione
1173 2161 1303 2192 Nobilis
1327 2162 1484 2201 Mulieris,
1503 2163 1567 2194 Do-

190 2206 280 2236 mine
296 2205 434 2235 Matilde
450 2205 491 2235 (le
507 2205 729 2245 XVelyugtone
747 2215 753 2242 ;
778 2205 870 2242 dum,
887 2208 1010 2243 tamen,
1027 2205 1161 2236 steterit
1176 2205 1210 2236 in
1227 2205 1393 2246 obsequiis
1417 2206 1569 2247 ejusdem

189 2259 247 2289 per
262 2249 350 2279 idem
368 2252 501 2288 tempus
514 2249 530 2260 '³
549 2248 714 2288 (Bishop's
731 2248 878 2287 Tawton,
897 2249 934 2278 ‘21
954 2248 1069 2282 June).

146 2303 377 2341 Ilfracombe
398 2300 699 2354 [llfridecombe‚
722 2299 822 2354 MS]
838 2315 847 2348 ;
877 2302 939 2339 Sir
958 2302 1130 2339 William
1152 2302 1356 2352 Polgrime,
1380 2304 1495 2349 R,—

148 2357 343 2388 “Dominus
367 2356 527 2387 concessit
550 2355 733 2387 Licenciam
758 2354 914 2386 oretenusl
945 2380 952 2388 .
992 2380 998 2387 .
1038 2378 1045 2385 .
1072 2356 1270 2387 absentandi
1292 2367 1338 2395 se,
1364 2361 1436 2397 etc„
1462 2368 1568 2400 usque

188 2401 326 2432 Festum
345 2400 468 2430 Pasche
484 2400 634 2440 proximo
650 2399 805 2430 futurum
821 2399 837 2411 '¹
856 2398 1023 2439 (Bishop's
1039 2399 1188 2438 Tawton,
1207 2401 1246 2431 22
1263 2400 1377 2439 June).

1379 409 1390 483 ἔ
1407 429 1546 467 υιανρίη.

146 2455 323 2493 Shirwell
342 2466 350 2501 ;
379 2454 531 2492 Licence
551 2462 587 2491 to
603 2454 846 2499 celebrate,—

145 2510 241 2548 Item,
266 2509 399 2547 ibidem,
424 2508 505 2549 xxiij
531 2508 584 2538 die
607 2507 712 2545 Junii,
736 2507 865 2538 Nobilis
889 2507 958 2544 Vir,
986 2507 1150 2539 Dominus
1173 2508 1319 2539 Jacobus
1342 2509 1384 2540 de
1408 2509 1566 2541 Chudde-

186 2553 290 2592 leghe,
315 2552 421 2590 Miles,
447 2555 482 2583 et
505 2551 659 2582 Johanna
682 2551 756 2591 ejus
780 2561 872 2589 uxor,
897 2550 1089 2582 habuerunt
1121 2551 1306 2583 Licenciam
1336 2553 1378 2584 de
1408 2553 1567 2585 celebrari

187 2596 309 2627 Divina
325 2595 485 2633 faciendo,
503 2598 580 2632 etc„
600 2594 634 2625 in
652 2594 783 2634 Capella
801 2593 868 2624 sive
893 2594 1044 2625 Oratorio
1069 2595 1249 2625 Mansionis
1272 2606 1331 2626 sue
1354 2596 1387 2627 in
1408 2597 1566 2629 Parochia

184 2640 226 2670 de
249 2639 442 2679 Shirewylle
459 2648 466 2676 ;
490 2638 661 2679 quamdiu,
678 2641 740 2668 etc.
760 2648 767 2675 ;
791 2637 955 2678 volumuS,
973 2640 1095 2677 autem,
1113 2638 1203 2679 quod
1227 2639 1353 2676 diebus,v
1371 2643 1432 2672 etc.

143 2693 600 2742 Letters-Dimissory,-

142 2748 232 2779 John
258 2747 449 2787 Dounheys,
465 2746 563 2784 clei-k,
588 2745 661 2776 “ad
684 2755 799 2776 omues
823 2747 892 2776 tam
918 2745 1062 2777 Minores
1086 2756 1186 2787 quam
1212 2747 1329 2778 Sacros
1353 2748 1505 2787 Ordines,
1523 2750 1567 2780 ad

564 2827 574 2847 ¹
599 2828 749 2861 Inserted
765 2828 868 2861 above
884 2829 941 2861 the
956 2829 1032 2863 line.

175 2879 256 2923 21¹
