<?xml version="1.0" encoding="UTF-8"?>
<!DOCTYPE html PUBLIC "-//W3C//DTD XHTML 1.0 Transitional//EN"
    "http://www.w3.org/TR/xhtml1/DTD/xhtml1-transitional.dtd">
<html xmlns="http://www.w3.org/1999/xhtml" xml:lang="en" lang="en">
 <head>
  <title>
</title>
<meta http-equiv="Content-Type" content="text/html;charset=utf-8" />
  <meta name='ocr-system' content='tesseract 3.04.00' />
  <meta name='ocr-capabilities' content='ocr_page ocr_carea ocr_par ocr_line ocrx_word'/>
</head>
<body>
  <div class='ocr_page' id='page_1' title='image "./registerofthomas01cathuoft_0424.png"; bbox 0 0 1987 3062; ppageno 0'>
   <div class='ocr_carea' id='block_1_1' title="bbox 303 214 1609 263">
    <p class='ocr_par' dir='ltr' id='par_1_1' title="bbox 303 214 1609 263">
     <span class='ocr_line' id='line_1_1' title="bbox 303 214 1609 263; baseline 0.002 -6"><span class='ocrx_word' id='word_1_1' title='bbox 303 214 397 258; x_wconf 88' lang='grc'>396</span> <span class='ocrx_word' id='word_1_2' title='bbox 525 229 625 261; x_wconf 84' lang='grc' dir='ltr'>ΤΗΕ</span> <span class='ocrx_word' id='word_1_3' title='bbox 650 230 893 263; x_wconf 70' lang='lat' dir='ltr'>Racrsrua</span> <span class='ocrx_word' id='word_1_4' title='bbox 918 230 981 263; x_wconf 74' lang='lat' dir='ltr'>or</span> <span class='ocrx_word' id='word_1_5' title='bbox 1005 229 1183 263; x_wconf 74' lang='lat' dir='ltr'>BIsHor</span> <span class='ocrx_word' id='word_1_6' title='bbox 1207 227 1609 262; x_wconf 79' lang='lat' dir='ltr'><strong>BRANTYNGHAM.</strong></span> 
     </span>
    </p>
   </div>
   <div class='ocr_carea' id='block_1_2' title="bbox 296 325 1840 2838">
    <p class='ocr_par' dir='ltr' id='par_1_2' title="bbox 296 325 1840 2838">
     <span class='ocr_line' id='line_1_2' title="bbox 297 325 1830 371; baseline -0.005 -9"><span class='ocrx_word' id='word_1_7' title='bbox 297 325 374 367; x_wconf 72' lang='grc' dir='ltr'>Α-Ρ·</span> <span class='ocrx_word' id='word_1_8' title='bbox 449 329 491 361; x_wconf 87' lang='lat' dir='ltr'>ad</span> <span class='ocrx_word' id='word_1_9' title='bbox 509 341 566 362; x_wconf 84' lang='lat' dir='ltr'>cor</span> <span class='ocrx_word' id='word_1_10' title='bbox 581 341 776 362; x_wconf 86' lang='lat' dir='ltr'>reversuros</span> <span class='ocrx_word' id='word_1_11' title='bbox 793 334 827 362; x_wconf 88' lang='lat' dir='ltr'>et</span> <span class='ocrx_word' id='word_1_12' title='bbox 843 331 935 362; x_wconf 87' lang='lat' dir='ltr'>viam</span> <span class='ocrx_word' id='word_1_13' title='bbox 951 330 1091 371; x_wconf 85' lang='lat' dir='ltr'>justicie</span> <span class='ocrx_word' id='word_1_14' title='bbox 1105 330 1324 371; x_wconf 70' lang='lat' dir='ltr'>repetituros,</span> <span class='ocrx_word' id='word_1_15' title='bbox 1343 340 1398 362; x_wconf 85' lang='lat' dir='ltr'>eos</span> <span class='ocrx_word' id='word_1_16' title='bbox 1416 339 1477 371; x_wconf 88' lang='lat' dir='ltr'>per</span> <span class='ocrx_word' id='word_1_17' title='bbox 1492 326 1732 360; x_wconf 78' lang='lat' dir='ltr'>venerabilem</span> <span class='ocrx_word' id='word_1_18' title='bbox 1750 325 1830 356; x_wconf 86' lang='lat' dir='ltr'>Fra-</span> 
     </span>
     <span class='ocr_line' id='line_1_3' title="bbox 296 361 1832 424; baseline -0.005 -19"><span class='ocrx_word' id='word_1_19' title='bbox 296 361 407 422; x_wconf 46' lang='lat'><em>{3311</em></span> <span class='ocrx_word' id='word_1_20' title='bbox 424 395 433 424; x_wconf 86' lang='lat'>]</span> <span class='ocrx_word' id='word_1_21' title='bbox 449 377 545 414; x_wconf 82' lang='lat' dir='ltr'>trem,</span> <span class='ocrx_word' id='word_1_22' title='bbox 573 373 727 411; x_wconf 86' lang='lat' dir='ltr'>Petrum,</span> <span class='ocrx_word' id='word_1_23' title='bbox 758 374 968 415; x_wconf 85' lang='lat' dir='ltr'>Episcopum</span> <span class='ocrx_word' id='word_1_24' title='bbox 996 373 1232 411; x_wconf 87' lang='lat' dir='ltr'>Portuensem,</span> <span class='ocrx_word' id='word_1_25' title='bbox 1263 377 1297 404; x_wconf 88' lang='lat' dir='ltr'>et</span> <span class='ocrx_word' id='word_1_26' title='bbox 1325 372 1467 404; x_wconf 86' lang='lat' dir='ltr'>dilectos</span> <span class='ocrx_word' id='word_1_27' title='bbox 1493 371 1580 403; x_wconf 84' lang='lat' dir='ltr'>filios</span> <span class='ocrx_word' id='word_1_28' title='bbox 1607 372 1753 405; x_wconf 85' lang='lat' dir='ltr'>nostros,</span> <span class='ocrx_word' id='word_1_29' title='bbox 1784 367 1832 399; x_wconf 73' lang='lat' dir='ltr'>Si-</span> 
     </span>
     <span class='ocr_line' id='line_1_4' title="bbox 366 411 1831 455; baseline -0.004 -7"><span class='ocrx_word' id='word_1_30' title='bbox 366 414 370 418; x_wconf 75' lang='grc'><strong>’</strong></span> <span class='ocrx_word' id='word_1_31' title='bbox 413 414 418 418; x_wconf 79' lang='grc'><strong>”</strong></span> <span class='ocrx_word' id='word_1_32' title='bbox 446 427 591 455; x_wconf 85' lang='lat' dir='ltr'>monem,</span> <span class='ocrx_word' id='word_1_33' title='bbox 612 417 719 448; x_wconf 84' lang='lat' dir='ltr'>Tituli</span> <span class='ocrx_word' id='word_1_34' title='bbox 738 417 942 449; x_wconf 77' lang='lat' dir='ltr'>Sanctorum</span> <span class='ocrx_word' id='word_1_35' title='bbox 960 417 983 448; x_wconf 81' lang='lat' dir='ltr'>J</span> <span class='ocrx_word' id='word_1_36' title='bbox 986 416 1128 448; x_wconf 82' lang='lat' dir='ltr'>ohannis</span> <span class='ocrx_word' id='word_1_37' title='bbox 1147 420 1182 448; x_wconf 89' lang='lat' dir='ltr'>et</span> <span class='ocrx_word' id='word_1_38' title='bbox 1200 416 1311 455; x_wconf 81' lang='lat' dir='ltr'>Pauli,</span> <span class='ocrx_word' id='word_1_39' title='bbox 1332 415 1578 453; x_wconf 81' lang='lat' dir='ltr'>Presbiterum,</span> <span class='ocrx_word' id='word_1_40' title='bbox 1599 417 1633 445; x_wconf 88' lang='lat' dir='ltr'>et</span> <span class='ocrx_word' id='word_1_41' title='bbox 1651 411 1831 448; x_wconf 81' lang='lat' dir='ltr'>Jacobum,</span> 
     </span>
     <span class='ocr_line' id='line_1_5' title="bbox 449 456 1833 501; baseline -0.004 -9"><span class='ocrx_word' id='word_1_42' title='bbox 449 460 565 492; x_wconf 87' lang='lat' dir='ltr'>Sancti</span> <span class='ocrx_word' id='word_1_43' title='bbox 582 460 721 501; x_wconf 80' lang='lat' dir='ltr'>Georgii</span> <span class='ocrx_word' id='word_1_44' title='bbox 738 460 781 491; x_wconf 86' lang='lat' dir='ltr'>ad</span> <span class='ocrx_word' id='word_1_45' title='bbox 797 459 921 491; x_wconf 90' lang='lat' dir='ltr'>Velum</span> <span class='ocrx_word' id='word_1_46' title='bbox 939 470 1090 497; x_wconf 80' lang='lat' dir='ltr'>aureum,</span> <span class='ocrx_word' id='word_1_47' title='bbox 1111 459 1313 498; x_wconf 76' lang='lat' dir='ltr'>Diaconum,</span> <span class='ocrx_word' id='word_1_48' title='bbox 1334 457 1543 497; x_wconf 83' lang='lat' dir='ltr'>Cardinales,</span> <span class='ocrx_word' id='word_1_49' title='bbox 1563 456 1700 498; x_wconf 77' lang='lat' dir='ltr'>pluries,</span> <span class='ocrx_word' id='word_1_50' title='bbox 1721 460 1755 487; x_wconf 90' lang='lat' dir='ltr'>et</span> <span class='ocrx_word' id='word_1_51' title='bbox 1772 465 1833 496; x_wconf 75' lang='lat' dir='ltr'>per</span> 
     </span>
     <span class='ocr_line' id='line_1_6' title="bbox 448 499 1834 544; baseline -0.003 -11"><span class='ocrx_word' id='word_1_52' title='bbox 448 502 600 534; x_wconf 84' lang='lat' dir='ltr'>diversos</span> <span class='ocrx_word' id='word_1_53' title='bbox 616 502 699 534; x_wconf 87' lang='lat' dir='ltr'>alios</span> <span class='ocrx_word' id='word_1_54' title='bbox 714 501 841 544; x_wconf 89' lang='lat' dir='ltr'>probos</span> <span class='ocrx_word' id='word_1_55' title='bbox 852 502 1021 540; x_wconf 78' lang='lat' dir='ltr'>Prelatos,</span> <span class='ocrx_word' id='word_1_56' title='bbox 1036 506 1071 534; x_wconf 84' lang='lat' dir='ltr'>et</span> <span class='ocrx_word' id='word_1_57' title='bbox 1085 502 1169 534; x_wconf 84' lang='lat' dir='ltr'>alios</span> <span class='ocrx_word' id='word_1_58' title='bbox 1184 512 1306 542; x_wconf 78' lang='lat' dir='ltr'>magne</span> <span class='ocrx_word' id='word_1_59' title='bbox 1324 502 1541 533; x_wconf 70' lang='lat' dir='ltr'>auctoritatis</span> <span class='ocrx_word' id='word_1_60' title='bbox 1557 501 1660 538; x_wconf 84' lang='lat' dir='ltr'>viros,</span> <span class='ocrx_word' id='word_1_61' title='bbox 1675 510 1714 530; x_wconf 83' lang='lat' dir='ltr'>ac</span> <span class='ocrx_word' id='word_1_62' title='bbox 1727 499 1834 530; x_wconf 79' lang='lat' dir='ltr'>eciam</span> 
     </span>
     <span class='ocr_line' id='line_1_7' title="bbox 447 542 1837 587; baseline -0.004 -10"><span class='ocrx_word' id='word_1_63' title='bbox 447 556 509 587; x_wconf 87' lang='lat' dir='ltr'>per</span> <span class='ocrx_word' id='word_1_64' title='bbox 528 546 662 578; x_wconf 83' lang='lat' dir='ltr'>Literas</span> <span class='ocrx_word' id='word_1_65' title='bbox 683 550 818 578; x_wconf 84' lang='lat' dir='ltr'>nostras</span> <span class='ocrx_word' id='word_1_66' title='bbox 839 546 973 578; x_wconf 74' lang='lat' dir='ltr'>iteratis</span> <span class='ocrx_word' id='word_1_67' title='bbox 993 545 1138 586; x_wconf 79' lang='lat' dir='ltr'>vicibus,</span> <span class='ocrx_word' id='word_1_68' title='bbox 1161 549 1201 578; x_wconf 92' lang='lat' dir='ltr'>ut</span> <span class='ocrx_word' id='word_1_69' title='bbox 1220 546 1263 577; x_wconf 85' lang='lat' dir='ltr'>ad</span> <span class='ocrx_word' id='word_1_70' title='bbox 1283 546 1375 577; x_wconf 86' lang='lat' dir='ltr'>viam</span> <span class='ocrx_word' id='word_1_71' title='bbox 1394 545 1553 576; x_wconf 79' lang='lat' dir='ltr'>veritatis</span> <span class='ocrx_word' id='word_1_72' title='bbox 1575 547 1610 576; x_wconf 88' lang='lat' dir='ltr'>et</span> <span class='ocrx_word' id='word_1_73' title='bbox 1630 542 1769 583; x_wconf 82' lang='lat' dir='ltr'>justicie</span> <span class='ocrx_word' id='word_1_74' title='bbox 1789 551 1837 572; x_wconf 81' lang='lat' dir='ltr'>re-</span> 
     </span>
     <span class='ocr_line' id='line_1_8' title="bbox 448 583 1834 629; baseline -0.004 -9"><span class='ocrx_word' id='word_1_75' title='bbox 448 589 571 629; x_wconf 83' lang='lat' dir='ltr'>dirent,</span> <span class='ocrx_word' id='word_1_76' title='bbox 597 592 630 620; x_wconf 89' lang='lat' dir='ltr'>et</span> <span class='ocrx_word' id='word_1_77' title='bbox 652 588 695 620; x_wconf 88' lang='lat' dir='ltr'>ab</span> <span class='ocrx_word' id='word_1_78' title='bbox 716 588 913 629; x_wconf 88' lang='lat' dir='ltr'>hujusmodi</span> <span class='ocrx_word' id='word_1_79' title='bbox 952 588 1124 621; x_wconf 88' lang='lat' dir='ltr'>erroribus</span> <span class='ocrx_word' id='word_1_80' title='bbox 1147 589 1345 629; x_wconf 75' lang='lat' dir='ltr'>resipiscere</span> <span class='ocrx_word' id='word_1_81' title='bbox 1368 587 1507 626; x_wconf 81' lang='lat' dir='ltr'>vellent,</span> <span class='ocrx_word' id='word_1_82' title='bbox 1533 586 1692 618; x_wconf 81' lang='lat' dir='ltr'>duximus</span> <span class='ocrx_word' id='word_1_83' title='bbox 1717 583 1834 616; x_wconf 84' lang='lat' dir='ltr'>exhor-</span> 
     </span>
     <span class='ocr_line' id='line_1_9' title="bbox 445 627 1837 674; baseline -0.004 -11"><span class='ocrx_word' id='word_1_84' title='bbox 445 632 569 664; x_wconf 88' lang='lat' dir='ltr'>tandos</span> <span class='ocrx_word' id='word_1_85' title='bbox 585 642 623 664; x_wconf 84' lang='lat' dir='ltr'>ac</span> <span class='ocrx_word' id='word_1_86' title='bbox 640 632 747 663; x_wconf 86' lang='lat' dir='ltr'>eciam</span> <span class='ocrx_word' id='word_1_87' title='bbox 761 632 992 673; x_wconf 86' lang='lat' dir='ltr'>requirendos.</span> <span class='ocrx_word' id='word_1_88' title='bbox 1043 632 1102 664; x_wconf 82' lang='lat' dir='ltr'>Set</span> <span class='ocrx_word' id='word_1_89' title='bbox 1118 631 1245 674; x_wconf 87' lang='lat' dir='ltr'>prefati</span> <span class='ocrx_word' id='word_1_90' title='bbox 1261 641 1407 672; x_wconf 82' lang='lat' dir='ltr'>nequam</span> <span class='ocrx_word' id='word_1_91' title='bbox 1423 630 1499 669; x_wconf 85' lang='lat' dir='ltr'>viri,</span> <span class='ocrx_word' id='word_1_92' title='bbox 1519 630 1554 661; x_wconf 87' lang='lat' dir='ltr'>in</span> <span class='ocrx_word' id='word_1_93' title='bbox 1571 639 1633 660; x_wconf 86' lang='lat' dir='ltr'>sua</span> <span class='ocrx_word' id='word_1_94' title='bbox 1647 627 1837 670; x_wconf 78' lang='lat' dir='ltr'>pertinacia</span> 
     </span>
     <span class='ocr_line' id='line_1_10' title="bbox 448 671 1831 717; baseline -0.004 -11"><span class='ocrx_word' id='word_1_95' title='bbox 448 678 482 706; x_wconf 88' lang='lat' dir='ltr'>et</span> <span class='ocrx_word' id='word_1_96' title='bbox 500 674 660 717; x_wconf 87' lang='lat' dir='ltr'>superbia</span> <span class='ocrx_word' id='word_1_97' title='bbox 678 674 856 714; x_wconf 80' lang='lat' dir='ltr'>obstinati,</span> <span class='ocrx_word' id='word_1_98' title='bbox 876 679 955 717; x_wconf 91' lang='lat' dir='ltr'>post</span> <span class='ocrx_word' id='word_1_99' title='bbox 972 675 1179 707; x_wconf 89' lang='lat' dir='ltr'>moniciones</span> <span class='ocrx_word' id='word_1_100' title='bbox 1197 679 1230 707; x_wconf 88' lang='lat' dir='ltr'>et</span> <span class='ocrx_word' id='word_1_101' title='bbox 1249 674 1506 707; x_wconf 83' lang='lat' dir='ltr'>exhortaciones</span> <span class='ocrx_word' id='word_1_102' title='bbox 1524 671 1732 713; x_wconf 83' lang='lat' dir='ltr'>hujusmodi,</span> <span class='ocrx_word' id='word_1_103' title='bbox 1756 681 1831 702; x_wconf 91' lang='lat' dir='ltr'>con-</span> 
     </span>
     <span class='ocr_line' id='line_1_11' title="bbox 445 714 1834 760; baseline -0.004 -11"><span class='ocrx_word' id='word_1_104' title='bbox 445 722 501 749; x_wconf 83' lang='lat' dir='ltr'>tra</span> <span class='ocrx_word' id='word_1_105' title='bbox 522 729 594 757; x_wconf 86' lang='lat' dir='ltr'>nos,</span> <span class='ocrx_word' id='word_1_106' title='bbox 619 722 721 750; x_wconf 85' lang='lat' dir='ltr'>antea</span> <span class='ocrx_word' id='word_1_107' title='bbox 740 719 775 749; x_wconf 90' lang='lat' dir='ltr'>in</span> <span class='ocrx_word' id='word_1_108' title='bbox 798 717 892 750; x_wconf 83' lang='lat' dir='ltr'>Urbe</span> <span class='ocrx_word' id='word_1_109' title='bbox 914 729 975 760; x_wconf 89' lang='lat' dir='ltr'>per</span> <span class='ocrx_word' id='word_1_110' title='bbox 995 719 1087 759; x_wconf 89' lang='lat' dir='ltr'>ipsos</span> <span class='ocrx_word' id='word_1_111' title='bbox 1111 722 1146 750; x_wconf 88' lang='lat' dir='ltr'>et</span> <span class='ocrx_word' id='word_1_112' title='bbox 1166 718 1250 750; x_wconf 86' lang='lat' dir='ltr'>alios</span> <span class='ocrx_word' id='word_1_113' title='bbox 1272 717 1315 749; x_wconf 89' lang='lat' dir='ltr'>ad</span> <span class='ocrx_word' id='word_1_114' title='bbox 1338 727 1422 758; x_wconf 88' lang='lat' dir='ltr'>quos</span> <span class='ocrx_word' id='word_1_115' title='bbox 1445 715 1623 758; x_wconf 79' lang='lat' dir='ltr'>spectabat</span> <span class='ocrx_word' id='word_1_116' title='bbox 1645 716 1681 746; x_wconf 90' lang='lat' dir='ltr'>in</span> <span class='ocrx_word' id='word_1_117' title='bbox 1702 714 1834 755; x_wconf 84' lang='lat' dir='ltr'>Papam</span> 
     </span>
     <span class='ocr_line' id='line_1_12' title="bbox 446 758 1835 802; baseline -0.004 -9"><span class='ocrx_word' id='word_1_118' title='bbox 446 760 582 800; x_wconf 88' lang='lat' dir='ltr'>electos,</span> <span class='ocrx_word' id='word_1_119' title='bbox 605 772 654 802; x_wconf 88' lang='lat' dir='ltr'>ac,</span> <span class='ocrx_word' id='word_1_120' title='bbox 677 760 802 794; x_wconf 88' lang='lat' dir='ltr'>debitis</span> <span class='ocrx_word' id='word_1_121' title='bbox 820 765 855 793; x_wconf 90' lang='lat' dir='ltr'>et</span> <span class='ocrx_word' id='word_1_122' title='bbox 874 762 1046 794; x_wconf 87' lang='lat' dir='ltr'>consuetis</span> <span class='ocrx_word' id='word_1_123' title='bbox 1066 760 1366 802; x_wconf 82' lang='lat' dir='ltr'>solempnitatibus</span> <span class='ocrx_word' id='word_1_124' title='bbox 1384 759 1587 799; x_wconf 83' lang='lat' dir='ltr'>observatis,</span> <span class='ocrx_word' id='word_1_125' title='bbox 1609 758 1835 790; x_wconf 81' lang='lat' dir='ltr'>intronizatos</span> 
     </span>
     <span class='ocr_line' id='line_1_13' title="bbox 446 800 1838 846; baseline -0.003 -10"><span class='ocrx_word' id='word_1_126' title='bbox 446 816 485 836; x_wconf 86' lang='lat' dir='ltr'>ac</span> <span class='ocrx_word' id='word_1_127' title='bbox 500 804 635 846; x_wconf 86' lang='lat' dir='ltr'>publice</span> <span class='ocrx_word' id='word_1_128' title='bbox 651 809 840 841; x_wconf 77' lang='lat' dir='ltr'>coronatos,</span> <span class='ocrx_word' id='word_1_129' title='bbox 858 815 943 846; x_wconf 88' lang='lat' dir='ltr'>quos</span> <span class='ocrx_word' id='word_1_130' title='bbox 956 808 1121 845; x_wconf 81' lang='lat' dir='ltr'>tanquam</span> <span class='ocrx_word' id='word_1_131' title='bbox 1137 805 1268 845; x_wconf 81' lang='lat' dir='ltr'>Papam</span> <span class='ocrx_word' id='word_1_132' title='bbox 1283 808 1317 836; x_wconf 83' lang='lat' dir='ltr'>et</span> <span class='ocrx_word' id='word_1_133' title='bbox 1333 804 1509 835; x_wconf 64' lang='lat' dir='ltr'>Summum</span> <span class='ocrx_word' id='word_1_134' title='bbox 1526 802 1738 838; x_wconf 80' lang='lat' dir='ltr'>Pontificem,</span> <span class='ocrx_word' id='word_1_135' title='bbox 1756 800 1838 832; x_wconf 85' lang='lat' dir='ltr'>Mis-</span> 
     </span>
     <span class='ocr_line' id='line_1_14' title="bbox 447 843 1835 890; baseline -0.003 -11"><span class='ocrx_word' id='word_1_136' title='bbox 447 859 561 879; x_wconf 83' lang='lat' dir='ltr'>sarum</span> <span class='ocrx_word' id='word_1_137' title='bbox 579 847 775 889; x_wconf 86' lang='lat' dir='ltr'>solempniis</span> <span class='ocrx_word' id='word_1_138' title='bbox 793 852 827 880; x_wconf 90' lang='lat' dir='ltr'>et</span> <span class='ocrx_word' id='word_1_139' title='bbox 845 849 1066 881; x_wconf 82' lang='lat' dir='ltr'>Consistoriis</span> <span class='ocrx_word' id='word_1_140' title='bbox 1082 847 1229 890; x_wconf 86' lang='lat' dir='ltr'>publicis</span> <span class='ocrx_word' id='word_1_141' title='bbox 1246 851 1280 880; x_wconf 88' lang='lat' dir='ltr'>et</span> <span class='ocrx_word' id='word_1_142' title='bbox 1295 846 1452 888; x_wconf 88' lang='lat' dir='ltr'>privatis,</span> <span class='ocrx_word' id='word_1_143' title='bbox 1473 845 1678 877; x_wconf 86' lang='lat' dir='ltr'>consulendo</span> <span class='ocrx_word' id='word_1_144' title='bbox 1697 848 1731 876; x_wconf 91' lang='lat' dir='ltr'>et</span> <span class='ocrx_word' id='word_1_145' title='bbox 1748 843 1835 875; x_wconf 91' lang='lat' dir='ltr'>ordi-</span> 
     </span>
     <span class='ocr_line' id='line_1_15' title="bbox 446 888 1834 932; baseline -0.003 -10"><span class='ocrx_word' id='word_1_146' title='bbox 446 891 559 923; x_wconf 89' lang='lat' dir='ltr'>nando</span> <span class='ocrx_word' id='word_1_147' title='bbox 575 891 616 923; x_wconf 89' lang='lat' dir='ltr'>de</span> <span class='ocrx_word' id='word_1_148' title='bbox 633 895 727 924; x_wconf 87' lang='lat' dir='ltr'>statu</span> <span class='ocrx_word' id='word_1_149' title='bbox 742 891 895 923; x_wconf 80' lang='lat' dir='ltr'>Romane</span> <span class='ocrx_word' id='word_1_150' title='bbox 912 891 1074 929; x_wconf 85' lang='lat' dir='ltr'>Ecclesie,</span> <span class='ocrx_word' id='word_1_151' title='bbox 1094 902 1133 922; x_wconf 83' lang='lat' dir='ltr'>ac</span> <span class='ocrx_word' id='word_1_152' title='bbox 1148 901 1188 923; x_wconf 85' lang='lat' dir='ltr'>ea</span> <span class='ocrx_word' id='word_1_153' title='bbox 1203 889 1338 932; x_wconf 87' lang='lat' dir='ltr'>publice</span> <span class='ocrx_word' id='word_1_154' title='bbox 1354 900 1416 931; x_wconf 88' lang='lat' dir='ltr'>per</span> <span class='ocrx_word' id='word_1_155' title='bbox 1431 888 1546 930; x_wconf 89' lang='lat' dir='ltr'>plures</span> <span class='ocrx_word' id='word_1_156' title='bbox 1562 898 1693 920; x_wconf 88' lang='lat' dir='ltr'>menses</span> <span class='ocrx_word' id='word_1_157' title='bbox 1709 890 1834 919; x_wconf 86' lang='lat' dir='ltr'>tracta-</span> 
     </span>
     <span class='ocr_line' id='line_1_16' title="bbox 444 932 1838 976; baseline -0.004 -10"><span class='ocrx_word' id='word_1_158' title='bbox 444 938 577 974; x_wconf 80' lang='lat' dir='ltr'>verant,</span> <span class='ocrx_word' id='word_1_159' title='bbox 603 935 797 976; x_wconf 87' lang='lat' dir='ltr'>recipiendo</span> <span class='ocrx_word' id='word_1_160' title='bbox 822 946 842 966; x_wconf 89' lang='lat' dir='ltr'>a</span> <span class='ocrx_word' id='word_1_161' title='bbox 865 933 963 967; x_wconf 87' lang='lat' dir='ltr'>nobis</span> <span class='ocrx_word' id='word_1_162' title='bbox 988 935 1231 966; x_wconf 84' lang='lat' dir='ltr'>Ecclesiastica</span> <span class='ocrx_word' id='word_1_163' title='bbox 1256 935 1487 969; x_wconf 60' lang='lat' dir='ltr'>Sacramenta,</span> <span class='ocrx_word' id='word_1_164' title='bbox 1516 943 1554 964; x_wconf 87' lang='lat' dir='ltr'>ac</span> <span class='ocrx_word' id='word_1_165' title='bbox 1580 932 1778 971; x_wconf 81' lang='lat' dir='ltr'>Dignitates</span> <span class='ocrx_word' id='word_1_166' title='bbox 1803 933 1838 961; x_wconf 85' lang='lat' dir='ltr'>et</span> 
     </span>
     <span class='ocr_line' id='line_1_17' title="bbox 447 973 1833 1020; baseline -0.004 -11"><span class='ocrx_word' id='word_1_167' title='bbox 447 978 617 1010; x_wconf 86' lang='lat' dir='ltr'>Beneficia</span> <span class='ocrx_word' id='word_1_168' title='bbox 639 977 882 1010; x_wconf 86' lang='lat' dir='ltr'>Ecclesiastica</span> <span class='ocrx_word' id='word_1_169' title='bbox 904 989 967 1020; x_wconf 89' lang='lat' dir='ltr'>pro</span> <span class='ocrx_word' id='word_1_170' title='bbox 990 989 1024 1010; x_wconf 88' lang='lat' dir='ltr'>se</span> <span class='ocrx_word' id='word_1_171' title='bbox 1048 981 1082 1009; x_wconf 90' lang='lat' dir='ltr'>et</span> <span class='ocrx_word' id='word_1_172' title='bbox 1104 977 1180 1009; x_wconf 84' lang='lat' dir='ltr'>aliis</span> <span class='ocrx_word' id='word_1_173' title='bbox 1204 988 1224 1009; x_wconf 84' lang='lat' dir='ltr'>a</span> <span class='ocrx_word' id='word_1_174' title='bbox 1246 975 1344 1008; x_wconf 90' lang='lat' dir='ltr'>nobis</span> <span class='ocrx_word' id='word_1_175' title='bbox 1367 975 1594 1017; x_wconf 89' lang='lat' dir='ltr'>impetrando,</span> <span class='ocrx_word' id='word_1_176' title='bbox 1621 975 1774 1006; x_wconf 89' lang='lat' dir='ltr'>diversos</span> <span class='ocrx_word' id='word_1_177' title='bbox 1795 973 1833 1004; x_wconf 93' lang='lat' dir='ltr'>li-</span> 
     </span>
     <span class='ocr_line' id='line_1_18' title="bbox 444 1016 1836 1059; baseline -0.004 -7"><span class='ocrx_word' id='word_1_178' title='bbox 444 1019 551 1053; x_wconf 89' lang='lat' dir='ltr'>bellos</span> <span class='ocrx_word' id='word_1_179' title='bbox 567 1020 816 1053; x_wconf 84' lang='lat' dir='ltr'>diffamatorios</span> <span class='ocrx_word' id='word_1_180' title='bbox 832 1020 998 1059; x_wconf 81' lang='lat' dir='ltr'>fecerunt,</span> <span class='ocrx_word' id='word_1_181' title='bbox 1019 1024 1053 1052; x_wconf 87' lang='lat' dir='ltr'>et</span> <span class='ocrx_word' id='word_1_182' title='bbox 1069 1020 1111 1052; x_wconf 85' lang='lat' dir='ltr'>ad</span> <span class='ocrx_word' id='word_1_183' title='bbox 1129 1021 1280 1052; x_wconf 86' lang='lat' dir='ltr'>diversos</span> <span class='ocrx_word' id='word_1_184' title='bbox 1297 1019 1455 1051; x_wconf 87' lang='lat' dir='ltr'>Prelatos</span> <span class='ocrx_word' id='word_1_185' title='bbox 1471 1022 1505 1050; x_wconf 89' lang='lat' dir='ltr'>et</span> <span class='ocrx_word' id='word_1_186' title='bbox 1522 1017 1640 1050; x_wconf 89' lang='lat' dir='ltr'>mundi</span> <span class='ocrx_word' id='word_1_187' title='bbox 1658 1016 1836 1057; x_wconf 83' lang='lat' dir='ltr'>Principes</span> 
     </span>
     <span class='ocr_line' id='line_1_19' title="bbox 445 1059 1836 1105; baseline -0.003 -10"><span class='ocrx_word' id='word_1_188' title='bbox 445 1065 720 1104; x_wconf 82' lang='lat' dir='ltr'>transmiserunt,</span> <span class='ocrx_word' id='word_1_189' title='bbox 738 1074 800 1105; x_wconf 91' lang='lat' dir='ltr'>per</span> <span class='ocrx_word' id='word_1_190' title='bbox 815 1073 899 1105; x_wconf 89' lang='lat' dir='ltr'>quos</span> <span class='ocrx_word' id='word_1_191' title='bbox 914 1063 1113 1095; x_wconf 85' lang='lat' dir='ltr'>asserebant</span> <span class='ocrx_word' id='word_1_192' title='bbox 1128 1074 1189 1095; x_wconf 90' lang='lat' dir='ltr'>nos</span> <span class='ocrx_word' id='word_1_193' title='bbox 1203 1073 1270 1094; x_wconf 91' lang='lat' dir='ltr'>non</span> <span class='ocrx_word' id='word_1_194' title='bbox 1287 1072 1406 1094; x_wconf 88' lang='lat' dir='ltr'>verum</span> <span class='ocrx_word' id='word_1_195' title='bbox 1422 1061 1553 1102; x_wconf 80' lang='lat' dir='ltr'>Papam</span> <span class='ocrx_word' id='word_1_196' title='bbox 1569 1061 1653 1099; x_wconf 91' lang='lat' dir='ltr'>fore,</span> <span class='ocrx_word' id='word_1_197' title='bbox 1671 1071 1710 1092; x_wconf 89' lang='lat' dir='ltr'>ac</span> <span class='ocrx_word' id='word_1_198' title='bbox 1726 1059 1836 1092; x_wconf 86' lang='lat' dir='ltr'>multa</span> 
     </span>
     <span class='ocr_line' id='line_1_20' title="bbox 445 1102 1835 1148; baseline -0.004 -9"><span class='ocrx_word' id='word_1_199' title='bbox 445 1107 513 1139; x_wconf 85' lang='lat' dir='ltr'>alia</span> <span class='ocrx_word' id='word_1_200' title='bbox 534 1107 625 1139; x_wconf 87' lang='lat' dir='ltr'>mala</span> <span class='ocrx_word' id='word_1_201' title='bbox 646 1111 680 1139; x_wconf 89' lang='lat' dir='ltr'>et</span> <span class='ocrx_word' id='word_1_202' title='bbox 702 1109 854 1139; x_wconf 76' lang='lat' dir='ltr'>enormia</span> <span class='ocrx_word' id='word_1_203' title='bbox 876 1108 917 1139; x_wconf 91' lang='lat' dir='ltr'>de</span> <span class='ocrx_word' id='word_1_204' title='bbox 938 1106 1037 1139; x_wconf 90' lang='lat' dir='ltr'>nobis</span> <span class='ocrx_word' id='word_1_205' title='bbox 1059 1107 1169 1139; x_wconf 83' lang='lat' dir='ltr'>dicere</span> <span class='ocrx_word' id='word_1_206' title='bbox 1192 1109 1484 1148; x_wconf 85' lang='lat' dir='ltr'>presumpserunt.</span> <span class='ocrx_word' id='word_1_207' title='bbox 1555 1105 1601 1136; x_wconf 89' lang='lat' dir='ltr'>Et</span> <span class='ocrx_word' id='word_1_208' title='bbox 1624 1104 1774 1142; x_wconf 85' lang='lat' dir='ltr'>tandem,</span> <span class='ocrx_word' id='word_1_209' title='bbox 1800 1102 1835 1133; x_wconf 92' lang='lat' dir='ltr'>in</span> 
     </span>
     <span class='ocr_line' id='line_1_21' title="bbox 445 1147 1837 1191; baseline -0.003 -9"><span class='ocrx_word' id='word_1_210' title='bbox 445 1151 655 1191; x_wconf 81' lang='lat' dir='ltr'>profundum</span> <span class='ocrx_word' id='word_1_211' title='bbox 676 1150 918 1182; x_wconf 86' lang='lat' dir='ltr'>descendentes</span> <span class='ocrx_word' id='word_1_212' title='bbox 938 1149 1118 1187; x_wconf 83' lang='lat' dir='ltr'>malorum,</span> <span class='ocrx_word' id='word_1_213' title='bbox 1142 1153 1175 1180; x_wconf 86' lang='lat' dir='ltr'>et</span> <span class='ocrx_word' id='word_1_214' title='bbox 1197 1150 1373 1190; x_wconf 88' lang='lat' dir='ltr'>cupientes</span> <span class='ocrx_word' id='word_1_215' title='bbox 1395 1148 1519 1180; x_wconf 81' lang='lat' dir='ltr'>Sancte</span> <span class='ocrx_word' id='word_1_216' title='bbox 1540 1148 1665 1180; x_wconf 84' lang='lat' dir='ltr'>Matris</span> <span class='ocrx_word' id='word_1_217' title='bbox 1686 1147 1837 1178; x_wconf 81' lang='lat' dir='ltr'>Ecclesie</span> 
     </span>
     <span class='ocr_line' id='line_1_22' title="bbox 448 1191 1834 1234; baseline -0.004 -9"><span class='ocrx_word' id='word_1_218' title='bbox 448 1194 599 1226; x_wconf 79' lang='lat' dir='ltr'>scindere</span> <span class='ocrx_word' id='word_1_219' title='bbox 616 1195 796 1234; x_wconf 83' lang='lat' dir='ltr'>unitatem,</span> <span class='ocrx_word' id='word_1_220' title='bbox 814 1195 848 1225; x_wconf 90' lang='lat' dir='ltr'>in</span> <span class='ocrx_word' id='word_1_221' title='bbox 865 1193 1014 1225; x_wconf 80' lang='lat' dir='ltr'>Civitate</span> <span class='ocrx_word' id='word_1_222' title='bbox 1032 1193 1209 1227; x_wconf 66' lang='lat' dir='ltr'>Fundana,</span> <span class='ocrx_word' id='word_1_223' title='bbox 1231 1203 1307 1224; x_wconf 78' lang='lat' dir='ltr'>cum</span> <span class='ocrx_word' id='word_1_224' title='bbox 1325 1191 1529 1233; x_wconf 86' lang='lat' dir='ltr'>quibusdam</span> <span class='ocrx_word' id='word_1_225' title='bbox 1548 1191 1633 1231; x_wconf 81' lang='lat' dir='ltr'>aliis,</span> <span class='ocrx_word' id='word_1_226' title='bbox 1654 1201 1738 1231; x_wconf 85' lang='lat' dir='ltr'>quos</span> <span class='ocrx_word' id='word_1_227' title='bbox 1757 1200 1834 1221; x_wconf 82' lang='lat' dir='ltr'>cum</span> 
     </span>
     <span class='ocr_line' id='line_1_23' title="bbox 446 1233 1835 1276; baseline -0.004 -7"><span class='ocrx_word' id='word_1_228' title='bbox 446 1247 562 1269; x_wconf 87' lang='lat' dir='ltr'>eorum</span> <span class='ocrx_word' id='word_1_229' title='bbox 584 1235 898 1268; x_wconf 80' lang='lat' dir='ltr'>machinacionibus</span> <span class='ocrx_word' id='word_1_230' title='bbox 922 1240 956 1268; x_wconf 86' lang='lat' dir='ltr'>et</span> <span class='ocrx_word' id='word_1_231' title='bbox 980 1235 1157 1268; x_wconf 84' lang='lat' dir='ltr'>diabolicis</span> <span class='ocrx_word' id='word_1_232' title='bbox 1182 1234 1460 1276; x_wconf 81' lang='lat' dir='ltr'>suggestionibus</span> <span class='ocrx_word' id='word_1_233' title='bbox 1485 1234 1527 1266; x_wconf 86' lang='lat' dir='ltr'>ad</span> <span class='ocrx_word' id='word_1_234' title='bbox 1552 1244 1667 1265; x_wconf 88' lang='lat' dir='ltr'>eorum</span> <span class='ocrx_word' id='word_1_235' title='bbox 1691 1233 1835 1274; x_wconf 87' lang='lat' dir='ltr'>impium</span> 
     </span>
     <span class='ocr_line' id='line_1_24' title="bbox 445 1275 1835 1321; baseline -0.004 -9"><span class='ocrx_word' id='word_1_236' title='bbox 445 1280 661 1321; x_wconf 87' lang='lat' dir='ltr'>propositum</span> <span class='ocrx_word' id='word_1_237' title='bbox 686 1283 915 1318; x_wconf 67' lang='lat' dir='ltr'>attraxerunt,</span> <span class='ocrx_word' id='word_1_238' title='bbox 941 1279 1139 1321; x_wconf 83' lang='lat' dir='ltr'>congregati</span> <span class='ocrx_word' id='word_1_239' title='bbox 1162 1279 1198 1310; x_wconf 92' lang='lat' dir='ltr'>in</span> <span class='ocrx_word' id='word_1_240' title='bbox 1223 1279 1321 1310; x_wconf 88' lang='lat' dir='ltr'>domo</span> <span class='ocrx_word' id='word_1_241' title='bbox 1346 1277 1540 1319; x_wconf 82' lang='lat' dir='ltr'>iniquitatis</span> <span class='ocrx_word' id='word_1_242' title='bbox 1564 1277 1636 1316; x_wconf 89' lang='lat' dir='ltr'>filii,</span> <span class='ocrx_word' id='word_1_243' title='bbox 1664 1275 1835 1308; x_wconf 87' lang='lat' dir='ltr'>Honorati</span> 
     </span>
     <span class='ocr_line' id='line_1_25' title="bbox 447 1320 1833 1366; baseline -0.004 -10"><span class='ocrx_word' id='word_1_244' title='bbox 447 1324 608 1366; x_wconf 81' lang='lat' dir='ltr'>Gaytani,</span> <span class='ocrx_word' id='word_1_245' title='bbox 626 1323 707 1355; x_wconf 87' lang='lat' dir='ltr'>olim</span> <span class='ocrx_word' id='word_1_246' title='bbox 723 1322 867 1355; x_wconf 88' lang='lat' dir='ltr'>Comitis</span> <span class='ocrx_word' id='word_1_247' title='bbox 882 1323 1093 1361; x_wconf 87' lang='lat' dir='ltr'>Fundorum,</span> <span class='ocrx_word' id='word_1_248' title='bbox 1111 1332 1188 1354; x_wconf 86' lang='lat' dir='ltr'>cum</span> <span class='ocrx_word' id='word_1_249' title='bbox 1203 1322 1311 1362; x_wconf 87' lang='lat' dir='ltr'>ipsius</span> <span class='ocrx_word' id='word_1_250' title='bbox 1327 1322 1497 1353; x_wconf 80' lang='lat' dir='ltr'>Honorati</span> <span class='ocrx_word' id='word_1_251' title='bbox 1514 1320 1640 1352; x_wconf 84' lang='lat' dir='ltr'>auxilio</span> <span class='ocrx_word' id='word_1_252' title='bbox 1657 1323 1690 1352; x_wconf 86' lang='lat' dir='ltr'>et</span> <span class='ocrx_word' id='word_1_253' title='bbox 1705 1320 1833 1355; x_wconf 80' lang='lat' dir='ltr'>favore,</span> 
     </span>
     <span class='ocr_line' id='line_1_26' title="bbox 445 1365 1840 1409; baseline -0.004 -11"><span class='ocrx_word' id='word_1_254' title='bbox 445 1368 619 1409; x_wconf 70' lang='lat' dir='ltr'>prefatum</span> <span class='ocrx_word' id='word_1_255' title='bbox 636 1366 826 1398; x_wconf 84' lang='lat' dir='ltr'>Robertum</span> <span class='ocrx_word' id='word_1_256' title='bbox 842 1370 968 1398; x_wconf 83' lang='lat' dir='ltr'>temere</span> <span class='ocrx_word' id='word_1_257' title='bbox 984 1366 1138 1408; x_wconf 85' lang='lat' dir='ltr'>eligendo</span> <span class='ocrx_word' id='word_1_258' title='bbox 1151 1365 1362 1407; x_wconf 71' lang='lat' dir='ltr'>Antip-apum</span> <span class='ocrx_word' id='word_1_259' title='bbox 1379 1365 1543 1401; x_wconf 80' lang='lat' dir='ltr'>fecerunt,</span> <span class='ocrx_word' id='word_1_260' title='bbox 1558 1365 1740 1406; x_wconf 86' lang='lat' dir='ltr'>ipsumque</span> <span class='ocrx_word' id='word_1_261' title='bbox 1755 1373 1840 1394; x_wconf 85' lang='lat' dir='ltr'>ausu</span> 
     </span>
     <span class='ocr_line' id='line_1_27' title="bbox 448 1407 1834 1451; baseline -0.003 -10"><span class='ocrx_word' id='word_1_262' title='bbox 448 1410 612 1451; x_wconf 87' lang='lat' dir='ltr'>sacrilego</span> <span class='ocrx_word' id='word_1_263' title='bbox 638 1410 770 1451; x_wconf 82' lang='lat' dir='ltr'>Papam</span> <span class='ocrx_word' id='word_1_264' title='bbox 794 1410 969 1441; x_wconf 89' lang='lat' dir='ltr'>nominare</span> <span class='ocrx_word' id='word_1_265' title='bbox 994 1409 1249 1450; x_wconf 82' lang='lat' dir='ltr'>presumebant,</span> <span class='ocrx_word' id='word_1_266' title='bbox 1278 1412 1312 1440; x_wconf 86' lang='lat' dir='ltr'>et</span> <span class='ocrx_word' id='word_1_267' title='bbox 1337 1411 1549 1449; x_wconf 86' lang='lat' dir='ltr'>presumunt.</span> <span class='ocrx_word' id='word_1_268' title='bbox 1598 1407 1744 1448; x_wconf 88' lang='lat' dir='ltr'>Ipseque</span> <span class='ocrx_word' id='word_1_269' title='bbox 1768 1407 1834 1438; x_wconf 86' lang='lat' dir='ltr'>Ro-</span> 
     </span>
     <span class='ocr_line' id='line_1_28' title="bbox 445 1451 1830 1495; baseline -0.003 -10"><span class='ocrx_word' id='word_1_270' title='bbox 445 1453 564 1486; x_wconf 86' lang='lat' dir='ltr'>bertus</span> <span class='ocrx_word' id='word_1_271' title='bbox 579 1464 613 1485; x_wconf 88' lang='lat' dir='ltr'>se</span> <span class='ocrx_word' id='word_1_272' title='bbox 630 1453 761 1495; x_wconf 85' lang='lat' dir='ltr'>Papam</span> <span class='ocrx_word' id='word_1_273' title='bbox 778 1453 953 1484; x_wconf 89' lang='lat' dir='ltr'>nominare</span> <span class='ocrx_word' id='word_1_274' title='bbox 970 1463 1055 1484; x_wconf 86' lang='lat' dir='ltr'>ausu</span> <span class='ocrx_word' id='word_1_275' title='bbox 1071 1453 1252 1484; x_wconf 85' lang='lat' dir='ltr'>temerario</span> <span class='ocrx_word' id='word_1_276' title='bbox 1269 1463 1336 1483; x_wconf 91' lang='lat' dir='ltr'>non</span> <span class='ocrx_word' id='word_1_277' title='bbox 1354 1451 1570 1493; x_wconf 80' lang='lat' dir='ltr'>pavescebat,</span> <span class='ocrx_word' id='word_1_278' title='bbox 1589 1461 1650 1482; x_wconf 84' lang='lat' dir='ltr'>nec</span> <span class='ocrx_word' id='word_1_279' title='bbox 1666 1451 1830 1491; x_wconf 85' lang='lat' dir='ltr'>pavescit.</span> 
     </span>
     <span class='ocr_line' id='line_1_29' title="bbox 447 1494 1835 1537; baseline -0.003 -9"><span class='ocrx_word' id='word_1_280' title='bbox 447 1497 618 1536; x_wconf 86' lang='lat' dir='ltr'>Preterea,</span> <span class='ocrx_word' id='word_1_281' title='bbox 643 1508 719 1529; x_wconf 91' lang='lat' dir='ltr'>cum</span> <span class='ocrx_word' id='word_1_282' title='bbox 740 1497 848 1528; x_wconf 85' lang='lat' dir='ltr'>eciam</span> <span class='ocrx_word' id='word_1_283' title='bbox 868 1497 1062 1537; x_wconf 83' lang='lat' dir='ltr'>iniquitatis</span> <span class='ocrx_word' id='word_1_284' title='bbox 1084 1495 1266 1536; x_wconf 87' lang='lat' dir='ltr'>alumpnus</span> <span class='ocrx_word' id='word_1_285' title='bbox 1286 1495 1423 1535; x_wconf 84' lang='lat' dir='ltr'>Petrus,</span> <span class='ocrx_word' id='word_1_286' title='bbox 1447 1495 1527 1526; x_wconf 88' lang='lat' dir='ltr'>olim</span> <span class='ocrx_word' id='word_1_287' title='bbox 1547 1494 1835 1535; x_wconf 85' lang='lat' dir='ltr'>Archiepiscopus</span> 
     </span>
     <span class='ocr_line' id='line_1_30' title="bbox 444 1539 1833 1581; baseline -0.002 -8"><span class='ocrx_word' id='word_1_288' title='bbox 444 1541 664 1581; x_wconf 75' lang='lat' dir='ltr'>Arelatensis,</span> <span class='ocrx_word' id='word_1_289' title='bbox 691 1545 725 1572; x_wconf 91' lang='lat' dir='ltr'>et</span> <span class='ocrx_word' id='word_1_290' title='bbox 749 1541 965 1573; x_wconf 81' lang='lat' dir='ltr'>Camerarius</span> <span class='ocrx_word' id='word_1_291' title='bbox 989 1544 1115 1577; x_wconf 76' lang='lat' dir='ltr'>noster,</span> <span class='ocrx_word' id='word_1_292' title='bbox 1143 1541 1271 1572; x_wconf 86' lang='lat' dir='ltr'>dudum</span> <span class='ocrx_word' id='word_1_293' title='bbox 1296 1539 1463 1572; x_wconf 80' lang='lat' dir='ltr'>diabolico</span> <span class='ocrx_word' id='word_1_294' title='bbox 1488 1540 1614 1581; x_wconf 88' lang='lat' dir='ltr'>spiritu</span> <span class='ocrx_word' id='word_1_295' title='bbox 1636 1539 1833 1579; x_wconf 76' lang='lat' dir='ltr'>instigatus,</span> 
     </span>
     <span class='ocr_line' id='line_1_31' title="bbox 445 1582 1829 1625; baseline -0.003 -9"><span class='ocrx_word' id='word_1_296' title='bbox 445 1584 485 1616; x_wconf 90' lang='lat' dir='ltr'>de</span> <span class='ocrx_word' id='word_1_297' title='bbox 504 1583 599 1617; x_wconf 85' lang='lat' dir='ltr'>Urbe</span> <span class='ocrx_word' id='word_1_298' title='bbox 619 1584 785 1625; x_wconf 85' lang='lat' dir='ltr'>predicta,</span> <span class='ocrx_word' id='word_1_299' title='bbox 809 1583 868 1615; x_wconf 90' lang='lat' dir='ltr'>ubi</span> <span class='ocrx_word' id='word_1_300' title='bbox 888 1583 1065 1615; x_wconf 85' lang='lat' dir='ltr'>nobiscum</span> <span class='ocrx_word' id='word_1_301' title='bbox 1087 1587 1171 1622; x_wconf 85' lang='lat' dir='ltr'>erat,</span> <span class='ocrx_word' id='word_1_302' title='bbox 1195 1582 1323 1624; x_wconf 80' lang='lat' dir='ltr'>absque</span> <span class='ocrx_word' id='word_1_303' title='bbox 1342 1582 1485 1614; x_wconf 87' lang='lat' dir='ltr'>licencia</span> <span class='ocrx_word' id='word_1_304' title='bbox 1504 1585 1623 1614; x_wconf 85' lang='lat' dir='ltr'>nostra</span> <span class='ocrx_word' id='word_1_305' title='bbox 1643 1583 1739 1623; x_wconf 87' lang='lat' dir='ltr'>quasi</span> <span class='ocrx_word' id='word_1_306' title='bbox 1760 1582 1829 1613; x_wconf 82' lang='lat' dir='ltr'>fur-</span> 
     </span>
     <span class='ocr_line' id='line_1_32' title="bbox 447 1625 1835 1667; baseline -0.002 -8"><span class='ocrx_word' id='word_1_307' title='bbox 447 1629 518 1659; x_wconf 82' lang='lat' dir='ltr'>tive</span> <span class='ocrx_word' id='word_1_308' title='bbox 544 1628 749 1661; x_wconf 76' lang='lat' dir='ltr'>recessisset,</span> <span class='ocrx_word' id='word_1_309' title='bbox 780 1631 814 1658; x_wconf 85' lang='lat' dir='ltr'>et</span> <span class='ocrx_word' id='word_1_310' title='bbox 841 1627 882 1658; x_wconf 81' lang='lat' dir='ltr'>de</span> <span class='ocrx_word' id='word_1_311' title='bbox 908 1626 1050 1658; x_wconf 82' lang='lat' dir='ltr'>Camera</span> <span class='ocrx_word' id='word_1_312' title='bbox 1077 1630 1196 1658; x_wconf 84' lang='lat' dir='ltr'>nostra</span> <span class='ocrx_word' id='word_1_313' title='bbox 1222 1637 1324 1667; x_wconf 82' lang='lat' dir='ltr'>quam</span> <span class='ocrx_word' id='word_1_314' title='bbox 1351 1626 1451 1667; x_wconf 84' lang='lat' dir='ltr'>plura</span> <span class='ocrx_word' id='word_1_315' title='bbox 1477 1626 1601 1667; x_wconf 78' lang='lat' dir='ltr'>jocalia</span> <span class='ocrx_word' id='word_1_316' title='bbox 1628 1631 1662 1658; x_wconf 88' lang='lat' dir='ltr'>et</span> <span class='ocrx_word' id='word_1_317' title='bbox 1689 1625 1756 1657; x_wconf 86' lang='lat' dir='ltr'>alia</span> <span class='ocrx_word' id='word_1_318' title='bbox 1782 1635 1835 1656; x_wconf 85' lang='lat' dir='ltr'>res</span> 
     </span>
     <span class='ocr_line' id='line_1_33' title="bbox 446 1668 1833 1710; baseline -0.002 -8"><span class='ocrx_word' id='word_1_319' title='bbox 446 1674 481 1702; x_wconf 88' lang='lat' dir='ltr'>et</span> <span class='ocrx_word' id='word_1_320' title='bbox 500 1670 590 1702; x_wconf 88' lang='lat' dir='ltr'>bona</span> <span class='ocrx_word' id='word_1_321' title='bbox 609 1670 725 1710; x_wconf 83' lang='lat' dir='ltr'>magni</span> <span class='ocrx_word' id='word_1_322' title='bbox 747 1669 874 1701; x_wconf 88' lang='lat' dir='ltr'>valoris</span> <span class='ocrx_word' id='word_1_323' title='bbox 894 1673 928 1700; x_wconf 91' lang='lat' dir='ltr'>et</span> <span class='ocrx_word' id='word_1_324' title='bbox 950 1669 1113 1710; x_wconf 70' lang='lat' dir='ltr'>preciosa,</span> <span class='ocrx_word' id='word_1_325' title='bbox 1138 1669 1180 1700; x_wconf 87' lang='lat' dir='ltr'>ad</span> <span class='ocrx_word' id='word_1_326' title='bbox 1202 1680 1262 1701; x_wconf 85' lang='lat' dir='ltr'>nos</span> <span class='ocrx_word' id='word_1_327' title='bbox 1285 1673 1318 1701; x_wconf 89' lang='lat' dir='ltr'>et</span> <span class='ocrx_word' id='word_1_328' title='bbox 1339 1669 1530 1700; x_wconf 83' lang='lat' dir='ltr'>Romanam</span> <span class='ocrx_word' id='word_1_329' title='bbox 1552 1668 1739 1700; x_wconf 86' lang='lat' dir='ltr'>Ecclesiam</span> <span class='ocrx_word' id='word_1_330' title='bbox 1760 1678 1833 1709; x_wconf 86' lang='lat' dir='ltr'>per-</span> 
     </span>
     <span class='ocr_line' id='line_1_34' title="bbox 446 1712 1837 1754; baseline -0.001 -9"><span class='ocrx_word' id='word_1_331' title='bbox 446 1715 606 1749; x_wconf 78' lang='lat' dir='ltr'>tinencia,</span> <span class='ocrx_word' id='word_1_332' title='bbox 629 1724 743 1745; x_wconf 87' lang='lat' dir='ltr'>secum</span> <span class='ocrx_word' id='word_1_333' title='bbox 761 1717 983 1754; x_wconf 70' lang='lat' dir='ltr'>asportasset,</span> <span class='ocrx_word' id='word_1_334' title='bbox 1005 1717 1040 1746; x_wconf 86' lang='lat' dir='ltr'>et</span> <span class='ocrx_word' id='word_1_335' title='bbox 1058 1713 1101 1744; x_wconf 85' lang='lat' dir='ltr'>ad</span> <span class='ocrx_word' id='word_1_336' title='bbox 1120 1713 1247 1745; x_wconf 84' lang='lat' dir='ltr'>dictam</span> <span class='ocrx_word' id='word_1_337' title='bbox 1267 1712 1453 1745; x_wconf 81' lang='lat' dir='ltr'>Civitatem</span> <span class='ocrx_word' id='word_1_338' title='bbox 1471 1712 1689 1754; x_wconf 84' lang='lat' dir='ltr'>Anagninam</span> <span class='ocrx_word' id='word_1_339' title='bbox 1708 1723 1741 1743; x_wconf 88' lang='lat' dir='ltr'>se</span> <span class='ocrx_word' id='word_1_340' title='bbox 1761 1723 1837 1744; x_wconf 84' lang='lat' dir='ltr'>con-</span> 
     </span>
     <span class='ocr_line' id='line_1_35' title="bbox 448 1755 1837 1797; baseline -0.001 -9"><span class='ocrx_word' id='word_1_341' title='bbox 448 1758 560 1790; x_wconf 80' lang='lat' dir='ltr'>serens</span> <span class='ocrx_word' id='word_1_342' title='bbox 592 1768 668 1788; x_wconf 89' lang='lat' dir='ltr'>cum</span> <span class='ocrx_word' id='word_1_343' title='bbox 699 1757 844 1797; x_wconf 83' lang='lat' dir='ltr'>prefatis</span> <span class='ocrx_word' id='word_1_344' title='bbox 875 1756 1048 1788; x_wconf 84' lang='lat' dir='ltr'>sceleratis</span> <span class='ocrx_word' id='word_1_345' title='bbox 1078 1757 1173 1791; x_wconf 75' lang='lat' dir='ltr'>viris,</span> <span class='ocrx_word' id='word_1_346' title='bbox 1206 1755 1370 1795; x_wconf 86' lang='lat' dir='ltr'>Roberto,</span> <span class='ocrx_word' id='word_1_347' title='bbox 1405 1756 1428 1787; x_wconf 86' lang='lat' dir='ltr'><strong>J</strong></span> <span class='ocrx_word' id='word_1_348' title='bbox 1431 1755 1573 1795; x_wconf 84' lang='lat' dir='ltr'>ohanne,</span> <span class='ocrx_word' id='word_1_349' title='bbox 1609 1756 1768 1791; x_wconf 76' lang='lat' dir='ltr'>Geraldo.</span> <span class='ocrx_word' id='word_1_350' title='bbox 1803 1759 1837 1787; x_wconf 89' lang='lat' dir='ltr'>et</span> 
     </span>
     <span class='ocr_line' id='line_1_36' title="bbox 447 1798 1832 1841; baseline -0.002 -10"><span class='ocrx_word' id='word_1_351' title='bbox 447 1799 563 1841; x_wconf 89' lang='lat' dir='ltr'>Petro,</span> <span class='ocrx_word' id='word_1_352' title='bbox 586 1799 667 1831; x_wconf 89' lang='lat' dir='ltr'>olim</span> <span class='ocrx_word' id='word_1_353' title='bbox 687 1798 938 1838; x_wconf 79' lang='lat' dir='ltr'>Cardinalibus,</span> <span class='ocrx_word' id='word_1_354' title='bbox 961 1798 1114 1830; x_wconf 87' lang='lat' dir='ltr'>diversas</span> <span class='ocrx_word' id='word_1_355' title='bbox 1133 1798 1371 1839; x_wconf 83' lang='lat' dir='ltr'>colligaciones</span> <span class='ocrx_word' id='word_1_356' title='bbox 1391 1802 1425 1830; x_wconf 86' lang='lat' dir='ltr'>et</span> <span class='ocrx_word' id='word_1_357' title='bbox 1445 1804 1564 1830; x_wconf 85' lang='lat' dir='ltr'>contra</span> <span class='ocrx_word' id='word_1_358' title='bbox 1583 1809 1644 1830; x_wconf 90' lang='lat' dir='ltr'>nos</span> <span class='ocrx_word' id='word_1_359' title='bbox 1663 1798 1832 1839; x_wconf 89' lang='lat' dir='ltr'>conspira-</span> 
     </span>
     <span class='ocr_line' id='line_1_37' title="bbox 446 1842 1833 1883; baseline -0.001 -9"><span class='ocrx_word' id='word_1_360' title='bbox 446 1844 558 1875; x_wconf 88' lang='lat' dir='ltr'>ciones</span> <span class='ocrx_word' id='word_1_361' title='bbox 581 1843 737 1874; x_wconf 86' lang='lat' dir='ltr'>ordina-re</span> <span class='ocrx_word' id='word_1_362' title='bbox 760 1853 798 1873; x_wconf 87' lang='lat' dir='ltr'>ac</span> <span class='ocrx_word' id='word_1_363' title='bbox 821 1842 944 1882; x_wconf 78' lang='lat' dir='ltr'>facere,</span> <span class='ocrx_word' id='word_1_364' title='bbox 969 1845 1003 1874; x_wconf 87' lang='lat' dir='ltr'>et</span> <span class='ocrx_word' id='word_1_365' title='bbox 1025 1842 1069 1873; x_wconf 88' lang='lat' dir='ltr'>ad</span> <span class='ocrx_word' id='word_1_366' title='bbox 1093 1842 1350 1873; x_wconf 85' lang='lat' dir='ltr'>conducendum</span> <span class='ocrx_word' id='word_1_367' title='bbox 1374 1842 1484 1873; x_wconf 81' lang='lat' dir='ltr'>dictas</span> <span class='ocrx_word' id='word_1_368' title='bbox 1507 1845 1625 1883; x_wconf 85' lang='lat' dir='ltr'>gentes</span> <span class='ocrx_word' id='word_1_369' title='bbox 1647 1842 1833 1882; x_wconf 84' lang='lat' dir='ltr'>armigeras</span> 
     </span>
     <span class='ocr_line' id='line_1_38' title="bbox 446 1885 1832 1926; baseline -0.002 -7"><span class='ocrx_word' id='word_1_370' title='bbox 446 1887 490 1919; x_wconf 89' lang='lat' dir='ltr'>ad</span> <span class='ocrx_word' id='word_1_371' title='bbox 512 1887 640 1919; x_wconf 85' lang='lat' dir='ltr'>dictam</span> <span class='ocrx_word' id='word_1_372' title='bbox 661 1886 847 1918; x_wconf 82' lang='lat' dir='ltr'>Civitatem</span> <span class='ocrx_word' id='word_1_373' title='bbox 870 1885 1090 1926; x_wconf 77' lang='lat' dir='ltr'>Anagninam</span> <span class='ocrx_word' id='word_1_374' title='bbox 1111 1885 1299 1923; x_wconf 70' lang='lat' dir='ltr'>consilium,</span> <span class='ocrx_word' id='word_1_375' title='bbox 1325 1885 1502 1923; x_wconf 77' lang='lat' dir='ltr'>auxilium,</span> <span class='ocrx_word' id='word_1_376' title='bbox 1527 1889 1561 1917; x_wconf 86' lang='lat' dir='ltr'>et</span> <span class='ocrx_word' id='word_1_377' title='bbox 1584 1885 1737 1917; x_wconf 69' lang='lat' dir='ltr'>favorem</span> <span class='ocrx_word' id='word_1_378' title='bbox 1758 1895 1832 1926; x_wconf 88' lang='lat' dir='ltr'>pre-</span> 
     </span>
     <span class='ocr_line' id='line_1_39' title="bbox 445 1928 1832 1970; baseline -0.001 -9"><span class='ocrx_word' id='word_1_379' title='bbox 445 1929 536 1969; x_wconf 84' lang='lat' dir='ltr'>bere,</span> <span class='ocrx_word' id='word_1_380' title='bbox 558 1934 592 1962; x_wconf 91' lang='lat' dir='ltr'>et</span> <span class='ocrx_word' id='word_1_381' title='bbox 612 1934 683 1961; x_wconf 78' lang='lat' dir='ltr'>tam</span> <span class='ocrx_word' id='word_1_382' title='bbox 702 1930 775 1970; x_wconf 85' lang='lat' dir='ltr'>ipse</span> <span class='ocrx_word' id='word_1_383' title='bbox 795 1939 896 1970; x_wconf 86' lang='lat' dir='ltr'>quam</span> <span class='ocrx_word' id='word_1_384' title='bbox 916 1929 1122 1970; x_wconf 83' lang='lat' dir='ltr'>perdicionis</span> <span class='ocrx_word' id='word_1_385' title='bbox 1141 1928 1213 1965; x_wconf 82' lang='lat' dir='ltr'>filii,</span> <span class='ocrx_word' id='word_1_386' title='bbox 1237 1929 1399 1968; x_wconf 78' lang='lat' dir='ltr'>Jacobus,</span> <span class='ocrx_word' id='word_1_387' title='bbox 1421 1929 1502 1960; x_wconf 91' lang='lat' dir='ltr'>olim</span> <span class='ocrx_word' id='word_1_388' title='bbox 1523 1928 1726 1960; x_wconf 85' lang='lat' dir='ltr'>Patriarcha</span> <span class='ocrx_word' id='word_1_389' title='bbox 1747 1929 1832 1961; x_wconf 89' lang='lat' dir='ltr'>Con-</span> 
     </span>
     <span class='ocr_line' id='line_1_40' title="bbox 445 1972 1830 2014; baseline -0.001 -9"><span class='ocrx_word' id='word_1_390' title='bbox 445 1973 784 2014; x_wconf 64' lang='lat' dir='ltr'>stantinopolitwus,</span> <span class='ocrx_word' id='word_1_391' title='bbox 810 1972 1009 2012; x_wconf 82' lang='lat' dir='ltr'>Nicholaus,</span> <span class='ocrx_word' id='word_1_392' title='bbox 1036 1972 1115 2004; x_wconf 88' lang='lat' dir='ltr'>olim</span> <span class='ocrx_word' id='word_1_393' title='bbox 1138 1972 1426 2013; x_wconf 82' lang='lat' dir='ltr'>Archiepiscopus</span> <span class='ocrx_word' id='word_1_394' title='bbox 1450 1972 1669 2011; x_wconf 76' lang='lat' dir='ltr'>Cusentinus,</span> <span class='ocrx_word' id='word_1_395' title='bbox 1696 1972 1830 2010; x_wconf 87' lang='lat' dir='ltr'>Petrus,</span> 
     </span>
     <span class='ocr_line' id='line_1_41' title="bbox 445 2015 1832 2057; baseline -0.001 -8"><span class='ocrx_word' id='word_1_396' title='bbox 445 2018 526 2049; x_wconf 86' lang='lat' dir='ltr'>olim</span> <span class='ocrx_word' id='word_1_397' title='bbox 548 2017 803 2057; x_wconf 87' lang='lat' dir='ltr'>Urbenetanus,</span> <span class='ocrx_word' id='word_1_398' title='bbox 828 2015 1042 2055; x_wconf 83' lang='lat' dir='ltr'>Guillelmus,</span> <span class='ocrx_word' id='word_1_399' title='bbox 1068 2015 1148 2047; x_wconf 89' lang='lat' dir='ltr'>olim</span> <span class='ocrx_word' id='word_1_400' title='bbox 1170 2015 1333 2053; x_wconf 84' lang='lat' dir='ltr'>Urbinas,</span> <span class='ocrx_word' id='word_1_401' title='bbox 1360 2016 1494 2055; x_wconf 84' lang='lat' dir='ltr'>Petrus,</span> <span class='ocrx_word' id='word_1_402' title='bbox 1521 2016 1601 2048; x_wconf 88' lang='lat' dir='ltr'>olim</span> <span class='ocrx_word' id='word_1_403' title='bbox 1624 2016 1832 2048; x_wconf 86' lang='lat' dir='ltr'>Montisflas-</span> 
     </span>
     <span class='ocr_line' id='line_1_42' title="bbox 447 2059 1829 2101; baseline -0.002 -8"><span class='ocrx_word' id='word_1_404' title='bbox 447 2061 565 2097; x_wconf 77' lang='lat' dir='ltr'>censis,</span> <span class='ocrx_word' id='word_1_405' title='bbox 594 2060 780 2100; x_wconf 79' lang='lat' dir='ltr'>Johannes,</span> <span class='ocrx_word' id='word_1_406' title='bbox 810 2059 891 2092; x_wconf 88' lang='lat' dir='ltr'>olim</span> <span class='ocrx_word' id='word_1_407' title='bbox 917 2060 1160 2098; x_wconf 78' lang='lat' dir='ltr'>Gebennensis,</span> <span class='ocrx_word' id='word_1_408' title='bbox 1191 2063 1224 2091; x_wconf 89' lang='lat' dir='ltr'>et</span> <span class='ocrx_word' id='word_1_409' title='bbox 1252 2060 1466 2099; x_wconf 79' lang='lat' dir='ltr'>Franciscus,</span> <span class='ocrx_word' id='word_1_410' title='bbox 1495 2060 1576 2092; x_wconf 90' lang='lat' dir='ltr'>olim</span> <span class='ocrx_word' id='word_1_411' title='bbox 1603 2059 1829 2101; x_wconf 80' lang='lat' dir='ltr'>Cayatiensis‚</span> 
     </span>
     <span class='ocr_line' id='line_1_43' title="bbox 445 2103 1832 2145; baseline 0 -10"><span class='ocrx_word' id='word_1_412' title='bbox 445 2104 620 2145; x_wconf 85' lang='lat' dir='ltr'>Episcopi,</span> <span class='ocrx_word' id='word_1_413' title='bbox 648 2115 686 2136; x_wconf 87' lang='lat' dir='ltr'>ac</span> <span class='ocrx_word' id='word_1_414' title='bbox 711 2104 923 2135; x_wconf 85' lang='lat' dir='ltr'>Bertrandus</span> <span class='ocrx_word' id='word_1_415' title='bbox 947 2103 1087 2141; x_wconf 83' lang='lat' dir='ltr'>Ruffini‚</span> <span class='ocrx_word' id='word_1_416' title='bbox 1115 2103 1196 2134; x_wconf 93' lang='lat' dir='ltr'>olim</span> <span class='ocrx_word' id='word_1_417' title='bbox 1222 2103 1373 2135; x_wconf 77' lang='lat' dir='ltr'>Clericus</span> <span class='ocrx_word' id='word_1_418' title='bbox 1398 2104 1537 2135; x_wconf 80' lang='lat' dir='ltr'>Camere</span> <span class='ocrx_word' id='word_1_419' title='bbox 1561 2103 1771 2145; x_wconf 87' lang='lat' dir='ltr'>Apostolice,</span> <span class='ocrx_word' id='word_1_420' title='bbox 1798 2107 1832 2135; x_wconf 84' lang='lat' dir='ltr'>et</span> 
     </span>
     <span class='ocr_line' id='line_1_44' title="bbox 446 2146 1837 2188; baseline -0.001 -8"><span class='ocrx_word' id='word_1_421' title='bbox 446 2148 609 2180; x_wconf 86' lang='lat' dir='ltr'>Masellus</span> <span class='ocrx_word' id='word_1_422' title='bbox 632 2147 760 2183; x_wconf 69' lang='lat' dir='ltr'>Casini,</span> <span class='ocrx_word' id='word_1_423' title='bbox 785 2147 865 2178; x_wconf 90' lang='lat' dir='ltr'>olim</span> <span class='ocrx_word' id='word_1_424' title='bbox 888 2147 1016 2178; x_wconf 85' lang='lat' dir='ltr'>Rector</span> <span class='ocrx_word' id='word_1_425' title='bbox 1037 2146 1187 2178; x_wconf 84' lang='lat' dir='ltr'>Ecclesie</span> <span class='ocrx_word' id='word_1_426' title='bbox 1211 2147 1334 2179; x_wconf 81' lang='lat' dir='ltr'>Sancte</span> <span class='ocrx_word' id='word_1_427' title='bbox 1357 2147 1467 2178; x_wconf 86' lang='lat' dir='ltr'>Marie</span> <span class='ocrx_word' id='word_1_428' title='bbox 1491 2147 1707 2188; x_wconf 86' lang='lat' dir='ltr'>Pedisgripte</span> <span class='ocrx_word' id='word_1_429' title='bbox 1729 2157 1837 2188; x_wconf 87' lang='lat' dir='ltr'>prope</span> 
     </span>
     <span class='ocr_line' id='line_1_45' title="bbox 447 2189 1830 2233; baseline -0.001 -10"><span class='ocrx_word' id='word_1_430' title='bbox 447 2191 641 2233; x_wconf 73' lang='lat' dir='ltr'>Neapolim,</span> <span class='ocrx_word' id='word_1_431' title='bbox 656 2202 694 2222; x_wconf 88' lang='lat' dir='ltr'>ac</span> <span class='ocrx_word' id='word_1_432' title='bbox 711 2191 818 2222; x_wconf 85' lang='lat' dir='ltr'>eciam</span> <span class='ocrx_word' id='word_1_433' title='bbox 834 2191 1029 2231; x_wconf 82' lang='lat' dir='ltr'>iniquitatis</span> <span class='ocrx_word' id='word_1_434' title='bbox 1043 2190 1102 2222; x_wconf 92' lang='lat' dir='ltr'>filii</span> <span class='ocrx_word' id='word_1_435' title='bbox 1122 2189 1321 2222; x_wconf 82' lang='lat' dir='ltr'>Honoratus</span> <span class='ocrx_word' id='word_1_436' title='bbox 1335 2189 1497 2231; x_wconf 75' lang='lat' dir='ltr'>Gaytani,</span> <span class='ocrx_word' id='word_1_437' title='bbox 1517 2191 1596 2223; x_wconf 90' lang='lat' dir='ltr'>olim</span> <span class='ocrx_word' id='word_1_438' title='bbox 1610 2190 1729 2223; x_wconf 90' lang='lat' dir='ltr'>Comes</span> <span class='ocrx_word' id='word_1_439' title='bbox 1742 2192 1830 2223; x_wconf 89' lang='lat' dir='ltr'>Fun-</span> 
     </span>
     <span class='ocr_line' id='line_1_46' title="bbox 443 2233 1833 2274; baseline -0.001 -9"><span class='ocrx_word' id='word_1_440' title='bbox 443 2236 574 2271; x_wconf 70' lang='lat' dir='ltr'>dorum,</span> <span class='ocrx_word' id='word_1_441' title='bbox 602 2234 810 2273; x_wconf 78' lang='lat' dir='ltr'>Anthonius,</span> <span class='ocrx_word' id='word_1_442' title='bbox 837 2234 918 2265; x_wconf 90' lang='lat' dir='ltr'>olim</span> <span class='ocrx_word' id='word_1_443' title='bbox 943 2233 1062 2266; x_wconf 87' lang='lat' dir='ltr'>Comes</span> <span class='ocrx_word' id='word_1_444' title='bbox 1089 2234 1305 2269; x_wconf 78' lang='lat' dir='ltr'>Casertanus,</span> <span class='ocrx_word' id='word_1_445' title='bbox 1334 2235 1536 2266; x_wconf 86' lang='lat' dir='ltr'>Franciscus</span> <span class='ocrx_word' id='word_1_446' title='bbox 1561 2234 1602 2266; x_wconf 91' lang='lat' dir='ltr'>de</span> <span class='ocrx_word' id='word_1_447' title='bbox 1626 2233 1725 2274; x_wconf 79' lang='lat' dir='ltr'>Vico,</span> <span class='ocrx_word' id='word_1_448' title='bbox 1753 2233 1833 2265; x_wconf 88' lang='lat' dir='ltr'>olim</span> 
     </span>
     <span class='ocr_line' id='line_1_47' title="bbox 444 2276 1830 2317; baseline -0.002 -7"><span class='ocrx_word' id='word_1_449' title='bbox 444 2278 624 2310; x_wconf 83' lang='lat' dir='ltr'>Prefectus</span> <span class='ocrx_word' id='word_1_450' title='bbox 640 2277 756 2316; x_wconf 88' lang='lat' dir='ltr'>Urbis,</span> <span class='ocrx_word' id='word_1_451' title='bbox 775 2277 797 2309; x_wconf 84' lang='lat' dir='ltr'>J</span> <span class='ocrx_word' id='word_1_452' title='bbox 801 2276 949 2308; x_wconf 89' lang='lat' dir='ltr'>ohannes</span> <span class='ocrx_word' id='word_1_453' title='bbox 966 2276 1007 2308; x_wconf 91' lang='lat' dir='ltr'>de</span> <span class='ocrx_word' id='word_1_454' title='bbox 1023 2276 1215 2315; x_wconf 80' lang='lat' dir='ltr'>Maiestret,</span> <span class='ocrx_word' id='word_1_455' title='bbox 1234 2276 1421 2307; x_wconf 86' lang='lat' dir='ltr'>Nicholaus</span> <span class='ocrx_word' id='word_1_456' title='bbox 1439 2276 1608 2317; x_wconf 78' lang='lat' dir='ltr'>spinellus</span> <span class='ocrx_word' id='word_1_457' title='bbox 1625 2276 1665 2308; x_wconf 88' lang='lat' dir='ltr'>de</span> <span class='ocrx_word' id='word_1_458' title='bbox 1681 2277 1830 2308; x_wconf 80' lang='lat' dir='ltr'>Juvena-</span> 
     </span>
     <span class='ocr_line' id='line_1_48' title="bbox 447 2319 1826 2361; baseline -0.002 -9"><span class='ocrx_word' id='word_1_459' title='bbox 447 2322 510 2361; x_wconf 76' lang='lat' dir='ltr'>cio,</span> <span class='ocrx_word' id='word_1_460' title='bbox 544 2321 627 2353; x_wconf 83' lang='lat' dir='ltr'>alias</span> <span class='ocrx_word' id='word_1_461' title='bbox 657 2321 770 2352; x_wconf 85' lang='lat' dir='ltr'>dictus</span> <span class='ocrx_word' id='word_1_462' title='bbox 801 2321 841 2352; x_wconf 86' lang='lat' dir='ltr'>de</span> <span class='ocrx_word' id='word_1_463' title='bbox 870 2319 1027 2361; x_wconf 81' lang='lat' dir='ltr'>Neapoli,</span> <span class='ocrx_word' id='word_1_464' title='bbox 1062 2320 1225 2352; x_wconf 81' lang='lat' dir='ltr'>Silvester</span> <span class='ocrx_word' id='word_1_465' title='bbox 1254 2320 1360 2354; x_wconf 79' lang='lat' dir='ltr'>Bude.</span> <span class='ocrx_word' id='word_1_466' title='bbox 1395 2320 1590 2352; x_wconf 81' lang='lat' dir='ltr'>Bernardus</span> <span class='ocrx_word' id='word_1_467' title='bbox 1622 2321 1662 2352; x_wconf 85' lang='lat' dir='ltr'>de</span> <span class='ocrx_word' id='word_1_468' title='bbox 1692 2320 1826 2357; x_wconf 76' lang='lat' dir='ltr'>Lasaia,</span> 
     </span>
     <span class='ocr_line' id='line_1_49' title="bbox 446 2362 1833 2404; baseline -0.001 -8"><span class='ocrx_word' id='word_1_469' title='bbox 446 2365 571 2396; x_wconf 82' lang='lat' dir='ltr'>Petrus</span> <span class='ocrx_word' id='word_1_470' title='bbox 589 2364 631 2396; x_wconf 83' lang='lat' dir='ltr'>de</span> <span class='ocrx_word' id='word_1_471' title='bbox 646 2364 780 2404; x_wconf 80' lang='lat' dir='ltr'>Lasala,</span> <span class='ocrx_word' id='word_1_472' title='bbox 800 2363 881 2395; x_wconf 88' lang='lat' dir='ltr'>olim</span> <span class='ocrx_word' id='word_1_473' title='bbox 898 2363 1039 2398; x_wconf 72' lang='lat' dir='ltr'>Milites,</span> <span class='ocrx_word' id='word_1_474' title='bbox 1060 2367 1094 2395; x_wconf 89' lang='lat' dir='ltr'>et</span> <span class='ocrx_word' id='word_1_475' title='bbox 1111 2363 1338 2395; x_wconf 81' lang='lat' dir='ltr'>Guilhonetus</span> <span class='ocrx_word' id='word_1_476' title='bbox 1356 2364 1396 2395; x_wconf 85' lang='lat' dir='ltr'>de</span> <span class='ocrx_word' id='word_1_477' title='bbox 1414 2364 1547 2403; x_wconf 84' lang='lat' dir='ltr'>Lasala,</span> <span class='ocrx_word' id='word_1_478' title='bbox 1570 2363 1778 2403; x_wconf 83' lang='lat' dir='ltr'>domicellus,</span> <span class='ocrx_word' id='word_1_479' title='bbox 1799 2362 1833 2394; x_wconf 87' lang='lat' dir='ltr'>in</span> 
     </span>
     <span class='ocr_line' id='line_1_50' title="bbox 446 2406 1831 2449; baseline -0.001 -10"><span class='ocrx_word' id='word_1_480' title='bbox 446 2407 629 2449; x_wconf 88' lang='lat' dir='ltr'>reprobum</span> <span class='ocrx_word' id='word_1_481' title='bbox 654 2417 791 2438; x_wconf 88' lang='lat' dir='ltr'>sensum</span> <span class='ocrx_word' id='word_1_482' title='bbox 814 2406 897 2445; x_wconf 86' lang='lat' dir='ltr'>dati,</span> <span class='ocrx_word' id='word_1_483' title='bbox 924 2407 1060 2448; x_wconf 76' lang='lat' dir='ltr'>prefato</span> <span class='ocrx_word' id='word_1_484' title='bbox 1084 2406 1235 2438; x_wconf 86' lang='lat' dir='ltr'>Roberto</span> <span class='ocrx_word' id='word_1_485' title='bbox 1258 2406 1433 2448; x_wconf 83' lang='lat' dir='ltr'>Antipape</span> <span class='ocrx_word' id='word_1_486' title='bbox 1457 2406 1618 2438; x_wconf 84' lang='lat' dir='ltr'>adherere</span> <span class='ocrx_word' id='word_1_487' title='bbox 1644 2417 1683 2438; x_wconf 83' lang='lat' dir='ltr'>ac</span> <span class='ocrx_word' id='word_1_488' title='bbox 1707 2406 1831 2442; x_wconf 74' lang='lat' dir='ltr'>favere,</span> 
     </span>
     <span class='ocr_line' id='line_1_51' title="bbox 447 2449 1829 2490; baseline -0.002 -8"><span class='ocrx_word' id='word_1_489' title='bbox 447 2454 492 2489; x_wconf 87' lang='lat' dir='ltr'>et,</span> <span class='ocrx_word' id='word_1_490' title='bbox 515 2460 631 2481; x_wconf 89' lang='lat' dir='ltr'>eorum</span> <span class='ocrx_word' id='word_1_491' title='bbox 651 2449 778 2490; x_wconf 86' lang='lat' dir='ltr'>linguis</span> <span class='ocrx_word' id='word_1_492' title='bbox 798 2449 1057 2481; x_wconf 83' lang='lat' dir='ltr'>transeuntibus</span> <span class='ocrx_word' id='word_1_493' title='bbox 1080 2459 1182 2489; x_wconf 88' lang='lat' dir='ltr'>super</span> <span class='ocrx_word' id='word_1_494' title='bbox 1202 2452 1341 2482; x_wconf 81' lang='lat' dir='ltr'>terrain.</span> <span class='ocrx_word' id='word_1_495' title='bbox 1365 2460 1401 2481; x_wconf 87' lang='lat' dir='ltr'>os</span> <span class='ocrx_word' id='word_1_496' title='bbox 1423 2449 1457 2480; x_wconf 90' lang='lat' dir='ltr'>in</span> <span class='ocrx_word' id='word_1_497' title='bbox 1481 2449 1589 2480; x_wconf 89' lang='lat' dir='ltr'>celum</span> <span class='ocrx_word' id='word_1_498' title='bbox 1610 2459 1735 2490; x_wconf 88' lang='lat' dir='ltr'>ponere</span> <span class='ocrx_word' id='word_1_499' title='bbox 1756 2458 1829 2489; x_wconf 87' lang='lat' dir='ltr'>pre-</span> 
     </span>
     <span class='ocr_line' id='line_1_52' title="bbox 446 2492 1829 2534; baseline -0.001 -8"><span class='ocrx_word' id='word_1_500' title='bbox 446 2497 629 2531; x_wconf 88' lang='lat' dir='ltr'>sumentes,</span> <span class='ocrx_word' id='word_1_501' title='bbox 647 2503 715 2524; x_wconf 89' lang='lat' dir='ltr'>non</span> <span class='ocrx_word' id='word_1_502' title='bbox 730 2493 875 2527; x_wconf 84' lang='lat' dir='ltr'>fuissent</span> <span class='ocrx_word' id='word_1_503' title='bbox 891 2493 991 2524; x_wconf 80' lang='lat' dir='ltr'>veriti</span> <span class='ocrx_word' id='word_1_504' title='bbox 1023 2502 1083 2524; x_wconf 86' lang='lat' dir='ltr'>nec</span> <span class='ocrx_word' id='word_1_505' title='bbox 1098 2495 1259 2524; x_wconf 81' lang='lat' dir='ltr'>verentur</span> <span class='ocrx_word' id='word_1_506' title='bbox 1291 2492 1426 2534; x_wconf 82' lang='lat' dir='ltr'>publice</span> <span class='ocrx_word' id='word_1_507' title='bbox 1443 2502 1602 2531; x_wconf 85' lang='lat' dir='ltr'>asserere,</span> <span class='ocrx_word' id='word_1_508' title='bbox 1621 2497 1654 2524; x_wconf 60' lang='lat' dir='ltr'>et</span> <span class='ocrx_word' id='word_1_509' title='bbox 1670 2503 1731 2534; x_wconf 92' lang='lat' dir='ltr'>per</span> <span class='ocrx_word' id='word_1_510' title='bbox 1747 2493 1829 2524; x_wconf 88' lang='lat' dir='ltr'>alios</span> 
     </span>
     <span class='ocr_line' id='line_1_53' title="bbox 447 2536 1825 2578; baseline -0.001 -9"><span class='ocrx_word' id='word_1_511' title='bbox 447 2538 551 2569; x_wconf 88' lang='lat' dir='ltr'>asseri</span> <span class='ocrx_word' id='word_1_512' title='bbox 568 2541 602 2570; x_wconf 88' lang='lat' dir='ltr'>et</span> <span class='ocrx_word' id='word_1_513' title='bbox 619 2536 788 2578; x_wconf 84' lang='lat' dir='ltr'>predicari</span> <span class='ocrx_word' id='word_1_514' title='bbox 806 2536 929 2575; x_wconf 80' lang='lat' dir='ltr'>facere,</span> <span class='ocrx_word' id='word_1_515' title='bbox 949 2546 1010 2567; x_wconf 89' lang='lat' dir='ltr'>nos</span> <span class='ocrx_word' id='word_1_516' title='bbox 1027 2546 1094 2567; x_wconf 94' lang='lat' dir='ltr'>non</span> <span class='ocrx_word' id='word_1_517' title='bbox 1113 2546 1184 2567; x_wconf 88' lang='lat' dir='ltr'>esse</span> <span class='ocrx_word' id='word_1_518' title='bbox 1203 2536 1333 2577; x_wconf 87' lang='lat' dir='ltr'>Papam</span> <span class='ocrx_word' id='word_1_519' title='bbox 1353 2540 1386 2568; x_wconf 87' lang='lat' dir='ltr'>et</span> <span class='ocrx_word' id='word_1_520' title='bbox 1404 2536 1597 2568; x_wconf 86' lang='lat' dir='ltr'>Romanum</span> <span class='ocrx_word' id='word_1_521' title='bbox 1614 2536 1825 2572; x_wconf 87' lang='lat' dir='ltr'>Pontificem,</span> 
     </span>
     <span class='ocr_line' id='line_1_54' title="bbox 448 2579 1828 2620; baseline -0.001 -8"><span class='ocrx_word' id='word_1_522' title='bbox 448 2585 483 2612; x_wconf 84' lang='lat' dir='ltr'>et</span> <span class='ocrx_word' id='word_1_523' title='bbox 513 2591 629 2612; x_wconf 87' lang='lat' dir='ltr'>eorum</span> <span class='ocrx_word' id='word_1_524' title='bbox 660 2580 756 2611; x_wconf 81' lang='lat' dir='ltr'>falsis</span> <span class='ocrx_word' id='word_1_525' title='bbox 787 2583 822 2611; x_wconf 87' lang='lat' dir='ltr'>et</span> <span class='ocrx_word' id='word_1_526' title='bbox 852 2580 1006 2611; x_wconf 85' lang='lat' dir='ltr'>confictis</span> <span class='ocrx_word' id='word_1_527' title='bbox 1035 2579 1221 2611; x_wconf 87' lang='lat' dir='ltr'>mendaciis</span> <span class='ocrx_word' id='word_1_528' title='bbox 1253 2579 1457 2620; x_wconf 87' lang='lat' dir='ltr'>quamplura</span> <span class='ocrx_word' id='word_1_529' title='bbox 1488 2581 1639 2612; x_wconf 87' lang='lat' dir='ltr'>enormia</span> <span class='ocrx_word' id='word_1_530' title='bbox 1669 2580 1759 2612; x_wconf 84' lang='lat' dir='ltr'>mala</span> <span class='ocrx_word' id='word_1_531' title='bbox 1789 2580 1828 2611; x_wconf 87' lang='lat' dir='ltr'>de</span> 
     </span>
     <span class='ocr_line' id='line_1_55' title="bbox 446 2621 1829 2664; baseline -0.001 -9"><span class='ocrx_word' id='word_1_532' title='bbox 446 2623 544 2656; x_wconf 89' lang='lat' dir='ltr'>nobis</span> <span class='ocrx_word' id='word_1_533' title='bbox 561 2623 682 2659; x_wconf 81' lang='lat' dir='ltr'>dicere,</span> <span class='ocrx_word' id='word_1_534' title='bbox 702 2626 736 2656; x_wconf 86' lang='lat' dir='ltr'>et</span> <span class='ocrx_word' id='word_1_535' title='bbox 753 2633 786 2654; x_wconf 84' lang='lat' dir='ltr'>se</span> <span class='ocrx_word' id='word_1_536' title='bbox 804 2621 846 2654; x_wconf 80' lang='lat' dir='ltr'>ab</span> <span class='ocrx_word' id='word_1_537' title='bbox 864 2623 996 2654; x_wconf 78' lang='lat' dir='ltr'>unitate</span> <span class='ocrx_word' id='word_1_538' title='bbox 1014 2622 1165 2653; x_wconf 85' lang='lat' dir='ltr'>Romane</span> <span class='ocrx_word' id='word_1_539' title='bbox 1184 2622 1334 2654; x_wconf 76' lang='lat' dir='ltr'>Ecclesie</span> <span class='ocrx_word' id='word_1_540' title='bbox 1352 2633 1519 2664; x_wconf 70' lang='lat' dir='ltr'>separare„</span> <span class='ocrx_word' id='word_1_541' title='bbox 1541 2627 1573 2655; x_wconf 91' lang='lat' dir='ltr'>et</span> <span class='ocrx_word' id='word_1_542' title='bbox 1593 2624 1773 2655; x_wconf 86' lang='lat' dir='ltr'>scissuram</span> <span class='ocrx_word' id='word_1_543' title='bbox 1791 2632 1829 2653; x_wconf 85' lang='lat' dir='ltr'>ac</span> 
     </span>
     <span class='ocr_line' id='line_1_56' title="bbox 446 2664 1828 2706; baseline -0.001 -8"><span class='ocrx_word' id='word_1_544' title='bbox 446 2666 659 2703; x_wconf 84' lang='lat' dir='ltr'>divisionem,</span> <span class='ocrx_word' id='word_1_545' title='bbox 679 2669 847 2706; x_wconf 87' lang='lat' dir='ltr'>quantum</span> <span class='ocrx_word' id='word_1_546' title='bbox 865 2665 899 2696; x_wconf 92' lang='lat' dir='ltr'>in</span> <span class='ocrx_word' id='word_1_547' title='bbox 918 2665 965 2696; x_wconf 88' lang='lat' dir='ltr'>eis</span> <span class='ocrx_word' id='word_1_548' title='bbox 984 2668 1068 2703; x_wconf 87' lang='lat' dir='ltr'>erat,</span> <span class='ocrx_word' id='word_1_549' title='bbox 1090 2665 1124 2696; x_wconf 90' lang='lat' dir='ltr'>in</span> <span class='ocrx_word' id='word_1_550' title='bbox 1144 2665 1208 2696; x_wconf 88' lang='lat' dir='ltr'>Dei</span> <span class='ocrx_word' id='word_1_551' title='bbox 1226 2664 1379 2697; x_wconf 88' lang='lat' dir='ltr'>Ecclesia</span> <span class='ocrx_word' id='word_1_552' title='bbox 1397 2676 1543 2706; x_wconf 82' lang='lat' dir='ltr'>ponere3</span> <span class='ocrx_word' id='word_1_553' title='bbox 1570 2677 1608 2698; x_wconf 88' lang='lat' dir='ltr'>ac</span> <span class='ocrx_word' id='word_1_554' title='bbox 1628 2667 1828 2698; x_wconf 87' lang='lat' dir='ltr'>Franciscus</span> 
     </span>
     <span class='ocr_line' id='line_1_57' title="bbox 446 2709 1824 2749; baseline -0.001 -7"><span class='ocrx_word' id='word_1_555' title='bbox 446 2710 487 2742; x_wconf 88' lang='lat' dir='ltr'>de</span> <span class='ocrx_word' id='word_1_556' title='bbox 511 2709 598 2742; x_wconf 89' lang='lat' dir='ltr'>Vico</span> <span class='ocrx_word' id='word_1_557' title='bbox 624 2709 810 2742; x_wconf 64' lang='lat' dir='ltr'>Civitatem</span> <span class='ocrx_word' id='word_1_558' title='bbox 837 2712 991 2740; x_wconf 82' lang='lat' dir='ltr'>nostram</span> <span class='ocrx_word' id='word_1_559' title='bbox 1014 2709 1278 2749; x_wconf 83' lang='lat' dir='ltr'>Viterbiensem,</span> <span class='ocrx_word' id='word_1_560' title='bbox 1307 2713 1341 2741; x_wconf 86' lang='lat' dir='ltr'>et</span> <span class='ocrx_word' id='word_1_561' title='bbox 1367 2709 1541 2741; x_wconf 81' lang='lat' dir='ltr'>Johannes</span> <span class='ocrx_word' id='word_1_562' title='bbox 1569 2710 1609 2742; x_wconf 86' lang='lat' dir='ltr'>de</span> <span class='ocrx_word' id='word_1_563' title='bbox 1636 2710 1824 2746; x_wconf 78' lang='lat' dir='ltr'>Malestret,</span> 
     </span>
     <span class='ocr_line' id='line_1_58' title="bbox 446 2751 1827 2795; baseline -0.001 -10"><span class='ocrx_word' id='word_1_564' title='bbox 446 2753 621 2793; x_wconf 81' lang='lat' dir='ltr'>Silvester,</span> <span class='ocrx_word' id='word_1_565' title='bbox 652 2752 860 2791; x_wconf 86' lang='lat' dir='ltr'>Bernardus,</span> <span class='ocrx_word' id='word_1_566' title='bbox 891 2752 1016 2784; x_wconf 86' lang='lat' dir='ltr'>Petrus</span> <span class='ocrx_word' id='word_1_567' title='bbox 1045 2751 1087 2783; x_wconf 88' lang='lat' dir='ltr'>de</span> <span class='ocrx_word' id='word_1_568' title='bbox 1115 2752 1259 2792; x_wconf 76' lang='lat' dir='ltr'>Lasaga.</span> <span class='ocrx_word' id='word_1_569' title='bbox 1293 2752 1531 2790; x_wconf 75' lang='lat' dir='ltr'>Guilhonetus,</span> <span class='ocrx_word' id='word_1_570' title='bbox 1563 2753 1720 2795; x_wconf 88' lang='lat' dir='ltr'>predicti,</span> <span class='ocrx_word' id='word_1_571' title='bbox 1752 2762 1827 2784; x_wconf 91' lang='lat' dir='ltr'>cum</span> 
     </span>
     <span class='ocr_line' id='line_1_59' title="bbox 440 2795 1822 2838; baseline -0.001 -10"><span class='ocrx_word' id='word_1_572' title='bbox 440 2796 612 2829; x_wconf 89' lang='lat' dir='ltr'>nonnullis</span> <span class='ocrx_word' id='word_1_573' title='bbox 636 2805 752 2829; x_wconf 90' lang='lat' dir='ltr'>eorum</span> <span class='ocrx_word' id='word_1_574' title='bbox 776 2795 1011 2838; x_wconf 83' lang='lat' dir='ltr'>complicibus,</span> <span class='ocrx_word' id='word_1_575' title='bbox 1037 2795 1166 2828; x_wconf 83' lang='lat' dir='ltr'>dictam</span> <span class='ocrx_word' id='word_1_576' title='bbox 1191 2795 1376 2828; x_wconf 83' lang='lat' dir='ltr'>Civitatem</span> <span class='ocrx_word' id='word_1_577' title='bbox 1398 2796 1627 2838; x_wconf 83' lang='lat' dir='ltr'>Anagninam,</span> <span class='ocrx_word' id='word_1_578' title='bbox 1654 2807 1693 2829; x_wconf 88' lang='lat' dir='ltr'>ac</span> <span class='ocrx_word' id='word_1_579' title='bbox 1718 2796 1822 2829; x_wconf 85' lang='lat' dir='ltr'>eciam</span> 
     </span>
    </p>
   </div>
   <div class='ocr_carea' id='block_1_3' title="bbox 1948 442 1987 2019">
    <p class='ocr_par' dir='ltr' id='par_1_3' title="bbox 1948 442 1987 2019">
     <span class='ocr_line' id='line_1_60' title="bbox 1948 442 1987 2019; baseline 0 0"><span class='ocrx_word' id='word_1_580' title='bbox 1948 442 1987 2019; x_wconf 95' lang='lat' dir='ltr'> </span> 
     </span>
    </p>
   </div>
  </div>
 </body>
</html>
