1987 3062
115 296 200 327 [A.D.

436 193 724 227 REGISTRUM
760 190 1216 226 COMMUNE—ANNO
1255 179 1316 226 7⁰.
1550 181 1640 226 371

263 298 384 338 viginti
414 308 504 328 acras
535 308 635 335 more,
667 308 745 328 cum
777 297 1000 337 pertinenciis,
1030 296 1065 327 in
1096 295 1347 333 Yeartecombe,
1380 306 1446 336 que
1476 297 1644 328 Robertus

117 330 234 360 ¹3⁷3'4·]
267 341 380 372 Peuke
397 341 491 372 dedit
509 341 672 371 Willelmo
690 341 801 371 Pouke
818 344 852 371 et
870 340 1028 380 Margerie
1047 340 1140 370 uxori
1156 340 1239 380 ejus,
1258 343 1292 370 et
1308 339 1486 370 heredibus
1509 341 1551 370 de
1575 351 1642 370 cor-

116 363 178 389 Vol.
194 364 218 389 1.

57 642 60 644 ’
116 646 164 672 fol.
177 647 209 672 65

268 385 401 425 poribus
424 385 571 425 ipsorum
599 384 752 415 Willelmi
777 388 811 414 et
834 384 993 424 Margerie
1016 383 1225 421 exeuntibus,
1251 386 1285 413 et
1309 393 1373 423 que
1399 388 1475 422 post
1499 387 1642 414 mortem

269 428 494 468 predictorum
535 427 692 458 Willelmi
729 431 764 457 et
806 427 974 467 Margerie,
1013 430 1047 457 et
1087 426 1321 464 Bartholomei,
1362 426 1420 456 filii
1458 428 1639 457 eorundem

271 471 427 502 willelmi
457 474 492 501 et
522 471 692 510 Margerie,
725 471 851 510 prefato
886 470 1035 507 Hem-ico,
1071 469 1138 500 filio
1170 470 1310 509 predicti
1339 470 1572 507 Bai-tholomei,
1609 473 1644 501 et

268 515 510 554 consanguineo
540 518 575 544 et
605 514 718 544 heredi
742 514 966 554 predictorum
998 513 1154 543 Willelmi
1178 517 1212 543 et
1243 513 1413 552 Margerie,
1444 513 1643 544 descendere

269 559 402 596 debent,
428 569 485 598 per
509 558 649 588 formam
681 557 871 588 donacionis
903 557 1061 597 predicte,
1093 560 1156 587 etc.
1209 557 1251 586 Et
1283 556 1372 586 unde
1404 556 1493 586 idem
1522 557 1639 586 Henri-

268 613 327 633 cus
350 601 430 632 dicit
453 601 542 640 quod
566 601 735 640 predictus
761 601 924 631 Robertus
947 600 1042 630 dedit
1065 600 1213 640 predicta
1229 603 1430 636 tenementa,
1447 610 1523 630 cum
1543 600 1642 639 perti-

269 645 402 684 nenciis,
415 644 552 684 pref¹tis
571 644 735 674 Willelmo
751 647 785 674 et
803 644 972 682 Margerie,
985 648 1019 673 et
1034 643 1213 673 heredibus
1230 643 1270 673 de
1287 643 1478 682 corporibus
1495 643 1643 683 ipsorum

269 688 428 720 willelmi
451 692 486 718 et
511 687 669 726 Margerie
693 687 919 724 exeuntibus3
943 697 1000 726 per
1023 686 1113 726 quod
1137 686 1263 716 donum
1280 686 1380 716 iidem
1398 686 1585 716 willelmus
1610 690 1643 717 et

269 732 430 771 Margeria
459 731 600 761 fuerunt
630 730 734 761 seisiti
764 731 805 760 de
837 730 1037 760 benemeritis
1068 729 1233 769 predictis,
1261 739 1337 759 cum
1362 729 1584 769 pertinenciis,
1609 730 1644 761 in

271 775 436 806 dominico
463 785 532 812 su0,
557 777 596 804 ut
619 774 659 804 de
683 774 779 804 feodo
803 777 837 803 et
859 773 943 813 jure,
978 784 1035 813 per
1058 773 1201 802 formam
1225 777 1360 811 tempore
1381 772 1471 811 pacis
1494 776 1644 813 tempore

271 818 406 850 Domini
430 818 528 858 Regis
551 828 641 848 nunc
663 817 857 856 capiendam
881 817 958 847 inde
974 816 1139 855 expletam
1158 817 1199 846 ad
1217 816 1408 853 valenciam,
1425 820 1484 846 etc.
1536 817 1580 846 Et
1603 817 1644 847 de

269 862 348 902 ipsis
367 861 529 892 Willelmo
552 864 587 891 et
609 860 769 900 Margeria
792 860 964 890 descendit
987 859 1052 899 jus,
1071 870 1128 899 per
1151 859 1302 896 formam,
1320 862 1371 889 etc
1386 883 1393 897 ,
1411 859 1541 889 cuidam
1568 861 1644 890 Bar-

271 905 448 943 tholomeo,
465 908 505 935 ut
522 904 588 934 filio
604 908 638 934 et
654 903 776 940 heredi,
794 907 855 933 etc.
907 903 952 933 Et
975 904 1015 933 de
1038 903 1109 942 ipso
1134 902 1367 932 Bartholomeo
1384 903 1554 933 descendit
1578 902 1644 943 jus,

271 960 328 989 per
345 949 495 985 formam,
513 952 588 984 etc.,
606 947 734 987 prefato
760 947 902 977 Heni-ico
925 946 982 987 qui
1005 956 1095 976 nunc
1119 946 1213 985 petit,
1232 949 1271 976 ut
1296 945 1361 975 filio
1385 949 1418 975 et
1442 946 1564 984 heredi,
1582 951 1642 978 etc.

271 993 317 1023 Et
333 1002 398 1032 que
414 994 490 1032 post
506 994 660 1028 mortem,
676 994 738 1021 etc.
786 991 831 1021 Et
846 990 936 1020 unde
952 990 1106 1029 producit
1122 993 1256 1027 sectam,
1274 994 1332 1018 etc.
1382 989 1427 1019 Et
1451 990 1645 1030 Episcopus,

271 1046 328 1076 per
345 1036 521 1074 Hugonem
539 1034 580 1064 de
595 1033 776 1074 VVestwyk,
790 1037 998 1064 attornatum
1016 1043 1124 1071 suum,
1138 1032 1229 1062 venit
1246 1036 1279 1062 et
1296 1032 1447 1062 defendit
1463 1032 1518 1072 jus
1535 1043 1644 1072 suum,

270 1079 414 1119 quando,
426 1081 486 1108 etc.
528 1078 572 1108 Et
589 1077 669 1107 dicit
685 1077 775 1117 quod
792 1077 961 1117 predictus
979 1076 1143 1106 Henricus
1161 1075 1261 1106 nichil
1277 1075 1361 1115 juris
1378 1075 1518 1106 clamare
1536 1080 1646 1115 potest

270 1123 303 1152 in
327 1121 528 1152 tenementis
552 1120 717 1161 predictis,
735 1121 813 1160 quia.
836 1121 917 1150 dicit
940 1119 1029 1160 quod
1054 1119 1189 1158 quidam
1215 1119 1395 1158 Gregorius
1418 1119 1459 1149 de
1478 1120 1644 1160 Wellyng-

271 1169 349 1196 tone
372 1168 407 1195 et
429 1164 584 1195 Jobanna
607 1174 691 1194 uxor
714 1163 787 1204 ejus
810 1163 950 1194 fuerunt
973 1162 1077 1193 seisiti
1101 1163 1142 1192 de
1165 1162 1366 1192 tenementis
1383 1163 1539 1202 predictis
1557 1174 1646 1194 nunc

270 1208 410 1248 petitis;
441 1208 475 1238 in
505 1217 647 1247 quorum
674 1207 876 1247 possessione
899 1207 1035 1246 quidam
1068 1206 1234 1236 Robertus
1258 1205 1379 1243 Pouke,
1408 1217 1551 1245 proavus
1574 1217 1646 1246 pre-

271 1251 353 1282 dicti
370 1251 515 1288 Henrici,
532 1250 629 1291 cujus
644 1250 739 1281 heres
754 1251 823 1290 ipse
840 1253 899 1288 est,
917 1260 975 1289 per
991 1249 1158 1289 quoddam
1177 1249 1345 1288 Scriptum
1362 1259 1461 1279 suum
1486 1250 1648 1280 concessit

272 1299 307 1325 et
332 1293 540 1325 confirmavit
566 1293 691 1324 eisdem
719 1294 876 1333 Gregorio
903 1296 938 1323 et
964 1292 1126 1328 Johanne,
1152 1295 1185 1322 et
1209 1292 1387 1322 heredibus
1410 1296 1445 1322 et
1471 1293 1646 1332 assignatis

271 1338 376 1378 ipsius
392 1337 551 1377 Gregorii,
569 1340 680 1367 totum
697 1340 929 1367 tenementum
947 1346 1047 1366 suum
1063 1336 1096 1365 iu
1114 1335 1351 1375 Powkeheghe,
1370 1335 1403 1365 in
1422 1336 1568 1366 Manerio
1585 1347 1645 1367 suo

272 1382 314 1411 de
331 1380 537 1418 Ertecombe,
554 1390 630 1410 cnm
646 1380 868 1420 pertinenciis,
885 1389 950 1419 que
966 1382 1046 1409 sunt
1062 1379 1175 1408 eadem
1201 1382 1393 1408 tenementa
1416 1389 1505 1409 nunc
1530 1380 1644 1419 petita,

271 1428 348 1462 etc.,
366 1427 400 1454 et
415 1423 573 1463 obligavit
589 1433 623 1453 se
640 1426 673 1453 et
696 1423 833 1453 heredes
857 1433 933 1453 suos
956 1422 998 1452 ad
1015 1422 1299 1452 warantizandum
1326 1422 1462 1461 prefatis
1488 1423 1645 1462 Gregorio

271 1471 306 1499 et
330 1467 490 1505 Johanne,
508 1471 543 1497 et
565 1466 742 1497 heredibus
766 1470 800 1496 et
823 1466 997 1505 assignatis
1020 1465 1122 1505 ipsius
1148 1465 1306 1505 Gregorii,
1324 1468 1436 1496 totum
1456 1466 1644 1505 predictum

274 1513 512 1548 tenementum,
530 1520 605 1540 cum
624 1509 843 1549 pertinenciis,
861 1519 1003 1549 quorum
1021 1512 1148 1539 statum
1172 1508 1241 1548 ipse
1265 1508 1365 1538 habet
1388 1508 1422 1538 in
1447 1510 1646 1540 tenementis

272 1553 437 1594 predictis,
455 1556 517 1583 etc.
567 1553 612 1583 Et
636 1553 762 1593 profert
784 1552 837 1583 hic
860 1553 893 1583 in
912 1552 1012 1583 Curia
1029 1551 1216 1591 predictum
1235 1552 1414 1591 Scriptum,
1432 1552 1495 1582 sub
1512 1553 1645 1583 nomine

270 1596 411 1637 predicti
429 1596 573 1633 Roberti,
591 1596 832 1626 concessionem
850 1599 883 1626 et
899 1595 1184 1626 confirmacionem
1210 1597 1244 1624 et
1260 1595 1455 1625 war-<inciam
1479 1596 1645 1635 predictas

271 1640 451 1671 testificans
482 1640 515 1669 in
547 1639 654 1669 forma
685 1640 840 1679 predicta,
869 1642 930 1670 etc.
980 1639 1024 1668 Et
1054 1638 1135 1668 dicit
1165 1639 1253 1678 quod
1282 1639 1452 1678 predictus
1480 1639 1646 1670 Robertus

269 1683 473 1714 moriebatur
490 1683 622 1713 vivente
637 1683 787 1723 predicto
803 1682 970 1722 Gregorio,
988 1685 1022 1712 et
1039 1682 1084 1711 sic
1101 1681 1262 1711 warancia
1278 1681 1434 1721 predicta,
1461 1685 1542 1713 tunc
1560 1683 1645 1713 bona

270 1731 304 1757 et
331 1726 521 1764 affectualis,
549 1729 610 1757 ete.
658 1726 757 1757 Unde
784 1726 871 1766 petit
896 1725 1060 1764 judicium
1086 1725 1113 1755 si
1142 1725 1310 1764 predictus
1340 1725 1504 1756 Henricus
1531 1730 1646 1756 contra

270 1770 440 1809 Scriptum
464 1769 678 1799 antecessoris
695 1769 843 1809 predicti,
862 1769 952 1808 quod
977 1768 1230 1808 comprehendit
1253 1769 1459 1806 waranciam,
1477 1770 1644 1800 accionem

268 1823 384 1845 versus
399 1823 477 1843 eum
492 1812 615 1843 habere
631 1812 761 1843 debeat.
811 1813 856 1843 Et
881 1812 1046 1842 Henricus
1069 1811 1152 1842 dicit
1174 1811 1264 1851 quod
1287 1811 1356 1851 ipse
1372 1822 1432 1851 per
1447 1813 1650 1853 preallegata

268 1857 310 1888 ab
326 1856 456 1887 accione
473 1866 531 1886 sua
547 1856 581 1886 in
598 1856 660 1886 hac
675 1860 772 1896 parte
788 1855 938 1895 precludi
953 1865 1019 1885 non
1043 1855 1153 1893 debet,
1171 1855 1250 1894 quia
1274 1855 1356 1885 dicit
1379 1856 1469 1895 quod
1494 1859 1646 1896 tempore

267 1899 485 1931 confeccionis
501 1899 653 1940 ejusdem
671 1899 793 1939 Scripti
816 1899 959 1939 predicti
976 1898 1154 1938 Gregorius
1177 1901 1213 1929 et
1229 1898 1249 1928 J
1253 1898 1383 1928 ohanna
1399 1899 1501 1929 nichil
1524 1899 1646 1930 habue-

267 1947 351 1975 runt
366 1943 399 1974 in
417 1943 621 1974 tenementis
637 1943 795 1982 predictis
809 1953 818 1980 ;
841 1945 877 1973 et
900 1942 961 1972 hoc
984 1945 1123 1982 paratus
1146 1946 1198 1972 est
1214 1942 1393 1972 verificare.
1443 1943 1542 1973 Unde
1558 1944 1647 1983 petit

267 1987 443 2028 judicium,
459 1989 523 2017 etc.
570 1986 615 2016 Et
630 1986 802 2026 predictus
818 1985 1001 2025 Episcopus
1024 1985 1106 2015 dicit
1129 1985 1219 2025 quod
1242 1985 1385 2025 predicti
1409 1985 1588 2025 Gregorius
1612 1991 1648 2017 et

267 2031 422 2062 Johanna
439 2030 578 2060 fuerunt
591 2029 696 2060 seisiti
712 2030 753 2060 de
770 2029 973 2060 tenementis
996 2028 1164 2068 predictis,
1188 2038 1266 2058 cum
1290 2029 1515 2068 pertinenciis,
1542 2033 1582 2061 ut
1605 2030 1647 2060 de

267 2075 372 2105 libero
382 2076 591 2108 tenemento,
616 2076 693 2111 etc.,
717 2076 868 2112 tempore
891 2072 1109 2102 confeccionis
1132 2071 1255 2111 Scripti
1278 2072 1430 2112 predicti,
1454 2076 1556 2112 prout
1579 2073 1649 2113 ipse

267 2117 421 2157 superius
437 2116 601 2156 allegavit.
660 2117 706 2147 Et
721 2116 783 2146 hoc
800 2115 972 2156 pretendit
987 2115 1155 2145 verificare
1173 2125 1230 2154 per
1247 2115 1400 2154 patriam.
1459 2117 1505 2146 Et
1521 2117 1647 2156 predic-

269 2164 326 2192 tus
343 2159 509 2191 Henricus
525 2159 689 2191 similiter.
735 2159 815 2190 Ideo
832 2162 1026 2198 preceptum
1045 2161 1096 2189 est
1111 2158 1308 2189 Vicecomiti
1325 2159 1415 2198 quod
1431 2160 1544 2189 venire
1561 2160 1647 2190 face-

269 2208 323 2235 ret
338 2204 402 2240 hic,
417 2203 450 2234 in
469 2203 604 2233 Octabis
621 2203 743 2233 Sancte
759 2202 945 2238 Trinitatis,
963 2201 1023 2241 xij,
1042 2205 1118 2239 etc.,
1136 2211 1196 2241 per
1211 2211 1304 2241 quOS,
1321 2206 1387 2232 etc.
1434 2202 1479 2232 Et
1496 2203 1553 2242 qui
1578 2214 1648 2240 nec,

269 2252 345 2285 etc.,
361 2247 402 2277 ad
419 2246 731 2285 recognoscendum,
748 2249 810 2276 etc.
872 2245 956 2283 Quia
972 2248 1053 2282 tam,
1069 2248 1133 2275 etc.
1195 2244 1325 2281 Postea,
1352 2245 1548 2276 continuato
1572 2247 1649 2277 inde

270 2291 430 2322 Processu
455 2290 545 2320 inter
575 2289 692 2320 Partes
716 2289 882 2328 predictas
908 2298 967 2328 per
989 2287 1122 2328 jurat-os
1151 2287 1277 2327 positos
1310 2288 1344 2318 in
1374 2292 1565 2328 respectum
1596 2290 1650 2320 hic

270 2343 377 2374 usque
393 2333 435 2363 ad
450 2332 542 2363 hunc
557 2332 656 2370 diem,
673 2332 799 2362 scilicet
814 2342 833 2362 a
849 2332 911 2362 Die
930 2331 1053 2361 Pasche
1068 2331 1103 2361 in
1120 2341 1163 2360 xv
1179 2331 1258 2368 dies,
1276 2331 1375 2361 Anno
1391 2332 1497 2371 Regni
1516 2333 1650 2363 Domini

271 2376 371 2416 Regis
386 2386 476 2406 nunc
495 2375 613 2415 Anglie
629 2375 905 2416 quinquagesimo
920 2373 1042 2413 [1376]‚
1058 2374 1120 2404 nisi
1138 2374 1158 2404 J
1163 2374 1324 2404 usticiarii
1340 2375 1476 2405 Domini
1494 2376 1592 2415 Regis
1607 2377 1651 2407 ad

272 2421 408 2458 Assisas,
425 2422 500 2456 etc.,
517 2419 570 2449 die
586 2419 682 2449 Lune
697 2419 848 2458 proximo
870 2422 950 2448 ante
974 2418 1114 2448 Festum
1131 2418 1331 2448 Sanctarum
1348 2418 1515 2458 Perpetue
1537 2423 1572 2449 et
1591 2420 1648 2450 Fe-

269 2462 406 2494 licitatis
421 2463 453 2503 [3
471 2460 614 2501 March]‚
639 2462 728 2502 apud
745 2461 919 2498 Exoniam,
941 2461 1043 2500 prius,
1067 2463 1130 2491 etc.
1187 2461 1233 2491 Et
1256 2461 1354 2491 modo
1378 2462 1420 2491 ad
1448 2461 1538 2492 hunc
1561 2463 1649 2494 diem

270 2507 325 2537 hic
340 2506 482 2537 veniunt
505 2506 631 2543 Partes,
655 2508 718 2536 etc.
766 2505 810 2535 Et
833 2505 854 2535 J
859 2504 1018 2535 usticiarii
1040 2503 1083 2533 ad
1108 2503 1244 2540 Assisas,
1269 2507 1347 2541 etc.;
1381 2515 1491 2535 coram
1515 2506 1648 2545 quibus,

271 2553 349 2588 etc.,
365 2549 532 2580 miserunt
546 2548 600 2578 hic
614 2548 791 2579 recordum
804 2557 916 2585 suum,
930 2547 963 2578 in
981 2547 1041 2577 hec
1056 2547 1167 2577 verba.
1217 2547 1347 2585 Postea,
1360 2547 1412 2577 die
1428 2551 1463 2578 et
1479 2549 1550 2579 loco
1562 2549 1651 2580 infra

271 2592 451 2630 contentis,
477 2601 585 2622 coram
612 2592 755 2622 Henrico
781 2591 946 2631 Percehay
962 2594 997 2620 et
1012 2590 1160 2620 waltero
1183 2589 1225 2620 de
1249 2590 1422 2630 Cloptonc,
1449 2592 1650 2623 Justieiariis

273 2635 409 2666 Domini
424 2635 531 2675 Regis,
549 2634 591 2665 ad
606 2635 744 2673 Assisas,
760 2637 837 2671 etc.,
854 2634 948 2664 venit
972 2633 1147 2669 Henricus,
1165 2633 1252 2663 filius
1276 2634 1503 2665 Bartholomei
1526 2636 1648 2674 Pouke,

270 2679 359 2710 infra
374 2679 577 2716 nominatus,
593 2678 628 2708 in
643 2678 777 2718 propria
793 2687 933 2718 persona
948 2687 1008 2707 sua
1023 2688 1032 2714 ;
1055 2680 1090 2707 et
1106 2677 1261 2714 Thomas,
1278 2677 1461 2717 Episcopus
1486 2679 1650 2710 Exonien-

270 2723 324 2761 sis,
335 2732 395 2762 per
406 2722 569 2752 'rhomam
581 2721 675 2760 Tine,
687 2724 899 2752 attornatum
912 2730 1023 2756 suum,
1033 2720 1144 2757 venit3
1161 2724 1196 2750 et
1208 2720 1228 2751 J
1233 2721 1321 2751 urati
1334 2721 1488 2752 similiter
1500 2723 1651 2762 veniunt,

272 2766 340 2807 qui,
357 2765 400 2796 ad
415 2765 478 2795 hoc
492 2764 601 2804 electi,
614 2765 719 2804 triati,
735 2767 771 2796 et
785 2764 900 2806 jurati,
917 2763 1036 2795 dicunt
1051 2773 1152 2804 super
1174 2766 1422 2795 sacramentum
1441 2775 1540 2796 suum
1562 2766 1653 2807 quod

394 2807 496 2858 2A2
