1987 3062
459 276 743 312 REGISTRUM
769 275 1227 313 COMMUNE—ANNO
1257 267 1348 313 14⁰.
1566 266 1659 313 507

121 381 195 406 ΑΔΒ·
270 381 429 412 facturus
453 384 487 412 et
513 389 717 421 recepturus
742 383 778 412 in
804 382 982 422 premissis
1014 385 1049 412 et
1080 392 1121 412 ea
1146 383 1372 419 tangentibus
1400 382 1490 422 quod
1517 382 1659 422 justicia

120 416 222 473 {7333'14'
271 427 440 456 suadebit.
500 426 543 455 Et
563 427 645 465 quid
673 427 827 457 feceritis
853 427 888 456 in
912 427 1090 466 premissis
1115 427 1275 457 omnibus
1300 427 1500 457 certificetis
1525 427 1657 456 dictum

175 467 181 473 ⁴
210 467 216 472 '
270 473 430 500 nostrum
449 470 648 507 Officialem,
666 473 726 500 aut
744 471 827 501 dicti
843 471 1046 501 Consistorii
1067 471 1177 500 nostri
1196 471 1400 500 Exoniensis
1418 471 1656 500 Presidentem

273 524 534 553 quemcumque,
552 525 613 553 per
629 519 774 549 vestras,
792 518 868 549 etc..
887 525 946 545 seu
968 515 1136 545 certificet
1160 515 1217 544 ille
1242 521 1398 544 vestrum
1423 515 1480 554 qui
1504 524 1658 554 presens,

274 558 499 589 etc.—Dated
516 562 552 588 at
571 558 775 598 Chudleigh‚
795 560 834 589 18
851 560 1018 599 January.

233 628 465 665 llfracombe
481 642 489 673 3
520 628 695 664 Mofnicio
711 642 758 664 ne
770 627 879 676 fiant
895 627 1184 676 Ἰη(3900ἱαοίἶοηεᾞ
1198 628 1256 664 vel
1271 628 1455 665 nundine
1472 628 1517 665 in
1536 628 1658 666 Uimi<

283 682 377 719 {erio
398 683 442 719 de
462 682 490 718 I
489 682 743 730 lfrz'decombe,

231 738 391 775 Thomas,
409 740 485 773 etc.,
503 737 640 767 dilectis
665 738 744 767 filiis
771 735 886 776 [space
910 747 976 766 uns
1003 737 1059 775 left
1086 737 1158 766 here
1176 738 1232 775 for
1256 737 1309 766 the
1332 735 1478 777 names]
1497 738 1657 777 salutem,

275 781 486 818 etc.-—Cum7
519 781 709 812 secundum
744 781 936 811 Canonicas
970 781 1177 811 Sancciones
1208 784 1242 810 et
1277 781 1483 811 Sanctorum
1513 782 1657 812 Patrum

278 825 419 855 Statuta
436 826 471 854 in
488 826 552 855 hac
569 828 668 864 parte
686 826 752 855 rite
769 825 872 862 edita,
891 825 926 854 111
953 825 1116 855 Ecclesiis
1141 835 1328 864 earumque
1348 825 1537 856 Cimiteriis
1554 837 1657 865 nego-

276 870 447 899 ciaciones
459 880 604 907 cessare,
618 872 652 899 et
665 869 827 908 precipue
845 869 1080 898 nundinarum
1092 879 1131 899 ac
1144 869 1211 898 fori
1224 869 1472 909 cujuscumque
1486 871 1658 901 tumultus

276 914 389 943 omnis
406 914 441 942 in
458 914 507 943 eis
533 914 739 943 secularium
763 913 972 952 judiciorum
999 913 1165 952 strepitus
1189 914 1442 952 conquiescere,
1460 915 1555 943 nulla
1572 915 1657 944 inibi

277 968 381 988 causa
393 968 454 996 per
471 958 585 993 laicos,
604 957 794 987 criminalis
812 957 972 991 maxime,
990 957 1044 995 agi
1060 957 1219 994 debeant,
1238 960 1290 987 set
1311 960 1391 987 sunt
1409 958 1481 988 loca
1500 959 1621 988 eadem
1639 970 1659 988 a

276 1002 442 1031 laicorum
452 1001 711 1040 cognicionibus
722 1001 833 1031 aliena
845 1015 851 1037 ;
866 1001 955 1040 quod
965 1001 1083 1030 volens
1092 1001 1261 1031 Dominus
1269 1002 1396 1031 Jhesus
1406 1002 1575 1039 Christus,
1585 1006 1658 1032 tam

277 1046 391 1075 verbis
408 1055 510 1084 quam
536 1045 707 1084 operibus,
726 1045 922 1084 specialiter
940 1045 1133 1083 designare,
1152 1045 1287 1083 flagello
1310 1045 1404 1075 facto
1422 1046 1463 1075 de
1481 1047 1656 1085 funiculis,

277 1092 433 1119 ementes
460 1092 495 1119 et
522 1089 713 1119 vendentes
745 1089 848 1129 ejecit
880 1089 921 1118 de
954 1089 1106 1127 Templo,
1139 1099 1342 1119 asseverans
1374 1090 1524 1119 Domum
1553 1091 1658 1120 Suam

278 1134 427 1163 Domum
441 1133 515 1163 fore
530 1133 719 1170 Oracionis,
731 1139 766 1162 et
777 1144 838 1172 per
849 1133 918 1162 tale
930 1133 1176 1162 commercium
1194 1133 1325 1163 factam
1336 1134 1444 1163 fuisse
1457 1135 1657 1173 speluncam

276 1178 470 1213 latronum3
494 1177 662 1214 nonnulli,
685 1180 814 1213 tamen,
839 1177 880 1206 de
906 1177 1051 1207 diversis
1076 1177 1254 1207 Parochiis
1278 1178 1322 1207 ad
1347 1178 1537 1208 Ecclesiam
1556 1179 1658 1209 Paro-

277 1222 423 1251 chialem
449 1222 489 1251 cle
513 1221 758 1251 Ilfridecombe
776 1227 810 1251 et
836 1221 1055 1251 Cimiterium
1078 1221 1233 1261 ejusdem
1257 1222 1482 1255 confluentes,
1499 1224 1657 1261 negocia-

276 1266 458 1305 cionesque
476 1265 630 1295 diversas
647 1268 681 1295 et
701 1265 816 1295 forum
834 1265 869 1294 in
893 1265 1023 1295 eisdem
1048 1265 1201 1295 Ecclesia
1219 1270 1253 1295 et
1272 1266 1451 1296 Cimiterio
1468 1277 1657 1306 excercere,

276 1310 406 1339 Diebus
423 1310 613 1339 Dominicis
637 1312 671 1339 et
697 1309 854 1346 Festivis,
873 1319 912 1339 ac
936 1309 1021 1338 inibi
1047 1310 1237 1339 tumultum
1262 1310 1377 1339 facere
1401 1321 1470 1340 non
1487 1314 1658 1349 verentes,

275 1353 401 1383 Divina
419 1353 538 1383 Officia
554 1354 589 1382 in
607 1354 727 1383 eadem
753 1354 855 1383 dictis
880 1353 1008 1383 Diebus
1033 1354 1238 1383 celebranda
1263 1354 1459 1393 impediunt
1476 1358 1606 1385 temere
1624 1359 1658 1385 et

277 1397 417 1437 injuste,
429 1397 465 1426 in
482 1397 675 1426 animarum
696 1407 836 1427 suarum
854 1398 985 1436 grande
1002 1397 1194 1436 periculum
1212 1405 1246 1427 et
1263 1398 1409 1427 aliorum
1423 1399 1657 1437 perniciosum

278 1442 484 1480 exemplum.
531 1441 612 1478 Nos,
630 1451 721 1478 vero,
738 1441 938 1480 hujusmodi
964 1441 1089 1471 delicta
1116 1442 1179 1471 sub
1204 1442 1484 1472 dissimulacione
1508 1444 1657 1473 tolerare

278 1485 424 1515 ulterius
441 1485 707 1515 conniventibus
724 1486 831 1515 oculis
847 1495 914 1514 non
934 1485 1100 1519 valentes,
1118 1485 1215 1515 vobis
1232 1486 1445 1525 conjunctim
1464 1490 1497 1516 et
1515 1488 1659 1517 cuilibet

278 1535 432 1559 vestrum
451 1529 599 1566 divisim,
617 1532 692 1565 etc.⁷
711 1529 918 1558 mandamus
936 1529 1110 1568 quatinus,
1129 1529 1244 1566 semel⁷
1263 1530 1424 1567 secundo,
1442 1534 1475 1560 et
1493 1532 1601 1561 tercio
1618 1542 1658 1562 ac

278 1573 520 1612 peremptorie.
531 1573 567 1601 in
581 1583 707 1609 genere
723 1573 878 1611 legitime
895 1573 1076 1608 moneatis,
1095 1576 1128 1602 et
1146 1573 1332 1603 efficaciter
1342 1575 1526 1613 inducatis,
1538 1586 1658 1606 omnes

277 1620 312 1647 et
330 1618 483 1656 singulos
500 1617 535 1646 in
554 1617 646 1646 dicta
664 1616 818 1647 Ecclesia
834 1620 894 1646 aut
912 1617 1091 1646 Cimiterio
1108 1617 1264 1656 ejusdem
1282 1619 1553 1656 nogociaciones,
1570 1630 1656 1649 nun-

278 1661 388 1695 dinas,
406 1671 465 1691 seu
482 1661 597 1690 forum
623 1671 791 1695 exercere,
809 1665 868 1690 aut
893 1661 1006 1700 aliqua
1031 1661 1257 1691 mercimonia
1281 1672 1395 1692 emere
1420 1673 1480 1692 seu
1497 1664 1656 1702 vendere,

278 1706 536 1744 tumultumque
552 1705 618 1734 fori
644 1705 892 1744 cujuscumque
917 1704 1032 1734 facere
1057 1708 1250 1739 consuetos,
1268 1706 1360 1735 infra
1385 1707 1503 1736 decem
1522 1708 1655 1737 dierum

278 1749 432 1787 spacium
458 1759 478 1778 a.
501 1753 657 1787 tempore
684 1749 888 1778 Monicionis
918 1754 1033 1779 vestre
1058 1749 1221 1779 continue
1247 1751 1512 1788 numerandum,
1538 1762 1557 1781 a
1581 1762 1655 1791 pre-

276 1793 392 1823 missis
408 1793 643 1822 nundinarum
669 1799 703 1822 et
727 1793 793 1822 fori
818 1793 1006 1823 excercicio
1023 1797 1057 1823 et
1081 1794 1245 1829 tumultu7
1263 1794 1298 1823 in
1324 1795 1426 1824 dictis
1452 1795 1606 1826 Ecclesia
1622 1799 1657 1826 et

279 1837 458 1867 Cimiterio
490 1837 563 1867 fieri
596 1837 717 1874 solitis,
750 1840 885 1867 cessent
916 1837 1056 1876 penitus
1088 1842 1122 1867 et
1154 1838 1334 1876 desistant,
1360 1839 1445 1868 talia
1475 1840 1516 1869 de
1541 1845 1657 1870 cetero

277 1891 455 1911 excercere
483 1886 543 1910 aut
568 1881 683 1911 facere
711 1881 746 1910 in
771 1881 856 1911 locis
887 1881 1053 1919 predictis
1084 1881 1284 1912 nullatenus
1315 1886 1565 1921 presumentes,
1593 1885 1657 1914 sub

277 1925 657 1955 Excommunicacionis
684 1925 826 1965 Majoris
851 1935 940 1964 pena
971 1925 1007 1954 in
1039 1926 1352 1961 contravenientes,
1373 1928 1656 1966 contradictores,

279 1979 338 1999 seu
375 1970 520 1999 rebelles
552 1969 587 1998 in
619 1969 684 1999 hac
715 1973 814 2008 parte
853 1980 1086 2008 quoscumque
1118 1980 1187 1999 non
1220 1970 1395 2000 immerito
1426 1971 1656 2002 fulminande.

278 2013 450 2052 Alioquin,
483 2014 511 2043 si
543 2023 627 2052 quos
658 2013 858 2053 hujusmodi
897 2013 1148 2043 Monicionibus
1180 2015 1306 2044 vestris
1338 2016 1588 2053 contravenire,
1621 2020 1655 2046 et.

276 2057 406 2087 eisdem
419 2068 540 2096 parere
550 2057 749 2096 repereritis
762 2068 831 2086 non
848 2060 1020 2095 curantes,
1036 2057 1256 2087 Sentenciam
1275 2058 1656 2089 Excommunicacionis

278 2101 430 2141 Majoris,
442 2101 534 2131 dicta
547 2101 719 2131 Canonica
739 2102 931 2131 Monicione
948 2101 1126 2140 premissa,
1144 2102 1178 2131 in
1197 2102 1335 2132 eosdem
1354 2103 1523 2133 studeatis
1540 2104 1655 2134 debite

276 2146 507 2184 promulgare.
554 2145 608 2174 Ad
632 2156 696 2184 que
720 2145 890 2184 premissa
906 2145 1067 2175 facienda
1082 2146 1189 2181 vobis,
1207 2147 1440 2177 communiter
1455 2150 1489 2177 et
1507 2148 1655 2186 divisim,

276 2189 528 2219 committimus
544 2189 636 2218 vices
652 2192 800 2226 nostras,
818 2200 895 2219 cum
920 2189 1105 2228 cujuslibet
1122 2190 1336 2220 cohercionis
1354 2191 1526 2221 Canonice
1542 2195 1655 2231 potes-

278 2236 360 2263 tate.
409 2233 454 2262 Et
477 2233 558 2272 quid
583 2233 618 2261 in
642 2233 821 2271 premissis
843 2233 998 2262 feceritis
1022 2244 1094 2266 1103,
1119 2233 1208 2263 citra
1233 2234 1373 2264 Festum
1400 2235 1540 2273 Pasche,
1564 2247 1654 2265 com-

123 2275 168 2300 fol-
183 2274 258 2300 1131).
279 2277 431 2306 muniter
443 2277 496 2306 vel
514 2277 662 2313 divisim,
680 2277 794 2306 debite
812 2277 1022 2315 certificetiS,
1037 2277 1258 2307 Presencium
1273 2289 1351 2308 cum
1365 2280 1655 2310 tenore.—>Dated

273 2324 309 2352 at
327 2321 531 2360 Chudleigh,
550 2321 590 2350 18
606 2321 627 2351 J
629 2330 774 2360 anuary.

230 2386 401 2435 Colyton
417 2399 425 2431 3
456 2385 666 2422 stema-acio
699 2384 895 2433 Sequeslri
928 2384 1151 2433 interpositi
1185 2385 1230 2422 in
1250 2387 1456 2434 fructibus
1488 2388 1653 2425 Ecclesie

282 2439 532 2476 Parochialis
551 2440 594 2476 de
618 2439 868 2486 Colytone‚-—

233 2495 392 2529 Thomas,
424 2498 500 2531 cte,
527 2495 664 2524 Decano
689 2494 730 2523 de
757 2494 953 2532 Honytone,
979 2496 1013 2523 et
1039 2494 1220 2533 Perpetuis
1244 2495 1392 2525 Vicariis
1418 2497 1651 2527 Ecclesiarum

277 2539 530 2569 Parochialium
550 2539 590 2568 de
610 2538 734 2567 Setone
752 2540 786 2567 et
798 2538 1040 2577 Axemynstre‚
1053 2539 1211 2576 salutem,
1226 2540 1426 2570 ete—Cum
1444 2551 1506 2571 nos
1523 2541 1558 2571 in
1576 2553 1651 2572 nos-

277 2583 341 2613 tris
359 2583 509 2612 Civi'tate
527 2586 561 2612 et
579 2582 724 2619 Diocesi,
742 2582 818 2621 jure
836 2582 1020 2617 ordinario,
1038 2592 1099 2620 per
1115 2593 1178 2612 nos
1202 2586 1236 2612 et
1257 2586 1370 2614 certos
1389 2585 1652 2616 Commissarios

276 2630 423 2663 nostros⁷
441 2627 484 2656 ad
502 2627 566 2656 hoc
583 2637 602 2656 a
618 2626 718 2656 nobis
734 2626 889 2664 legitime
907 2625 1101 2664 deputatos,
1120 2626 1343 2657 Visitacionis
1361 2628 1517 2658 Officium
1537 2630 1651 2659 debite

275 2674 506 2707 excercentes,
523 2670 615 2700 inter
632 2673 747 2700 cetera
764 2670 947 2699 nonnullos
964 2670 1122 2700 defectus
1140 2670 1175 2699 in
1193 2670 1354 2701 Cancello
1372 2672 1524 2703 Ecclesie
1550 2674 1650 2703 Paro-

276 2715 398 2744 chialis
420 2715 462 2743 de
487 2714 655 2752 Colytone
682 2714 815 2743 notorie
839 2713 1072 2751 imminentes,
1091 2724 1130 2743 ac
1154 2715 1376 2753 reparacione
1400 2719 1435 2746 et
1459 2716 1651 2747 refeccione

275 2758 471 2788 necessaria
499 2758 706 2796 indigentes,
733 2758 790 2796 qui
822 2757 878 2786 vix
905 2767 983 2787 cum
1015 2768 1059 2786 xv
1090 2758 1187 2787 libris
1220 2759 1467 2797 sterlingorum
1499 2771 1650 2799 congrue

273 2805 438 2841 poterunt
455 2802 619 2840 reparari,
633 2802 864 2840 comperimus
878 2801 1081 2837 manifeste;
1099 2811 1243 2840 quorum
1259 2803 1458 2833 defectuum
1473 2806 1652 2836 occasione

276 2845 422 2884 fructus,
440 2846 605 2884 redditus,
623 2851 657 2875 et
674 2847 863 2885 proventus
879 2845 1014 2884 prefate
1028 2845 1181 2875 Ecclesie
1195 2846 1236 2876 de
1251 2846 1429 2887 Colytone,
1442 2848 1479 2878 in
1491 2859 1651 2888 quorum·
