1987 3062
292 232 384 276 308

291 343 368 369 A.D.

293 376 366 403 1373.

291 410 352 436 Vol.
367 410 391 437 1.

288 1180 339 1206 fol.

289 1214 349 1239 381).

395 1179 623 1227 Winkleigh
640 1191 650 1225 3

398 1233 555 1269 Thomas,
572 1235 646 1268 etc„
671 1232 809 1263 Officiali
826 1234 939 1262 nostre
956 1231 1134 1262 Peculiaris
1151 1231 1171 1262 J
1177 1231 1401 1262 nrisdiccionis
1425 1231 1456 1261 in
1484 1230 1641 1266 Devonia,
1670 1229 1823 1268 salutem,

398 2259 552 2291 Thomas.
584 2262 658 2297 etc„
688 2259 831 2290 Domino
861 2259 1008 2290 Johanni
1037 2260 1247 2299 Beawmond,

490 243 589 276 THE
624 243 866 276 REGISTER
902 243 963 275 OF
998 242 1174 276 BISHOP
1209 241 1613 275 BRANTYNGHAM.

446 346 635 377 Libertates
659 348 772 377 nostre
801 345 1010 377 cathedralis
1036 345 1179 375 Ecclesie
1206 344 1403 375 Exoniensis
1429 344 1462 375 in
1490 344 1551 375 hae
1575 347 1680 385 parte,
1700 346 1817 375 contra

445 389 589 420 formam
604 389 789 429 juramenti
806 389 857 419 sui
874 389 968 419 nobis
984 388 1126 428 prestiti,
1144 388 1300 428 nequiter
1317 388 1478 419 violando.
1529 388 1689 426 Quocirca
1713 387 1815 425 vobis,

442 435 516 469 ete„
541 433 738 463 mandamus
762 432 922 472 quatinus
953 431 1073 470 citetis,
1098 441 1156 462 seu
1180 442 1268 462 unus
1291 434 1442 462 vestrum
1465 431 1556 470 citet,
1581 431 1817 472 peremptorie,

444 476 614 515 prefatum
648 476 848 512 Gilbertum,
879 485 1007 505 necnon
1039 475 1200 505 Dominos
1230 475 1447 513 Willelmum,
1474 475 1516 505 de
1541 475 1757 512 Heawntone,
1782 476 1818 504 et

446 519 663 549 Edmundum
694 517 808 557 [Hale]
839 518 880 548 (le
911 518 1136 556 Pam-ecombe,
1169 518 1390 548 Ecclesiarum
1424 519 1589 556 Rectores,
1616 519 1819 548 Executores

443 562 651 593 Testamenti
674 562 755 592 dicti
782 561 912 592 Ricardi
927 562 961 592 in
977 561 1081 600 ipsius
1107 562 1324 592 Testamento
1347 561 1545 597 nominatos,
1574 560 1664 601 quod
1687 570 1817 599 compa-

444 608 541 636 reant
570 615 680 636 coram
712 605 816 642 nobis,
848 607 883 635 et
912 605 1055 644 quilibet
1086 615 1201 636 eorum
1231 614 1290 644 per
1315 614 1349 635 se
1373 606 1575 644 compareat,
1609 604 1642 634 in
1674 603 1820 634 Ecclesia

445 648 667 680 Conventuali
698 648 892 678 Monasterii
923 648 1152 688 'lavystochie,
1183 648 1237 678 die
1268 648 1362 678 Lune
1393 647 1544 687 pioxima
1574 651 1650 687 post
1680 647 1818 677 Festum

444 692 668 723 Exaltacionis
685 692 806 722 Sancte
824 692 867 722 C1
871 701 938 722 ucis
956 702 1106 731 p10x1m0
1121 691 1190 731 jam
1208 691 1389 721 futurum·
1383 715 1390 729 ,
1407 691 1567 730 prefatus,
1584 700 1671 728 v,er0
1692 689 1819 720 Gilber-

444 738 509 773 tus,
528 735 683 766 Officialis
698 739 884 775 pretensuS,
901 745 1001 774 super
1017 735 1184 775 premissis
1209 734 1364 774 13e1··‚ju1i0
1389 737 1596 773 contemptu,
1613 736 1649 764 et
1672 733 1819 763 inobedi-

443 779 535 809 encia
547 779 609 809 sibi
620 782 702 809 tunc
714 778 893 808 obiciendis
904 782 938 808 et
950 778 1165 827 exponendis,
1180 777 1274 808 nobis
1286 788 1327 808 ex
1339 778 1452 808 Officio
1465 782 1579 807 nostro
1591 786 1819 816 responsurus,

442 832 480 852 ac
511 821 552 852 de
583 822 725 852 veritate
755 821 906 859 dicenda,
939 821 966 851 si
997 825 1159 860 oporteat,
1194 821 1413 861 personaliter
1449 820 1636 861 juraturus,
1668 819 1820 850 facturus

443 865 585 895 ulterius
598 869 633 895 et
648 868 854 904 recepturus,
872 865 905 895 in
923 864 1090 904 premissis
1107 868 1142 895 et
1157 875 1195 894 ea
1210 864 1497 901 concernentibus
1516 863 1700 904 quodjuris
1716 862 1821 893 fuerit

442 911 477 939 et
492 908 652 943 racionis;
671 908 762 946 dicti,
780 918 867 946 ver0,
888 909 1090 938 Executores
1113 908 1323 938 Testamenti
1346 906 1541 947 hujusmodi
1564 910 1656 944 tune,
1681 906 1817 943 ibidem,

442 962 552 982 coram
580 951 675 982 nobis
706 951 901 989 exhibituri,
934 951 1118 990 probaturi,
1158 951 1563 990 Administracionemque
1599 949 1750 990 ejusdem
1785 949 1819 978 in

442 995 550 1025 forma
571 994 656 1035 juris
687 994 873 1031 admissuri,
906 1004 1033 1024 necnon
1064 1004 1164 1034 super
1195 994 1266 1024 aliis
1293 994 1453 1025 Articulis
1479 1003 1603 1024 meram
1630 993 1819 1023 animarum

444 1048 579 1069 suarum
596 1038 835 1068 correccionem
852 1038 1081 1077 tangentibus,
1098 1038 1222 1068 eisdem
1239 1040 1274 1068 et
1290 1047 1404 1067 eorum
1429 1037 1565 1076 utrique
1589 1035 1768 1066 obiciendis
1785 1038 1820 1065 et

442 1081 654 1121 exponendis,
684 1081 902 1120 personaliter·
928 1084 963 1111 et
993 1081 1126 1111 divisim
1150 1081 1365 1121 responsuriy.
1389 1081 1512 1111 facturi
1536 1079 1687 1118 ulterius,
1713 1082 1820 1109 etc.—

442 1124 553 1156 Dated
576 1128 613 1155 at
639 1124 810 1162 Crediton,
831 1125 871 1154 24
888 1124 972 1164 Aug.

684 1178 965 1225 Beparacz'o,—-

442 1276 699 1307 etc.—Grave1n
724 1275 858 1305 Domini
881 1275 1044 1306 ‚Johannis
1069 1275 1240 1313 Carbonel,
1259 1274 1417 1315 Perpetui
1440 1274 1562 1305 Vicarii
1588 1273 1730 1304 Ecclesie
1747 1273 1823 1303 Par-

441 1319 576 1350 ochialis
600 1319 641 1349 de
667 1318 902 1368 Wynkeleghe‚
929 1318 1099 1366 querelam
1121 1318 1318 1358 recepimus,
1344 1318 1573 1349 continentem
1597 1317 1685 1357 quod
1709 1326 1823 1356 quam-

443 1362 554 1403 plures
571 1362 746 1393 defectus
738 1372 771 1392 1n
789 1362 952 1399 Cancello,
966 1362 1084 1399 Libris,
1096 1361 1321 1400 Ornamentis,
1339 1361 1572 1411 domubusque
1596 1364 1630 1391 et
1654 1359 1824 1397 clausuris,

441 1416 479 1436 ac
495 1405 594 1436 rebus
609 1406 681 1436 aliis
698 1405 787 1436 dicte
803 1405 932 1435 Vicarie
948 1408 1047 1436 notor
1050 1404 1078 1435 ie
1094 1405 1149 1435 inv
1153 1405 1223 1435 enit
1239 1405 1449 1445 repar-acione
1465 1404 1578 1434 debita
1594 1406 1629 1434 et
1642 1402 1824 1433 necessaria

441 1449 654 1488 indigentes;
671 1459 754 1488 quos
771 1449 934 1479 Dominus
951 1448 1119 1479 Walterus
1135 1449 1155 1479 J
1159 1448 1257 1487 udde
1275 1459 1382 1488 nuper
1398 1448 1486 1479 dicte
1504 1447 1647 1478 Ecclesie
1662 1446 1822 1484 Vicarius,

441 1493 650 1532 predecessor
673 1491 754 1523 dicti
778 1502 867 1522 nunc
890 1492 1013 1522 Vicarii
1036 1492 1260 1529 immediatus,
1277 1492 1414 1528 dimisit,
1439 1491 1507 1521 suis
1528 1490 1746 1530 temporibuS‚
1767 1500 1826 1529 per

441 1546 537 1566 snam
558 1535 721 1566 incuriam
745 1538 779 1566 et
803 1535 1047 1575 necligenciam,
1064 1535 1274 1566 incorrectos.
1326 1535 1492 1573 volentes,
1516 1534 1630 1574 igitur,
1654 1533 1697 1563 ad
1720 1533 1824 1572 ipsius

441 1589 530 1610 nunc
545 1578 667 1609 Vicarii
691 1578 968 1618 supplicacionem
986 1578 1181 1616 instantem,
1198 1579 1240 1609 de
1263 1581 1429 1618 oportuno
1446 1577 1508 1608 sibi
1524 1587 1623 1616 super
1638 1576 1700 1607 hoc
1716 1576 1823 1616 provi-

441 1622 519 1653 dere
551 1622 707 1660 remedio,
732 1625 772 1652 ut
796 1625 962 1660 tenemur,
988 1621 1081 1652 vobis
1104 1622 1349 1652 committimus
1372 1624 1407 1652 et
1431 1621 1629 1651 mandamns
1653 1619 1822 1660 quatinus,

441 1665 566 1696 vocatis
581 1666 616 1696 in
629 1665 690 1696 hac
708 1668 801 1704 parte
818 1665 858 1695 de
873 1665 949 1705 jure
966 1665 1130 1704 vocandis,
1148 1665 1348 1696 defectubns
1363 1664 1568 1704 hujusmodi,
1586 1663 1643 1704 qui
1659 1665 1694 1694 et
1711 1662 1824 1702 quales

442 1709 511 1740 sint
538 1712 573 1739 et
595 1709 628 1739 in
653 1708 775 1748 quibus
798 1708 897 1739 rebus
920 1709 1114 1747 consistant,
1138 1719 1196 1748 pro
1220 1711 1347 1748 quanto
1372 1709 1475 1739 eciam
1498 1710 1659 1747 poterunt
1680 1715 1824 1745 congrue

441 1752 598 1792 reparari,
615 1762 652 1782 ac
668 1762 810 1792 quorum
827 1762 884 1782 sen
902 1751 999 1791 cnjus
1016 1752 1223 1791 temporibus
1239 1751 1441 1789 acciderunt,
1453 1755 1488 1782 et
1500 1750 1542 1781 ad
1558 1760 1659 1790 quem
1673 1749 1725 1780 vel
1742 1759 1825 1789 quos

441 1795 636 1835 hujusmodi
649 1795 814 1834 reparacio
831 1795 999 1834 pertineat
1015 1795 1079 1825 ista
1092 1795 1170 1833 vice,
1183 1805 1241 1835 per
1257 1795 1344 1825 viros
1361 1795 1545 1833 fidedignos
1561 1793 1774 1824 beneficiatos
1790 1796 1825 1823 et

440 1838 530 1876 alios,
554 1838 735 1878 pleniorem
752 1838 909 1868 noticiam
926 1838 961 1868 in
984 1838 1045 1868 hac
1068 1842 1162 1878 parte
1186 1838 1386 1878 optinentes,
1404 1838 1438 1868 in
1454 1838 1562 1867 forma
1577 1836 1662 1876 juris
1677 1836 1820 1876 juratos,

440 1881 618 1921 diligenter
633 1884 669 1912 et
685 1881 828 1912 fideliter
844 1879 1048 1921 inquiratis.l
1095 1882 1140 1911 Et
1156 1881 1237 1921 quid
1254 1881 1400 1915 feceritis
1424 1883 1459 1911 et
1481 1879 1671 1920 repereritis
1694 1879 1728 1909 in
1752 1889 1824 1919 pre-

441 1924 560 1962 missis,
586 1934 657 1962 nos,
684 1924 773 1955 dicte
796 1924 1027 1964 Inquisicionis
1055 1925 1189 1963 negocio
1212 1925 1325 1955 debite
1352 1924 1517 1964 expedito,
1546 1922 1736 1953 certificetis
1766 1932 1826 1962 per

442 1967 571 1999 Literas
593 1970 720 1998 vestras
740 1967 878 2005 clausas,
902 1968 1004 1997 vestri
1029 1967 1134 1998 Officii
1156 1968 1263 2007 sigillo
1284 1968 1443 2007 impresso
1467 1970 1502 1997 et
1526 1976 1640 1996 eornm
1658 1976 1717 2005 per
1742 1975 1825 2005 quos

441 2010 637 2051 hujusmodi
661 2010 840 2050 Inquisicio
864 2013 961 2050 capta
984 2011 1089 2041 fuerit
1105 2011 1220 2050 sigillis
1244 2010 1469 2050 pendentibus
1492 2009 1713 2048 consignatas,
1738 2009 1824 2048 ipso-

441 2064 583 2094 rumque
600 2054 842 2094 Inquisitornm
860 2054 995 2084 nomina
1010 2064 1047 2084 ac
1063 2054 1267 2094 cognomina,
1282 2058 1317 2085 et
1329 2054 1449 2085 harum
1462 2053 1590 2091 seriem,
1605 2052 1825 2083 continentes.

441 2097 597 2128 —Dated
612 2100 649 2128 at
665 2097 770 2138 Clyst,
789 2097 827 2129 27
846 2098 930 2137 Aug.

395 2151 698 2200 Testamentary
714 2164 724 2199 ;
762 2151 897 2189 Littera
927 2153 971 2189 de
999 2152 1311 2189 administrando
1350 2152 1446 2189 bona
1474 2164 1543 2200 que
1573 2149 1717 2187 servari
1748 2163 1825 2187 non

442 2212 624 2253 poterunt
644 2205 810 2243 Ricardi
836 2205 1078 2251 Beawmond,
1101 2206 1343 2253 defuncti,—

1279 2259 1387 2298 Militi,
1420 2259 1575 2296 salutem,
1607 2257 1818 2295 etc.,—C1rm

441 2303 603 2334 Ricardus
626 2302 667 2333 de
692 2303 902 2341 Beawmond,
926 2303 1099 2334 familiaris
1122 2308 1237 2334 noster
1260 2307 1295 2334 et
1318 2306 1414 2343 pater
1436 2306 1548 2332 vester
1570 2301 1719 2338 carnalis,
1738 2301 1821 2330 dum

441 2346 537 2384 vixit,
557 2346 814 2377 Testamentum
838 2355 938 2376 suum
961 2346 1174 2384 condidisset,
1192 2346 1225 2377 in
1249 2357 1316 2386 quo
1339 2345 1501 2376 nonnulla
1522 2345 1609 2375 bona
1633 2354 1692 2384 pro
1715 2344 1824 2374 salute

440 2390 552 2420 anime
575 2389 678 2429 ipsius
703 2389 736 2420 in
761 2389 832 2429 pios
857 2399 939 2420 usus
962 2390 1188 2421 convertenda
1211 2389 1411 2430 reliquisset,
1429 2399 1494 2429 que
1514 2388 1679 2418 servando
1701 2386 1826 2418 servari

288 2485 298 2504 ¹
318 2486 389 2516 The
415 2485 585 2525 following
610 2488 767 2516 sentence
794 2496 908 2516 occurs
937 2485 1024 2524 here,

330 2529 395 2559 but
406 2528 465 2559 has
478 2529 561 2559 been
578 2528 809 2559 cancelled—-“
822 2539 862 2559 va
907 2552 914 2559 .
1017 2553 1023 2560 .

329 2571 483 2609 cat,”—“
503 2572 632 2609 Citetis,
664 2572 808 2612 insuper,
841 2582 899 2602 seu
931 2571 1027 2602 citari

328 2615 467 2652 faciatis,
491 2615 723 2654 peremptorie,
748 2625 824 2646 cum
848 2615 1027 2655 Inquisicio

329 2658 524 2698 hujusmodi
548 2658 593 2689 sic
622 2668 680 2697 per
706 2668 764 2688 vos
791 2661 888 2697 capta
911 2659 1024 2696 fuerit,

330 2701 412 2731 dicti
433 2701 554 2731 Vicarii
577 2701 730 2731 defuncti
758 2701 972 2739 Executores,
997 2702 1024 2731 si

329 2744 387 2784 qui
400 2744 542 2781 fuerint;
557 2744 874 2784 alioquinbonorum
885 2754 1023 2775 suorum

329 2786 644 2824 Administratores;
657 2787 747 2827 quod
757 2787 829 2827 ipsi,
842 2788 943 2818 certis
953 2787 1024 2818 loco

329 2832 363 2860 et
381 2830 524 2860 termino
537 2830 814 2870 competentibus7
829 2841 911 2871 quos
922 2831 968 2861 eis
980 2831 1022 2861 ad

1128 2486 1190 2517 hoc
1213 2486 1380 2526 assignare
1407 2484 1580 2523 duxeritis,
1611 2486 1825 2523 compareant

1130 2539 1240 2560 coram
1270 2529 1376 2566 nobis,
1410 2527 1671 2569 publicacionem
1704 2526 1821 2566 hujus-

1130 2573 1220 2603 modi
1238 2572 1469 2613 Inquisicionis
1486 2581 1545 2611 per
1560 2581 1618 2600 nos
1632 2570 1819 2600 faciendam

1129 2615 1232 2646 visuii
1249 2618 1284 2646 et
1299 2616 1458 2654 auditmi,
1476 2615 1527 2645 vel
1544 2614 1661 2644 saltem
1679 2623 1822 2649 causam,

1128 2659 1155 2689 si
1181 2669 1282 2699 quam
1297 2658 1443 2689 habeant
1463 2657 1706 2694 racionabilem,
1723 2665 1826 2695 quare

1126 2702 1289 2741 publicari
1314 2712 1380 2732 non
1408 2702 1530 2732 debeat
1561 2699 1764 2748 proposituri
1792 2698 1827 2729 in

1126 2745 1267 2775 debita
1254 2745 1340 2785 Juris
1359 2745 1466 2775 forma
1482 2742 1676 2785 processuri,
1690 2741 1825 2780 facturi,

1125 2791 1160 2819 et
1183 2788 1350 2827 recepturi
1373 2788 1515 2819 ulterius
1537 2787 1572 2818 in
1595 2789 1669 2817 toto
1688 2785 1824 2825 negocio

1126 2834 1165 2861 ut
1182 2834 1232 2862 est
1247 2831 1411 2871 justum.”
