1987 3062
368 206 462 248 482
594 217 695 249 THE
719 217 961 250 REGISTER
985 217 1048 249 or
1072 216 1250 248 BISHOP
1276 216 1677 249 BRANTYNGHAM.

368 319 440 345 AU·
523 324 658 352 trorum
672 322 819 352 Suorum
835 322 992 361 personis
1010 321 1143 351 solebat
1157 321 1375 351 oblacionum
1387 322 1552 352 libamine
1565 322 1780 361 populariter
1797 322 1901 351 hono-

369 354 464 411 }{5'1'2'1
524 367 604 403 rari,
629 367 843 396 oblacionem
868 366 985 405 populi
1011 376 1050 395 ac
1074 365 1297 395 devocionem
1323 366 1366 396 ad
1391 366 1493 395 unius
1518 366 1651 396 denarii
1680 366 1734 396 vel
1758 366 1903 396 alterius

425 406 430 411 ’
470 408 475 412 ”
524 411 657 440 modice
686 411 893 449 quantitatis
919 410 1073 439 valorem
1100 410 1312 447 restringere
1339 413 1420 439 sunt
1446 411 1571 447 conati,
1594 420 1657 449 per
1680 420 1826 449 quorum
1846 420 1902 440 ne-

524 454 683 493 phandas
700 454 983 493 ymaginaciones
1002 454 1164 483 Ecclesiis
1181 454 1234 483 vel
1253 454 1407 492 ipsarum
1432 454 1638 484 Rectoribus
1655 457 1716 484 aut
1734 454 1904 484 Ministris

526 499 708 537 quicquam
727 498 868 537 dampni
886 498 1037 527 infertur
1055 498 1108 527 vel
1134 498 1354 528 subtrahitur
1377 499 1518 527 honoris
1543 501 1603 528 aut
1628 498 1799 528 commodi
1824 508 1902 528 con-

526 543 625 580 sueti,
646 543 786 582 Majoris
805 542 1185 571 Excoininunicacionis
1203 542 1388 572 Sentencia
1405 543 1477 572 lata
1500 543 1536 571 in
1560 543 1709 581 quadam
1728 542 1903 572 Constitu-

526 587 622 616 cione
642 586 847 615 Provinciali
866 586 1045 616 Provincie
1071 586 1278 625 supradicte,
1296 596 1361 625 que
1386 586 1507 625 incipit
1531 587 1624 623 Item,
1642 587 1778 623 quidam
1806 586 1903 615 male-

527 630 687 659 diccionis
706 631 787 668 filii,
809 640 871 669 per
892 630 980 659 bone
1002 630 1168 659 memorie
1194 630 1380 659 Dominum
1405 630 1579 660 Simonem
1607 628 1668 669 [de
1691 628 1904 669 Mepeham],

526 685 637 713 nuper
654 674 942 704 Cantuariensem
956 674 1274 713 Archiepiscopum,
1288 674 1356 704 rite
1372 678 1407 704 et
1425 674 1596 704 Canonice
1607 675 1701 704 edita
1719 678 1753 704 et
1770 675 1905 713 publice

526 719 758 757 promulgata,
782 719 857 758 ipso
881 718 975 748 facto
1000 721 1081 748 sunt
1106 718 1376 757 dampnabiliter
1399 719 1567 755 involuti;
1599 719 1749 758 quidam,
1774 721 1904 756 tamen,

526 763 721 801 iniquitatis
738 763 809 799 filii,
827 773 972 801 quorum
990 763 1131 792 nomina
1155 766 1190 792 et
1214 772 1360 801 persone
1384 763 1517 801 pariter
1540 763 1756 801 ignorantur,
1775 763 1905 792 Diebus

528 807 717 836 Dominicis
741 810 776 836 et
803 807 960 843 Festivis,
978 817 1017 836 ac
1042 807 1128 843 aliis,
1146 816 1265 836 mense
1288 807 1438 844 Augusti
1463 807 1526 836 sub
1543 808 1644 836 Auno
1670 807 1808 836 Domini
1831 807 1903 846 jam

526 851 680 880 instante
706 851 999 889 contingentibus,
1017 851 1239 880 devocionem
1257 851 1373 889 populi
1392 860 1432 880 ac
1454 851 1667 880 oblacionem
1692 851 1728 880 in
1752 851 1905 890 exequiis

526 897 743 924 mortuorum
761 895 796 924 in
814 894 952 934 prefata
970 895 1124 924 Ecclesia
1141 895 1335 924 Parochiali
1353 895 1394 924 de
1419 894 1615 934 Tavystoke
1634 895 1762 924 Diebus
1787 895 1905 934 hujus-

528 939 619 968 modi
638 939 831 975 celebratis,
848 939 948 978 juxta
966 949 1097 968 morem
1115 939 1298 977 antiquum
1323 939 1448 968 offerre
1466 939 1624 976 volentis,
1642 939 1685 968 ad
1703 939 1903 979 hujusmodi

526 983 698 1012 modicam
715 984 949 1022 quantitatem
965 983 1158 1021 predictam
1175 983 1387 1021 restringere
1404 983 1564 1022 nequiter
1580 983 1773 1020 molientes,
1787 993 1903 1022 quam-

525 1026 643 1065 plures
672 1027 801 1057 Christi
828 1027 947 1056 fideles
972 1028 1007 1056 in
1034 1027 1233 1066 hujusmodi
1265 1027 1418 1066 exequiis
1444 1037 1507 1066 pro
1532 1030 1616 1057 tunc
1643 1027 1842 1064 ekistentes,
1869 1030 1905 1057 et

525 1071 654 1100 ibidem
671 1071 771 1110 juxta
788 1081 919 1100 morem
938 1071 1062 1100 offerre
1078 1071 1245 1108 volentes,
1262 1071 1446 1110 quominus
1470 1071 1594 1100 offerre
1611 1071 1775 1101 valebant
1798 1071 1905 1110 impe-

526 1115 599 1145 dire
616 1117 749 1145 temere
772 1118 1071 1154 presumpserunt,
1090 1117 1124 1144 et
1148 1115 1232 1154 ipsis
1257 1115 1304 1144 sic
1322 1115 1445 1145 offerre
1466 1115 1662 1145 volentibus
1679 1126 1721 1145 ne
1739 1116 1905 1145 offerrent

525 1159 641 1198 palam
665 1161 700 1188 et
724 1159 860 1198 publice
884 1162 1093 1195 vetuerunt3
1117 1169 1179 1198 per
1202 1169 1359 1198 quorum,
1384 1159 1533 1198 quidem,
1557 1159 1824 1189 malefactorum
1849 1170 1905 1189 ne-

525 1203 684 1242 phandas
700 1203 995 1242 ymaginaciones,
1012 1203 1276 1242 prohibiciones,
1295 1206 1329 1232 et
1347 1204 1603 1241 instigaciones,
1622 1204 1733 1234 eidem
1754 1204 1906 1234 Ecclesie

527 1247 721 1277 Parochiali
745 1247 787 1277 de
805 1247 1012 1286 Tavystoke,
1030 1247 1198 1286 dictisque
1223 1247 1404 1285 Religiosis
1421 1247 1514 1277 Viris
1538 1248 1646 1286 ipsius
1672 1248 1823 1277 Ecclesie
1848 1259 1905 1277 no-

526 1291 629 1329 mine,
658 1301 763 1329 grave
790 1291 980 1330 dampnum
1009 1294 1062 1321 est
1087 1291 1221 1320 illatum
1249 1294 1284 1321 et
1307 1292 1495 1330 plurimum
1522 1292 1741 1321 subtrahitur
1765 1292 1906 1321 honoris

527 1345 567 1365 ac
583 1335 765 1373 commodi,
777 1336 918 1375 ipsaque
937 1335 1092 1365 Ecclesia
1105 1335 1256 1374 dampna
1273 1335 1434 1374 graviora
1450 1345 1595 1374 passura
1606 1338 1659 1365 est
1672 1336 1907 1366 verisimiliter

526 1380 561 1408 111
578 1379 748 1417 futurum,
766 1380 832 1409 nisi
850 1380 915 1409 sibi
932 1379 1161 1409 subtrahatur
1177 1380 1218 1409 de
1236 1380 1389 1409 remedio
1406 1383 1587 1418 oportuno.
1635 1380 1735 1410 Unde
1758 1391 1827 1409 non
1852 1382 1905 1409 est

527 1424 669 1452 dubium
698 1423 898 1463 hujusmodi
924 1423 1179 1461 malefactores,
1208 1434 1327 1453 omnes
1355 1426 1390 1453 ct
1418 1424 1582 1462 singulos,
1608 1422 1737 1454 dictam
1764 1425 1906 1464 Majoris

528 1468 908 1497 Excommunicacionis
923 1468 1154 1505 Sentcuciam,
1169 1468 1347 1497 occasione
1364 1468 1623 1506 premissorum,
1638 1468 1908 1507 dampnabiliter

527 1512 733 1548 incurrissc3
766 1522 833 1551 qua
864 1514 1048 1541 remanent
1079 1512 1248 1541 hactenns
1281 1512 1448 1549 innodati,
1481 1512 1516 1541 in
1542 1513 1738 1542 animarum
1765 1522 1905 1542 suarum

528 1556 659 1593 grande
684 1556 887 1595 periculum,
913 1556 1127 1595 aliorumque
1152 1556 1409 1595 quamplurium
1434 1556 1666 1595 perniciosum
1699 1557 1906 1595 exemplum,

527 1600 767 1639 dictorumque
794 1600 1045 1637 Religiosorum
1067 1600 1229 1630 Virorum
1255 1602 1289 1629 et
1316 1600 1467 1630 Ecclesie
1493 1610 1552 1630 sue
1576 1601 1731 1639 predicte
1755 1601 1906 1640 prejudi-

528 1644 618 1673 cium
651 1647 686 1673 et
721 1654 922 1683 gravamen.
970 1644 1138 1682 Quocirca
1168 1644 1276 1681 vobis,
1303 1645 1535 1674 communiter
1568 1648 1603 1674 et
1635 1645 1782 1681 divisim,
1816 1655 1906 1674 com-

528 1688 711 1723 mittimus,
736 1690 812 1725 etc„
838 1688 1001 1727 quatinus
1033 1688 1232 1728 hujusmodi
1258 1688 1513 1725 malefactores,
1539 1699 1658 1718 omnes
1683 1692 1717 1718 et
1743 1689 1906 1726 singulos,

528 1732 563 1761 in
587 1732 727 1771 prefata
760 1732 914 1762 Ecclesia
946 1732 1141 1762 Paroehiali
1174 1732 1216 1762 de
1248 1732 1456 1772 Tavystoke,
1489 1733 1618 1762 Diebus
1651 1733 1841 1763 Dominicis
1872 1736 1907 1762 et

530 1776 687 1814 Festivis,
722 1776 815 1806 intra
855 1776 1040 1806 Missarum
1081 1776 1282 1815 solempnia,
1317 1786 1395 1806 cum
1435 1776 1547 1816 major
1587 1777 1678 1806 Cleri
1716 1781 1751 1807 et
1789 1777 1907 1816 populi

529 1820 641 1849 aderit
668 1820 867 1857 multitudo,
892 1821 1040 1859 pulsatis
1064 1821 1253 1859 campanis,
1278 1821 1431 1850 candelis
1456 1821 1610 1850 accensis
1638 1831 1677 1851 ac
1709 1821 1744 1850 in
1776 1824 1905 1850 terram

528 1864 693 1903 projectis
722 1867 756 1893 et
785 1864 958 1901 extinctis,
989 1864 1098 1894 Cruce
1124 1864 1160 1893 in
1191 1864 1352 1894 manibus
1383 1867 1509 1902 erecta,
1534 1865 1670 1903 publice
1702 1869 1736 1894 et
1761 1866 1905 1904 solemp-

530 1908 622 1937 niter
653 1908 688 1937 111
721 1918 848 1946 genere
884 1908 1066 1945 nuncietis,
1099 1912 1134 1937 et
1171 1908 1311 1938 faciatis
1341 1918 1403 1947 per
1436 1909 1521 1938 alios
1552 1909 1654 1938 niodo
1685 1909 1787 1938 simili
1820 1919 1906 1938 nun-

529 1952 632 1988 ciari3
656 1952 872 1991 inquirentes
889 1952 931 1981 de
955 1952 1153 1981 nominibus
1173 1956 1208 1981 et
1232 1952 1496 1990 cognominibus
1520 1953 1719 1992 hujusmodi
1744 1953 1906 1983 malefac-

530 1998 656 2025 torum.
705 1996 748 2025 Et
771 2006 856 2035 quos
875 2006 937 2034 per
962 1996 1228 2035 Inquisicionem
1255 1996 1454 2035 hujusmodi
1475 1997 1665 2035 culpabiles
1682 2007 1741 2026 seu
1759 1997 1794 2026 in
1811 1998 1907 2027 fama

530 2049 705 2078 respersos
730 2040 930 2079 repereritis
955 2040 990 2069 111
1014 2040 1078 2070 hac
1101 2043 1211 2079 parte,
1241 2040 1356 2069 citetis
1386 2041 1525 2070 eosdem
1557 2042 1790 2080 peremptorie
1816 2041 1907 2080 quod

530 2086 755 2122 compareant
779 2094 895 2113 coram
917 2083 1061 2113 officiali
1084 2087 1202 2113 nostro
1228 2084 1424 2123 Principali,
1443 2094 1503 2114 seu
1525 2085 1591 2114 alio
1610 2085 1812 2115 Consistorii
1830 2096 1905 2115 nos-

530 2128 575 2157 tri
600 2128 803 2157 Exoniensis
825 2128 1028 2157 Presidente
1052 2138 1277 2167 quocumque,
1302 2128 1337 2157 in
1365 2128 1519 2158 Ecclesia
1542 2128 1742 2158 Cathedrali
1766 2129 1905 2167 Exonie,

530 2172 585 2201 die
618 2172 740 2201 Martis
770 2172 927 2210 proximo
958 2174 1036 2211 post
1069 2172 1210 2202 Festum
1244 2172 1361 2202 Sancti
1390 2173 1531 2210 Mathei,
1557 2173 1725 2211 Apostoli,
1751 2173 1906 2212 proximo

530 2216 700 2253 futurum,
727 2226 830 2254 super
854 2216 1033 2254 premissis
1059 2218 1094 2246 ct
1121 2226 1162 2246 ea
1188 2216 1470 2253 contingentibus
1496 2227 1536 2246 ex
1563 2217 1681 2246 Officio
1708 2220 1837 2256 nostro,
1864 2217 1907 2247 ad

529 2260 787 2299 promocionem
812 2260 1001 2290 eorundem
1026 2260 1278 2298 Religiosorum
1303 2260 1466 2290 Virorum
1491 2261 1518 2290 si
1543 2261 1703 2300 prosequi
1723 2261 1905 2299 voluerint,

530 2304 682 2343 alioquin
699 2314 740 2333 ex
758 2304 877 2333 Officio
893 2306 1012 2333 nostro
1029 2314 1135 2341 mero,
1153 2304 1283 2334 eisdem
1301 2307 1384 2333 tunc
1401 2305 1445 2334 ad
1462 2305 1657 2334 animarum
1676 2315 1816 2334 suarum
1835 2315 1905 2335 cor-

530 2348 723 2378 reccionem
751 2348 940 2378 obiciendis
965 2351 1000 2378 et
1029 2348 1143 2378 debite
1172 2348 1383 2387 exponendis
1410 2349 1546 2378 divisim
1570 2349 1779 2388 responsuri,
1805 2352 1839 2378 et
1864 2349 1905 2378 de

530 2392 678 2421 veritate
696 2392 851 2429 dicenda,
869 2392 897 2421 si
915 2395 1083 2431 oporteat,
1101 2392 1332 2431 personaliter
1346 2392 1507 2432 juraturi,
1530 2393 1743 2432 ulteriusque
1768 2393 1905 2430 facturi,

528 2438 594 2465 etc.
642 2436 686 2465 Et
704 2436 785 2474 quid
802 2436 837 2465 in
853 2436 1031 2474 premissis
1048 2436 1211 2473 feceritis,
1229 2439 1294 2466 etc.
1316 2435 1479 2475 (without
1496 2435 1606 2475 date).

484 2488 679 2537 Ludgvan
696 2501 706 2534 3
735 2489 816 2524 Pro
835 2489 1156 2536 reparacio=ne‚—

486 2544 587 2581 Item,
612 2544 704 2582 apud
730 2543 918 2581 Criditone,
943 2544 1034 2583 xxvij
1061 2544 1115 2573 die
1134 2544 1294 2582 Augusti,
1312 2544 1489 2574 emanavit
1507 2544 1712 2574 Mandatum
1736 2545 1904 2574 directum

373 2585 490 2613 sol-102·
528 2587 782 2617 Archidiacono
801 2587 982 2623 Cornubie,
997 2598 1057 2617 seu
1074 2588 1150 2627 ejus
1168 2588 1322 2625 Officiali,
1334 2588 1377 2617 ad
1395 2588 1603 2618 instanciam
1621 2589 1758 2618 Domini
1776 2589 1904 2618 'rhome

543 2631 696 2670 irervays,
726 2631 882 2661 Rectoris
908 2631 1059 2661 Ecclesie
1084 2632 1296 2661 Parochialis
1321 2631 1362 2661 de
1388 2632 1561 2669 Ludvone,
1588 2633 1631 2661 ad
1662 2633 1903 2672 inquirendum

529 2685 633 2713 super
648 2675 872 2713 reparacione
889 2675 1046 2715 ejusdem
1066 2675 1229 2713 Ecclesie,
1247 2678 1281 2705 et
1298 2676 1424 2705 ceteris
1441 2676 1626 2706 consuetis.

482 2728 728 2764 Parliament
743 2741 752 2773 3
781 2728 862 2764 Pro
881 2728 1217 2773 Parl=ia⁷nento‚-

486 2783 586 2820 Item,
613 2782 703 2823 apud
730 2782 986 2821 Chuddeleghe,
1005 2783 1128 2812 ultimo
1154 2783 1208 2813 die
1232 2783 1394 2822 Augusti,
1411 2784 1589 2814 emanavit
1615 2784 1817 2814 Mandatum
1842 2792 1903 2825 pro
