1987 3062
123 388 198 414 A.D.

124 423 198 447 1382.

125 455 187 481 Vol.
200 455 223 482 Ι.

131 609 179 636 sol.
196 608 257 634 9911.

140 1263 180 1288 11.

137 1296 184 1322 sol.
199 1295 244 1324 6.]1

432 288 720 322 REGISTRUM
762 285 1218 321 cOMMUNE—ANNO
1260 276 1349 319 130.
1572 272 1666 319 477

276 390 538 430 [invenerimus]‚
556 401 699 430 cumque
723 389 915 420 refeccionis
934 388 1164 420 Cancellorum
1188 387 1395 428 hujusmodi,
1422 386 1667 426 Librorumque

276 434 480 464 invencionis
491 438 525 464 et
535 434 787 471 emendacionis,
799 444 836 464 ac
849 433 1094 473 capellanorum
1106 431 1338 462 conduccionis
1351 441 1409 461 seu
1423 430 1667 470 stipendiorum

278 478 492 518 prestacionis
509 488 618 508 annue
635 488 744 515 onera,
761 477 794 507 111
813 477 940 508 Cedula
958 476 1020 506 hiis
1044 485 1175 505 annexa
1199 474 1394 505 (listinccius
1418 474 1601 513 designata,
1627 474 1668 503 ad

280 522 437 552 Personas
455 521 710 559 EcclesiasticaS‚
729 521 906 560 Regulares
923 523 957 549 et
973 519 1075 549 eciam
1096 519 1266 549 Seculares
1284 519 1316 548 in
1342 518 1456 547 eadem
1476 520 1666 556 expressata

280 565 406 595 Cedula
422 568 579 604 spectare,
598 575 717 604 easque
734 574 938 601 eoncernere,
957 563 1129 593 detectum
1147 562 1251 592 fuerit
1269 561 1432 592 Canonice
1447 565 1480 591 et
1493 561 1643 590 delatum
1660 571 1668 597 ;

285 609 464 648 cupientes,
489 609 602 648 igitur,
628 608 742 638 Divini
767 608 887 638 Cultus
915 609 1133 646 augmentum
1159 606 1191 635 in
1218 605 1385 645 premissis
1412 604 1551 643 siugulis
1580 614 1667 634 com-

286 656 402 692 petens
419 656 452 682 et
470 652 538 682 Deo
555 652 715 691 placitum
733 651 871 681 celerius
888 660 954 690 (1110
972 649 1155 690 poterimus
1180 649 1364 679 remedium
1389 648 1556 685 adhibere,
1575 647 1668 677 vobis

281 695 534 733 committimus,
553 699 625 732 etc„
643 695 803 735 quatinus
819 704 934 724 omnes
951 697 985 723 et
1001 693 1147 733 singulas
1161 693 1320 722 Personas
1333 691 1530 731 hujusmodi
1547 691 1667 729 citetis,

281 750 338 769 3611
357 739 451 769 citari
468 739 606 776 faciatis,
625 738 855 778 peremptorie,
874 737 961 777 quod
980 739 1194 775 compareant
1211 746 1321 766 coram
1346 735 1450 773 nobis,
1468 745 1525 765 3611
1544 734 1669 765 nostris

283 783 316 813 in
342 782 402 812 1166
425 786 519 822 parte
544 781 796 820 Commissariis,
825 781 857 811 iu
890 780 1033 810 Ecclesia
1062 779 1244 810 Parocliiali
1271 779 1312 809 de
1342 778 1589 818 Chuddeleghe,
1616 778 1669 808 die

284 826 430 863 Sabbati,
449 826 603 856 videlicet
624 826 658 856 in
675 825 818 855 crastino
836 824 949 854 Sancti
965 823 1082 854 Jacobi
1100 822 1251 862 Apostoli
1269 823 1419 862 proximo
1434 832 1523 852 nunc
1540 822 1669 860 futuro,

285 880 417 900 causam
445 880 502 899 seu
527 880 650 907 causas,
675 869 702 899 si
725 878 826 908 quam
851 877 907 897 seu
931 877 1013 907 quas
1041 876 1100 906 pro
1127 877 1160 896 se
1185 866 1330 896 habeant
1352 865 1585 896 racionabilem
1611 875 1668 895 seu

285 913 507 951 racionabiles,
527 923 627 953 quare
644 913 685 942 ad
702 922 801 941 onera
816 910 1012 951 hujusmodi
1029 910 1256 950 supportanda
1271 909 1423 949 compelli
1441 919 1507 938 non
1525 909 1671 938 debeant

288 956 452 988 Canonice
467 960 502 986 et
518 956 629 994 artari,
646 955 779 986 divisim
796 955 830 985 in
847 955 954 984 forma
969 953 1055 994 juris
1080 953 1291 993 proposituri,
1311 953 1521 991 ulteriusque
1538 952 1669 990 facturi,

286 1003 347 1031 etc.
394 1000 439 1030 Et
463 1000 545 1039 quid
569 999 602 1029 in
628 999 796 1039 premissis
819 998 983 1028 duxeritis
1010 997 1201 1027 faciendum
1229 1007 1297 1034 nos,
1327 1007 1383 1026 3611
1410 996 1515 1026 dictos
1540 999 1671 1026 nostros

288 1043 537 1074 Commissarios
554 1043 587 1073 in
601 1043 661 1073 hac
679 1046 771 1082 parte
783 1041 932 1081 legitime
945 1040 1166 1080 deputandos,
1180 1040 1250 1070 loco
1263 1044 1297 1070 et
1310 1040 1454 1070 termino
1468 1039 1670 1077 memoratis,

287 1086 475 1117 certificetis
491 1097 550 1126 per
574 1086 702 1116 Literas
726 1089 851 1116 vestras
877 1088 1039 1125 patentes,
1063 1083 1182 1114 harum
1207 1087 1240 1114 et
1263 1084 1351 1114 dicte
1370 1083 1493 1114 Cedule
1510 1086 1670 1120 tenorem,

286 1141 352 1160 nna
369 1140 443 1160 cum
462 1130 653 1160 nominibus
670 1140 726 1169 per
740 1140 796 1159 vos
813 1129 933 1166 citatis,
951 1128 1109 1158 distincte
1134 1131 1168 1157 et
1191 1130 1305 1167 aperte
1329 1128 1550 1165 continentes,
1568 1127 1671 1156 vestri

288 1173 394 1213 sigillo
418 1173 534 1212 Officii,
552 1184 608 1204 seu
628 1173 738 1212 aliquo
755 1172 935 1210 autentico,
953 1171 1162 1211 consignatas
1181 1170 1340 1209 (without
1358 1170 1459 1209 date).

136 1228 211 1259 [V0¹·
249 1228 415 1277 Against
435 1229 582 1264 certain
603 1227 822 1273 hereticks3
845 1226 1080 1262 illaudatum
1100 1225 1385 1272 Archiepz‘scopz‘
1406 1223 1609 1276 [Willelmi
1624 1224 1673 1261 de

302 1279 544 1333 Courtenay]
564 1282 617 1318 ad
635 1281 946 1318 denunciandum
965 1279 1200 1316 Niclzolaum
1220 1279 1432 1326 Hereforde
1458 1286 1490 1315 et
1520 1278 1673 1325 Philip-

298 1349 393 1383 pum
413 1336 679 1384 Repynydone,
701 1336 745 1371 de
760 1335 924 1371 heretica
938 1334 1136 1381 pravitate
1156 1340 1348 1380 suspectos,
1367 1340 1525 1380 propter
1545 1346 1673 1369 eorum

301 1390 577 1426 contumaciam
592 1390 634 1426 in
649 1403 723 1426 non
736 1403 809 1426 eom
808 1389 984 1436 parendo
999 1387 1344 1432 eavcommunicatos,
1363 1393 1396 1423 et
1409 1388 1462 1424 acl
1476 1387 1674 1424 citandum

302 1444 510 1488 eosdem,—

249 1498 406 1529 Directed
423 1500 458 1527 to
473 1498 532 1528 the
548 1497 671 1536 Bishop
688 1496 722 1526 of
739 1496 888 1533 London,
905 1495 978 1526 who
995 1498 1070 1525 sent
1086 1505 1104 1525 a
1120 1505 1203 1535 copy
1221 1499 1256 1525 to
1273 1494 1330 1525 the
1348 1494 1471 1534 Bishop
1489 1495 1522 1524 of
1540 1495 1673 1532 Exeter,

293 1541 380 1571 from
405 1541 617 1578 Woodstock‚
649 1541 667 1571 6
698 1540 783 1579 Aug.
799 1539 940 1570 :—-Cnm
972 1549 1031 1569 nos
1060 1539 1217 1578 Magistro
1244 1538 1403 1569 Nicholao
1430 1538 1614 1568 Hereforde
1641 1544 1675 1569 et

294 1584 447 1624 Philippo
465 1584 700 1624 Repyugdone,
720 1583 884 1614 Canonico
903 1582 1059 1622 Regulari
1078 1582 1268 1612 Monasterii
1292 1582 1394 1612 Beate
1420 1582 1520 1612 Marie
1540 1582 1673 1622 Leyces-

295 1628 368 1666 trie,
381 1628 479 1658 sacre
495 1627 672 1667 Theologie
687 1627 897 1664 Doctoribus,
915 1627 956 1656 de
973 1625 1118 1656 heretica
1134 1626 1297 1666 pravitate
1311 1625 1528 1656 vehementer
1544 1635 1674 1665 suspec-

295 1671 348 1708 tis,
366 1675 441 1711 post
457 1671 616 1711 quasdam
634 1670 871 1710 responsiones,
889 1670 1000 1700 minus
1018 1669 1113 1709 plene
1130 1672 1163 1699 et
1187 1669 1452 1709 impertinenter,
1470 1669 1623 1708 heretice,
1641 1672 1676 1700 et

294 1724 428 1745 erronee
444 1725 502 1754 per
518 1715 649 1744 eosdem
667 1714 780 1752 factas,
799 1714 839 1743 ad
857 1713 1033 1743 nonnullas
1049 1712 1283 1743 Conclusiones
1295 1712 1456 1743 hereticas
1473 1715 1508 1744 et
1523 1723 1675 1743 erroneas

293 1757 328 1788 in
344 1758 599 1798 quampluribus
615 1758 693 1788 loeis
710 1757 798 1788 dicte
814 1760 926 1787 nostre
944 1756 1114 1786 Provincie
1131 1756 1353 1786 communiter
1377 1759 1410 1786 et
1427 1756 1624 1795 generaliter
1639 1766 1676 1787 66

293 1801 425 1841 publice
442 1801 624 1841 predicatas
640 1804 675 1832 et
691 1801 814 1839 doctas,
832 1810 941 1830 coram
958 1800 1052 1830 nobis
1076 1799 1280 1840 judicialiter
1303 1800 1581 1840 comparentibus,
1604 1811 1675 1839 pre-

294 1844 463 1875 fixerimus
480 1848 587 1875 certos
603 1847 830 1884 competentes
846 1844 936 1874 diem
953 1847 987 1874 et
1002 1843 1112 1874 locum
1130 1843 1170 1873 ad
1188 1843 1379 1873 faciendum
1396 1846 1428 1873 et
1446 1844 1673 1883 recipiendum

295 1888 517 1929 peremptorie
541 1888 574 1919 in
598 1899 634 1918 ea
657 1891 751 1928 parte
775 1888 865 1928 quod
887 1887 992 1928 ipsius
1015 1887 1140 1927 negocii
1165 1887 1309 1926 qualitas
1330 1887 1494 1925 suaderet,
1511 1887 1666 1927 ipsosque

296 1935 431 1972 propter
448 1942 562 1962 eornm
579 1931 821 1962 contumaciam
839 1931 872 1961 in
892 1941 956 1961 non
985 1930 1205 1970 comparendo
1229 1940 1339 1961 coram
1363 1931 1458 1961 nobis
1481 1930 1604 1961 eisdem
1623 1931 1677 1961 die

295 1979 331 2005 et
352 1975 423 2005 loco
445 1975 647 2015 judicialiter
669 1978 885 2013 contractam,
910 1974 1317 2010 excommunicaverimus,
1341 1973 1477 2013 justicia
1500 1975 1677 2014 exigente3

296 2018 389 2049 vobis
405 2019 649 2049 committimus
666 2022 700 2049 et
716 2019 914 2049 mandamus
931 2017 1091 2058 quatinus
1109 2017 1255 2057 prefatos
1277 2017 1475 2048 Nicholaum
1494 2023 1528 2048 et
1554 2018 1676 2057 Philip-

297 2072 376 2102 pum
395 2063 441 2092 sic
457 2073 514 2102 per
531 2073 590 2093 nos
613 2062 715 2093 fuisse
738 2065 771 2092 et
795 2072 864 2092 esse
887 2061 1199 2098 excommunicatos
1224 2062 1257 2091 in
1284 2061 1437 2091 Ecclesiis
1461 2064 1495 2091 et
1518 2061 1613 2092 Locis
1630 2062 1677 2091 in-

297 2105 446 2145 signibus
463 2109 648 2136 vestrarum
664 2105 818 2136 Civitatis
834 2108 866 2135 et
881 2105 1035 2141 Diocesis‚
1050 2115 1126 2134 cum
1144 2104 1258 2144 populi
1275 2104 1459 2134 multitudo
1476 2105 1678 2143 convenerit,

298 2149 490 2179 denunciari
506 2149 638 2189 publice
654 2149 801 2186 faciatis;
820 2149 960 2179 citantes
974 2149 1105 2178 eosdem
1121 2148 1256 2178 citarive
1272 2148 1431 2178 facientes
1446 2148 1678 2188 peremptorie,

299 2192 327 2221 si
343 2192 475 2222 valeant
499 2193 713 2232 apprehendi,
740 2192 828 2232 quod
853 2195 1066 2231 compareant
1089 2201 1197 2222 coram
1223 2191 1317 2221 nobis
1341 2191 1450 2231 aliquo
1473 2192 1679 2231 competenti

301 2235 454 2273 termino,
471 2246 528 2276 per
544 2246 602 2266 vos
625 2239 684 2266 aut
709 2239 834 2266 vestros
857 2235 1081 2265 mandatarios
1105 2235 1294 2274 prefigendo
1318 2234 1451 2272 eisdem,
1477 2235 1680 2276 ubicumque

301 2289 361 2309 nos
388 2279 475 2309 infra
501 2279 708 2309 Provinciam
736 2282 884 2309 nostram
914 2277 1191 2309 Cantuariensem
1219 2281 1301 2308 tunc
1328 2288 1398 2308 esse
1425 2278 1607 2318 continget,
1639 2279 1681 2309 ad

300 2321 483 2352 videndum
499 2325 533 2353 et
549 2322 753 2352 audiendum
778 2332 835 2361 per
858 2331 917 2351 1103
940 2321 1072 2361 procedi
1095 2324 1208 2351 contra
1225 2321 1366 2359 eosdem,
1384 2324 1419 2352 et
1435 2332 1547 2352 eorum
1566 2332 1680 2362 quem-

299 2365 390 2403 libet,
415 2375 514 2405 super
537 2365 635 2396 dictis
667 2365 943 2396 Conclusionibus
974 2364 1126 2394 hereticis
1157 2367 1191 2394 et
1221 2364 1374 2403 erroneis,
1405 2365 1503 2405 juxta
1537 2365 1679 2395 formam

301 2411 542 2439 retroactorum
560 2409 592 2439 in
611 2409 671 2439 hac
687 2413 780 2448 parte
803 2408 993 2438 habitorum
1018 2411 1052 2438 et
1075 2407 1200 2447 negocii
1224 2407 1432 2447 qualitatem.
1479 2407 1680 2448 Injungatis,

301 2451 445 2491 insuper,
463 2453 663 2482 auctoritate
679 2455 802 2488 nostra,
820 2451 974 2482 omnibus
988 2454 1022 2482 et
1038 2451 1177 2490 singulis
1191 2451 1412 2491 Suffraganeis
1428 2453 1550 2482 nostris
1568 2455 1681 2483 nostre

302 2495 552 2526 Cantuariensis
577 2495 748 2526 Provincie
774 2495 944 2535 Episcopis
979 2498 1013 2525 et
1042 2494 1284 2532 Confratribus,
1313 2505 1371 2534 per
1402 2495 1530 2526 Literas
1556 2499 1681 2526 vestras

301 2543 454 2578 patentes
492 2539 610 2569 harum
650 2539 766 2569 serien]
805 2538 1025 2575 continentes,
1065 2539 1155 2578 quod
1193 2538 1341 2578 ipsorum
1387 2538 1509 2578 singuli
1549 2539 1680 2569 eosdem

303 2581 501 2612 Nicholaum
529 2585 564 2612 et
594 2582 785 2622 Philippum
816 2592 871 2620 per
898 2592 974 2612 suas
1000 2581 1160 2612 Civitates
1184 2585 1218 2611 et
1246 2581 1399 2611 Dioceses
1429 2582 1553 2612 faciant
1583 2583 1682 2612 modo

302 2625 402 2655 simili
418 2625 611 2656 denunciari
628 2637 635 2663 3
660 2626 817 2666 quodque
833 2625 937 2655 citent
955 2625 1097 2663 eosdem,
1115 2628 1174 2654 aut
1190 2624 1286 2654 citari
1300 2624 1436 2661 faciant,
1448 2626 1680 2665 peremptorie,

302 2668 329 2698 si
356 2672 518 2708 poterunt
544 2669 758 2709 apprehendi,
783 2668 873 2708 quod
898 2672 1111 2708 compareant
1138 2677 1247 2698 coram
1276 2667 1371 2698 nobis
1399 2668 1509 2708 aliquo
1537 2669 1681 2699 termino

301 2713 513 2751 competenti,
529 2713 574 2742 eis
592 2723 649 2751 per
665 2712 771 2742 dictos
783 2712 974 2742 Confratres
987 2714 1118 2742 nostros
1132 2711 1182 2741 vel
1196 2721 1310 2741 eorum
1322 2711 1466 2751 aliquem
1481 2711 1680 2752 prefigendo‚

302 2754 505 2795 ubicumque
521 2756 685 2786 fuerimus
708 2755 795 2785 infra
814 2755 1018 2786 Provinciam
1044 2758 1193 2784 nostram
1218 2754 1413 2793 predictam,
1430 2754 1473 2784 ad
1489 2754 1680 2786 faciendum

152 2821 162 2840 ¹
181 2822 326 2853 Written
353 2833 395 2853 on
419 2834 438 2853 a
460 2827 552 2863 stray
575 2824 654 2854 folio
677 2823 743 2854 and
767 2823 881 2853 bound
991 2823 1025 2853 of
1049 2822 1296 2855 commissione

194 2865 228 2896 in
252 2869 287 2896 at
308 2866 366 2898 the
388 2866 568 2909 beginning
592 2867 626 2897 of
649 2867 707 2898 the
730 2867 882 2908 Register
