1987 3062
460 219 747 251 REGISTRUM
773 218 1025 252 COMMUNE
1094 216 1230 249 ANNo
1261 207 1351 249 10⁰.
1566 204 1657 246 415

123 318 200 378 {³3:713-
275 330 416 351 anorum
434 320 523 351 infra
542 319 867 352 Archidiaconatum
888 317 1153 351 Cornubiensem
1173 317 1472 355 mmmm-aucium,
1493 319 1556 347 etc*
1574 327 1581 345 ι
1607 324 1667 355 per

127 388 168 412 30·
192 368 200 372 “
274 373 379 395 unum
397 373 523 395 annum
543 363 753 396 duraturam.

132 419 189 446 Vol.
207 418 293 455 1-St.
316 418 515 454 Micliael's
537 418 579 453 M
584 424 693 462 ount,
718 418 858 467 Priory
880 418 919 453 of
933 431 942 464 ,·
971 418 1036 454 Ad
1053 416 1273 463 elissendum
1304 413 1636 462 Confessorem,—

231 471 330 511 Item,
360 471 556 509 Londoniis,
584 471 643 511 xxj
672 471 736 510 die,
766 471 935 502 Dominus
961 471 1128 502 concessit
1154 469 1348 501 Licenciam
1374 469 1489 500 Fratri
1516 467 1667 499 Johanni

273 515 328 554 [de
348 514 503 555 Volant],
526 514 638 546 Priori
660 515 838 546 Prioratus
860 514 978 546 Sancti
999 512 1177 545 Michaelis
1198 513 1233 544 in
1255 512 1386 552 Monte,
1411 512 1455 543 ad
1476 510 1669 551 eligendum

277 557 342 589 sibi
370 568 475 589 unum
502 558 673 599 ydoneum
702 557 951 595 Confessorem,
982 557 1041 598 qui
1069 557 1183 598 ipsum
1212 554 1388 587 absolvere
1417 555 1537 596 possit,
1569 558 1659 591 ete.;

275 601 439 643 quamdiu
461 601 609 633 Domino
630 601 798 642 placuerit
821 601 1032 633 duraturam.

237 654 336 692 Case
356 655 396 692 of
415 655 566 692 assault
580 668 590 701 3
624 655 829 692 Absolucio
849 654 1342 698 eaecommmzfficatoramffi-

231 709 333 749 Item,
361 708 498 750 ibidem,
526 710 610 750 xxiij
653 709 706 741 die
741 708 909 747 Januarii,
938 707 1107 740 Dominus
1141 706 1290 739 absolvit
1325 705 1493 737 Thomam
1517 705 1610 736 Lane
1636 709 1669 736 et

276 752 488 785 WVillelmum
508 751 600 784 Lane
621 763 642 784 a
662 752 850 784 Sentenciis
872 751 1250 783 Excommunicacionis
1271 749 1428 790 Majoris,
1454 759 1538 790 quas
1560 749 1669 780 incur-

275 795 396 827 rebant
416 806 479 837 pro
500 806 549 835 ee,
572 800 606 828 et
626 806 667 827 ex
686 805 735 833 eo,
758 795 850 836 quod
868 805 990 826 manus
1010 793 1190 833 violentas,
1214 794 1248 825 in
1269 804 1351 824 casu
1372 804 1392 824 a
1410 794 1486 834 jure
1507 803 1574 823 non
1596 802 1668 833 per-

276 840 391 876 misso,
412 841 448 871 in
465 839 630 870 Dominos
649 838 862 870 Willelmum
879 837 980 879 Trey,
1002 836 1214 869 Willelmum
1232 836 1459 877 WVythyman,
1482 847 1518 867 ac
1539 835 1561 867 J
1564 835 1666 866 ohau-

275 892 353 914 nem
378 882 520 924 Sparke,
547 881 766 923 presbiteros,
793 891 925 912 necnon
947 880 1113 913 Thomam
1137 881 1265 921 Lange,
1292 880 1465 919 clericum,
1493 879 1672 911 Ministros

276 927 311 958 in
338 926 492 958 Ecclesia
517 925 715 958 Cathedrali
742 925 883 964 Exonie,
912 929 1041 956 temere
1064 925 1268 964 injecerunt,
1299 935 1318 955 a
1346 922 1481 956 Canone
1508 924 1550 955 Si
1578 924 1666 965 quis,

279 970 444 1002 suadente
458 969 606 1005 diabolo,
622 972 656 1000 et
672 968 748 1000 aliis
761 966 1080 1000 Constitucionibus
1092 967 1194 999 editis
1206 967 1240 997 in
1253 977 1292 997 ea
1304 971 1401 1007 parte
1416 978 1422 1004 ;
1434 967 1591 1006 injuncta
1604 968 1663 997 eis-

278 1013 353 1044 dem
373 1023 434 1053 pro
455 1013 643 1044 commissis
663 1012 857 1053 penitencia
876 1011 1041 1049 salutari;
1069 1010 1240 1051 videlicet,
1262 1011 1354 1052 quod
1375 1021 1434 1042 sex
1454 1010 1584 1042 Diebus
1605 1010 1671 1041 Do<

277 1057 411 1088 minicis
431 1067 450 1087 a
467 1056 541 1087 loco
561 1066 627 1097 quo
647 1055 863 1096 deliquerint,
886 1054 1089 1093 discalciati,
1111 1055 1182 1086 sine
1202 1056 1303 1096 togis,
1327 1054 1488 1095 capuciis,
1511 1058 1545 1085 et
1564 1055 1669 1087 zonis.

277 1109 386 1140 usque
410 1099 453 1131 ad
479 1099 667 1131 Ecclesiam
695 1098 936 1132 Cathedralem
963 1101 1159 1139 properent,
1190 1102 1224 1130 et
1250 1108 1364 1129 coram
1391 1096 1671 1128 Processionibus

278 1143 423 1184 publicis
442 1143 606 1174 faciendis
625 1142 751 1174 ibidem
770 1153 862 1173 more
883 1143 1114 1183 penitencium
1134 1142 1304 1176 incedant,
1328 1152 1441 1172 cereos
1461 1142 1495 1172 in
1514 1140 1671 1172 inanibus

277 1187 469 1218 deferentes
483 1198 490 1221 ς
513 1196 610 1227 quos,
628 1186 777 1227 quidem,
795 1196 907 1217 cereos
922 1185 1065 1226 singulis
1081 1184 1212 1216 Diebus
1226 1185 1416 1216 Dominicis
1433 1185 1602 1216 dictorum
1619 1193 1675 1215 sex

280 1230 422 1261 Dierum
446 1231 489 1262 ad
513 1230 631 1270 Majus
655 1229 775 1261 Altare.
799 1230 887 1261 dicte
914 1230 1062 1260 Ecclesie
1089 1230 1243 1263 offerent.
1273 1233 1310 1260 ut
1337 1233 1388 1259 est
1414 1229 1528 1266 moris,
1557 1231 1672 1258 reatus

281 1274 333 1306 sui
355 1274 481 1305 crimen
502 1275 537 1305 in
559 1284 597 1305 ea
619 1277 716 1315 parte
738 1272 874 1314 publice.
897 1272 1099 1305 confitendo.

244 1327 416 1377 Orat-Gry
430 1340 440 1374 5
469 1327 629 1364 Licence
650 1333 685 1363 to
705 1327 953 1371 celebrate,—

237 1381 337 1421 Item,
364 1381 560 1416 Londoniis,
587 1381 720 1421 miiijto
746 1380 799 1412 die
823 1381 948 1411 mensis
973 1380 1141 1417 Januarii,
1171 1379 1339 1410 Dominus
1364 1379 1529 1410 concessit
1555 1378 1671 1409 Licen-

282 1425 368 1455 ciam
389 1424 538 1456 Johanni
559 1424 718 1455 Burdone
738 1427 772 1455 et
791 1423 947 1455 ‹Iohanni›
967 1424 1041 1462 ejus
1062 1423 1172 1460 uxori,
1196 1421 1286 1462 quod
1307 1422 1440 1463 possint
1460 1422 1571 1453 facere
1592 1421 1672 1452 cele<

281 1467 373 1498 brari
401 1467 529 1499 Divina
556 1468 589 1498 in
617 1466 758 1507 Capella
783 1468 855 1498 sive
881 1466 1041 1498 Oratorio
1066 1467 1155 1498 infra
1180 1466 1395 1497 Mansionem
1422 1464 1606 1496 eorundem
1633 1465 1673 1496 de

285 1510 534 1542 Burdonewere
554 1510 605 1550 [in
626 1510 663 1542 K
666 1510 925 1551 inqstciqnton],
947 1514 1010 1541 eto.
1029 1522 1036 1548 ;
1064 1520 1125 1551 per
1143 1519 1249 1541 unum
1270 1519 1395 1540 annum
1415 1508 1626 1539 duraturam.

245 1571 301 1607 St.
326 1569 490 1615 Probus,
526 1569 594 1606 the
615 1568 838 1607 Prebendal
859 1569 1018 1606 Church
1051 1569 1092 1606 of
1105 1582 1115 1615 3
1143 1570 1209 1606 Ad
1226 1569 1433 1606 citandum
1455 1569 1673 1605 adversari-

300 1638 368 1660 um
397 1623 578 1661 Willelmz'
598 1623 784 1669 Lede-s,—

243 1677 343 1716 Item,
364 1677 500 1713 ibidem,
522 1677 655 1717 xxiiijto
676 1677 739 1715 die,
762 1677 934 1708 emanavit
953 1675 1169 1711 Mandatum,
1192 1675 1255 1707 sub
1276 1675 1357 1707 data
1376 1675 1463 1706 xxmi
1483 1675 1548 1706 diei
1569 1675 1674 1706 Janu-

285 1722 360 1762 arii,
386 1721 554 1752 directum
576 1721 747 1761 Magistro
770 1719 922 1751 Roberto
948 1719 1135 1760 Suardeby,
1163 1719 1313 1750 Henrico
1338 1719 1497 1758 Nanvan,
1524 1718 1672 1750 Jolianni

282 1765 363 1797 Uda
392 1764 568 1805 Pengelly,
599 1764 749 1796 Johanni
780 1763 914 1796 Walter
943 1763 1172 1804 Tremynyon,
1206 1767 1240 1794 et
1269 1762 1420 1794 John-nni
1450 1762 1599 1799 Enmmt,
1632 1762 1675 1792 :id

284 1808 459 1840 citandum
479 1808 703 1839 Benedictum
723 1806 964 1848 Caunteibury
984 1806 1027 1837 ad
1045 1807 1308 1847 comparendum
1329 1807 1363 1837 in
1383 1806 1537 1837 Ecclesia
1556 1803 1676 1837 Cathe-

283 1851 370 1882 drali
394 1851 535 1892 Exonie,
562 1862 675 1882 coram
698 1850 841 1882 Officiali
868 1850 1054 1891 Principali
1079 1861 1137 1881 seu
1162 1850 1359 1881 Presidente
1385 1850 1596 1889 Colisistorii,
1623 1850 1677 1880 die

283 1894 379 1926 Lune
398 1895 556 1936 proxima
575 1898 655 1926 ante
675 1894 817 1925 Festum
837 1892 1042 1925 Sanctarum
1062 1892 1233 1934 Perpetue
1254 1896 1290 1924 et
1310 1892 1501 1924 Felicitatis
1522 1894 1677 1933 proximo

283 1938 451 1977 futurum,
473 1938 517 1969 ad
536 1937 810 1979 respondendum
830 1946 933 1977 super
951 1937 1141 1968 intrusione
1162 1936 1341 1975 cujusdam
1363 1935 1539 1967 Porcionis
1558 1936 1593 1966 in
1615 1935 1677 1966 Ec-

284 1981 387 2013 clesia
413 1982 530 2014 Sancti
556 1980 672 2017 Probi,
702 1979 829 2022 absque
854 1981 1062 2012 auctoritate
1088 1990 1147 2012 seu
1172 1979 1275 2011 titulo
1303 1979 1677 2017 sufficienti,——fructus

284 2025 485 2067 percipiens,
515 2028 603 2062 etc.;
637 2024 788 2066 alioquin
815 2023 857 2055 ad
884 2021 1113 2055 exhibendum
1139 2022 1292 2061 titulum,
1323 2023 1351 2054 si
1377 2033 1477 2064 quem
1505 2020 1674 2058 habuerit,

287 2070 323 2100 in
346 2069 463 2100 eadem
486 2068 662 2106 Porcione,
689 2072 724 2100 et
746 2067 909 2109 quicquid
933 2077 995 2108 pro
1019 2068 1095 2107 jure
1120 2077 1181 2097 suo
1204 2066 1238 2097 in
1262 2065 1326 2110 hac
1350 2070 1448 2106 parte
1473 2065 1675 2106 respondere

285 2112 444 2144 voluerit.
492 2112 539 2144 Et
556 2111 684 2144 habent
702 2112 746 2143 ad
764 2111 1021 2143 certificandum
1042 2111 1143 2142 dictis
1162 2111 1215 2141 die
1233 2114 1267 2141 et
1283 2109 1367 2141 loco.

248 2172 304 2209 St.
327 2171 436 2209 Neot
452 2185 462 2218 3
492 2171 629 2208 Litera
647 2171 984 2220 reparacionis,—

245 2225 344 2262 Item,
364 2224 501 2263 ibidem,
519 2232 637 2256 xxxmo
653 2225 707 2257 die
723 2225 745 2257 J
748 2225 891 2259 anuarii.
911 2224 1085 2255 emanavit
1100 2223 1305 2255 Mandatum
1322 2222 1363 2253 ad
1382 2221 1621 2262 inquirendum
1639 2221 1680 2252 de

289 2267 479 2301 defectibus
494 2268 633 2300 Vicarie
647 2267 763 2300 Sancti
779 2268 814 2299 N
816 2269 895 2305 eoti,
913 2268 947 2298 in
963 2264 1147 2302 cornubia„
1166 2276 1227 2307 pro
1243 2268 1341 2306 parte
1357 2265 1495 2296 Domini
1510 2263 1533 2295 J
1537 2263 1679 2295 ohannis

287 2311 478 2352 Trengoffe‚
496 2311 627 2343 Vicarii
643 2321 733 2342 nunc
750 2310 904 2351 ejusdem
920 2309 1070 2349 Vicarie,
1088 2319 1173 2350 quos
1190 2308 1358 2339 Dominus
1376 2307 1559 2348 [Ricardus
1576 2307 1679 2348 Galy]

291 2356 422 2387 dimisit
441 2355 660 2393 incorrectos,
682 2358 745 2386 etc.

252 2413 505 2450 Confessions
522 2425 531 2458 3
559 2413 626 2449 Ad
643 2412 892 2450 audiendum
915 2410 1250 2459 Cmffessiones,—

245 2466 346 2506 Item,
368 2465 506 2505 ibidem,
529 2465 651 2497 ultimo
671 2465 724 2497 die
745 2465 914 2502 Januarii,
938 2464 1107 2496 Dominus
1129 2464 1295 2495 concessit
1314 2463 1508 2494 Licenciam
1529 2462 1681 2494 Roberto

289 2508 575 2547 Haukesworthe,
604 2509 775 2549 Perpetuo
802 2508 941 2539 Vicario
967 2506 1096 2539 Curato
1123 2508 1154 2538 in
1181 2506 1334 2537 Ecclesia,
1359 2503 1545 2547 Collegiata
1573 2506 1681 2538 (iridi¹

289 2553 393 2592 tonie,
424 2552 468 2584 ad
497 2552 703 2584 audiendum
732 2551 969 2583 Confessiones
998 2550 1283 2591 parochianorum
1314 2560 1463 2583 suorum.
1496 2553 1584 2587 etc.;
1621 2559 1683 2590 per

294 2606 399 2628 unum
419 2605 546 2626 annum
562 2595 802 2626 tantummodo
822 2595 1033 2628 duraturam,
1058 2597 1120 2625 etc.

255 2656 427 2705 Oratory
445 2669 454 2701 3
482 2655 642 2691 Licence
663 2660 698 2690 to
718 2654 963 2698 celebrates-—

248 2710 349 2745 Item,
369 2709 495 2741 eisdem
513 2708 566 2740 die
584 2712 617 2740 et
633 2707 719 2745 loco,
740 2707 908 2739 Dominus
925 2707 1091 2738 concessit
1109 2704 1303 2737 Licenciam
1321 2704 1451 2736 Jacobo
1469 2704 1510 2736 de
1527 2703 1682 2736 Chudde-

291 2752 390 2794 leghe
408 2756 442 2783 et
460 2751 483 2783 J
486 2750 618 2783 ohanne
636 2752 711 2791 ejus
731 2751 840 2788 uxori,
862 2750 953 2790 quod
972 2749 1106 2790 possint
1124 2749 1235 2780 facere
1257 2747 1418 2779 celebrari
1439 2747 1577 2784 Divina,
1599 2750 1678 2784 etc.‚

294 2797 330 2828 in
355 2794 494 2838 Capella
519 2795 590 2826 sive
616 2793 776 2826 Oratorio
800 2793 891 2825 infra
916 2792 1129 2824 Mansionem
1154 2791 1338 2824 eorundem
1364 2791 1405 2824 de
1433 2791 1618 2829 Shirwelle,
1646 2801 1680 2822 m
