1987 3062
273 255 367 299 292

277 369 353 395 A.D.

274 402 349 429 1372.

272 436 338 463 Vol.
354 436 376 462 1.

283 1758 329 1784 fol.

282 1792 342 1818 281).

484 267 582 299 THE
617 266 856 299 REGISTER
894 265 953 298 OF
990 264 1165 298 BISHOP
1202 264 1602 298 BRANTYNGHAM.

432 381 507 402 mus
524 381 743 411 expensarum
760 381 858 401 onera
874 370 968 401 nobis
984 370 1214 401 incumbencia
1230 371 1359 402 facilius
1375 372 1579 412 subportare,
1593 371 1633 402 ad
1651 371 1806 412 recipien-

432 415 514 445 dum
537 425 596 455 pro
620 415 714 445 nobis
739 414 910 452 ambobus,
927 416 997 445 tam
1022 413 1055 443 in
1080 414 1230 445 absencia
1246 425 1345 455 quam
1362 415 1395 445 in
1413 416 1588 455 presencia,
1613 414 1808 455 hujusmodi

431 459 643 498 negociorum
660 461 849 488 nostrorum
868 457 1098 497 prosecucione
1121 458 1273 496 durante,
1290 459 1372 488 duas
1389 462 1497 498 partes
1514 469 1554 489 ex
1570 457 1808 499 procuracioni-

429 501 491 532 bus
508 512 590 541 quas
607 511 694 532 unus
711 501 751 531 de
769 500 1000 531 cardinalibus
1018 501 1136 531 Sancte
1153 502 1301 532 Romane
1320 502 1471 539 Ecclesie,
1489 505 1561 539 etc„
1580 512 1638 541 pro
1654 501 1722 532 suis
1737 511 1806 541 pro-

428 545 657 575 curacionibus
681 544 824 584 recipere
847 543 1020 574 consuevit
1037 554 1044 581 3
1068 554 1143 583 que,
1163 544 1325 582 videlicet,
1342 545 1383 575 ad
1401 544 1559 585 majorem
1577 554 1741 575 summam
1759 554 1806 574 as-

428 588 568 618 cendere
591 587 820 625 dinoscuntur,
845 597 863 617 a
886 587 1138 618 Venerabilibus
1163 588 1326 626 Patribus,
1353 588 1504 618 Dominis
1536 587 1806 627 Archiepiscopis‚

429 631 608 671 EpiscopiS,
628 630 824 668 Abbatibus,
843 630 1022 668 Prioribus,
1042 630 1191 669 Decanis,
1209 631 1398 671 Prepositis,
1417 630 1675 667 Archidiaconis,
1693 630 1807 661 Archi-

429 674 629 712 presbiteris,
644 677 677 704 et
690 674 762 704 aliis
777 673 996 704 Ecclesiarum
1015 673 1154 704 Prelatis
1168 679 1202 704 et
1216 674 1423 713 Rectoribus,
1438 679 1472 704 et
1483 674 1555 704 aliis
1570 673 1807 704 Ecclesiasticis

429 717 590 756 Personis,
608 717 772 757 exemptis
789 720 824 747 et
839 727 904 747 non
922 717 1095 756 exemptis,
1113 717 1357 758 cujuscumque
1374 721 1493 756 status,
1510 721 1583 756 etc.,
1601 717 1756 755 existant,
1774 719 1807 746 et

427 761 454 791 si
478 760 756 800 Archiepiscopali
781 759 832 790 vel
856 759 1043 800 Episcopali
1074 760 1284 800 prefulgeant
1315 761 1488 800 dignitate,
1523 760 1618 791 nobis
1650 770 1707 799 per
1731 770 1807 790 suas

430 803 558 834 Literas
573 803 718 834 bullatas
741 803 886 843 plenarie
902 803 1063 834 concessit
1082 803 1286 841 facultatem,
1305 808 1406 844 prout
1429 804 1462 834 in
1488 803 1710 834 Processubus
1734 813 1806 833 nos-

428 847 500 885 tris,
517 847 596 877 alias
614 846 705 877 vobis
721 847 862 877 directas
875 856 913 877 ac
930 857 986 886 per
1002 857 1060 877 vos
1077 847 1227 886 receptis,
1245 851 1288 886 et,
1305 847 1418 886 eciam,
1436 850 1537 888 prout
1553 847 1646 877 nobis
1663 849 1807 882 constat,

427 900 528 931 penes
545 900 602 921 vos
619 889 911 930 dimissis—qnos„
926 893 960 920 et
976 893 1133 920 contenta
1149 891 1182 920 in
1196 890 1330 928 eisdem,
1345 890 1506 921 habemus
1519 901 1578 930 pro
1594 890 1756 929 expressis
1773 892 1808 919 et

427 934 481 964 hic
493 933 669 964 inserimus
682 936 717 963 et
727 944 785 973 pro
798 933 930 963 insertis
944 932 1057 963 haberi
1071 933 1411 973 volumus,—plenius
1425 934 1623 964 continetur.
1662 933 1716 971 Et,
1731 933 1808 963 licet

427 976 564 1017 grandia
579 986 798 1017 expensarum
815 986 914 1006 onera
926 976 960 1006 in
978 976 1207 1016 prosecucioue
1224 976 1419 1017 hujusmodi
1444 977 1664 1017 negociorum,
1685 976 1807 1016 quibus

428 1020 471 1051 ad
488 1030 621 1060 presens
637 1019 834 1058 insistimus,
848 1022 1041 1059 oportuerat
1058 1022 1092 1050 et
1108 1022 1260 1060 oporteat
1277 1030 1336 1050 nos
1353 1020 1472 1058 subire,
1490 1020 1807 1059 procuracionesque

428 1074 487 1104 pro
503 1063 648 1094 secundo
663 1072 750 1093 anno
766 1062 1001 1093 Nunciaeionis
1024 1066 1137 1093 nostre
1159 1073 1178 1093 a
1202 1063 1295 1093 vobis
1311 1067 1345 1094 et
1361 1063 1516 1102 predictis
1535 1063 1718 1103 Episcopis,
1734 1068 1806 1101 etc,

427 1109 528 1147 prout
543 1106 695 1146 superius
708 1109 759 1137 est
774 1115 976 1145 expressum,
994 1106 1029 1136 in
1046 1106 1135 1136 dicto
1154 1106 1265 1146 Regno
1277 1106 1394 1146 Anglie
1405 1106 1674 1144 consistentibus,
1691 1116 1807 1136 earun-

427 1151 503 1181 dem
522 1149 710 1180 Literarum
728 1149 994 1189 Apostolicarum
1011 1149 1121 1188 vigore
1137 1149 1304 1179 debentur
1319 1160 1326 1188 3
1351 1149 1508 1188 volentes,
1526 1152 1649 1188 tamen,
1664 1149 1757 1179 vobis
1774 1152 1808 1180 et

428 1193 584 1224 omnibus
600 1192 671 1223 aliis
688 1195 722 1222 et
738 1192 876 1231 singulis
893 1192 1104 1232 supradictis,
1124 1192 1157 1222 in
1174 1195 1341 1232 quantum
1365 1193 1600 1223 convenienter
1616 1202 1805 1232 possumuS,

432 1246 563 1277 parcere
576 1236 640 1266 ista
654 1235 731 1274 vice,
749 1236 790 1266 de
807 1235 938 1266 duobus
955 1235 1097 1266 denariis
1113 1236 1154 1265 de
1170 1235 1254 1266 libra
1265 1236 1416 1276 qualibet
1432 1236 1586 1266 volumus
1603 1236 1807 1273 contentari3

429 1289 531 1320 quam
554 1289 730 1317 summam,
756 1279 840 1310 duos
857 1278 1009 1309 videlicet
1033 1279 1183 1309 denarios
1207 1279 1247 1309 de
1270 1279 1362 1317 libra,
1380 1279 1586 1310 decrevimus
1609 1279 1678 1309 fore
1694 1282 1807 1319 peteu-

429 1324 516 1361 dam,
534 1322 739 1362 exigendam,
757 1322 931 1353 levandam
952 1325 986 1352 et
1010 1322 1230 1362 recipiendam
1248 1332 1266 1352 a
1283 1322 1375 1353 vobis
1398 1326 1433 1353 et
1456 1323 1578 1353 eisdem
1596 1323 1751 1353 omnibus
1774 1325 1808 1353 et

429 1366 569 1406 singulis
587 1365 796 1405 supradictis.
843 1365 1000 1405 Ideoque,
1019 1366 1230 1396 Auctoritate
1248 1366 1437 1406 Apostolica
1454 1366 1548 1396 nobis
1572 1366 1606 1396 in
1630 1365 1690 1396 hac
1714 1369 1809 1406 parte

429 1419 590 1448 concessa,
607 1409 799 1440 discrecioni
815 1411 934 1447 vestre,
961 1409 1002 1439 de
1025 1419 1092 1448 qua
1115 1409 1247 1449 plenam
1263 1409 1296 1440 in
1312 1410 1457 1440 Domino
1480 1409 1635 1440 fiduciam
1652 1410 1807 1449 gerimus,

430 1453 472 1483 ad
489 1453 682 1493 petendum,
701 1452 890 1490 levandum,
915 1455 950 1482 et
973 1452 1209 1492 recipiendum,
1228 1463 1287 1493 pro
1311 1452 1406 1483 nobis
1423 1456 1457 1483 et
1474 1452 1609 1483 nomine
1625 1456 1749 1491 nostro,
1768 1453 1808 1483 de

430 1496 584 1527 omnibus
601 1499 636 1526 et
652 1495 790 1535 singulis
815 1495 966 1526 Personis
989 1496 1141 1535 superius
1163 1496 1372 1536 expressatis,
1397 1506 1455 1536 per
1478 1507 1534 1526 vos
1551 1496 1601 1526 vel
1625 1496 1727 1526 alium
1751 1507 1808 1526 seu

430 1539 520 1578 alios,
538 1539 572 1569 in
591 1539 736 1570 Civitate
753 1541 787 1569 et
803 1538 932 1569 Diocesi
956 1538 1091 1576 Exonie,
1109 1539 1142 1569 in
1171 1542 1336 1579 quantum
1354 1550 1408 1569 eos
1422 1539 1590 1570 concernit
1608 1539 1808 1579 procuracio-

432 1583 482 1613 nis
498 1586 611 1613 nostre
635 1581 813 1619 antedicte,
830 1585 931 1621 prout
955 1592 1012 1621 per
1036 1592 1095 1612 nos
1119 1582 1271 1622 superius
1295 1586 1346 1613 est
1369 1583 1601 1619 declaratum;
1625 1583 1807 1613 contradic-

432 1630 531 1664 tores,
557 1635 699 1666 quoque,
732 1628 767 1656 et
797 1625 934 1655 rebelles
966 1635 1024 1665 per
1055 1625 1239 1656 Censuram
1272 1626 1545 1664 Ecclesiasticam,
1578 1626 1810 1666 Appellacione

432 1670 627 1709 postposita,
662 1668 899 1708 compescendi,
932 1667 1063 1708 plenam
1095 1669 1128 1698 in
1161 1669 1304 1699 Domino
1335 1672 1450 1699 tenore
1482 1669 1693 1699 Presencium
1733 1680 1809 1700 con·

432 1712 582 1743 cedimus
599 1711 804 1743 facultatem.
863 1712 919 1748 Et,
936 1711 1181 1749 nichilominus,
1198 1713 1330 1742 eosdem
1355 1712 1512 1750 Abbates,
1529 1715 1603 1750 etc„
1618 1723 1683 1743 non
1700 1712 1810 1743 inten—

433 1756 551 1786 dentes
573 1758 748 1795 propterea
770 1753 965 1794 hujusmodi
990 1755 1263 1786 commissionem
1287 1759 1434 1786 nostram
1459 1756 1492 1786 in
1516 1755 1627 1796 aliquo
1650 1766 1810 1794 revocare,

436 1798 647 1829 Auctoritate
673 1798 860 1838 Apostolica
884 1797 999 1837 primo,
1018 1799 1172 1836 secundo,
1190 1799 1291 1829 tercio
1312 1802 1346 1829 et
1371 1799 1590 1838 peremptorie
1613 1799 1812 1839 requirimus

434 1845 469 1872 et
481 1851 664 1880 monemus,
678 1841 824 1881 ipsisque
841 1844 876 1871 et
886 1851 999 1871 eorum
1011 1840 1149 1879 singulis
1161 1842 1193 1871 in
1208 1842 1334 1872 virtute
1348 1842 1467 1872 Sancte
1482 1842 1689 1880 Obediencie,
1704 1845 1737 1872 et
1749 1843 1812 1873 sub

435 1885 528 1925 penis
538 1884 766 1924 infrascriptis,
781 1883 989 1924 injungimus
1000 1894 1045 1919 ac,
1055 1884 1206 1915 districte
1218 1885 1437 1925 precipiendo,
1446 1885 1642 1915 mandamus
1653 1886 1812 1926 quatinus

434 1928 522 1958 infra
538 1927 637 1958 unius
653 1927 775 1958 mensis
790 1927 948 1967 spacium,
966 1937 984 1957 a
1006 1927 1127 1957 noticia
1152 1927 1313 1967 presentis
1336 1928 1441 1958 nostri
1465 1928 1638 1959 Processus
1662 1932 1696 1959 et
1719 1929 1752 1959 in
1776 1939 1814 1959 eo

435 1973 679 2008 contentorum,
697 1980 755 2001 seu
772 1970 988 2010 requisicione
1004 1980 1103 2009 super
1119 1970 1178 2000 hec
1195 1971 1283 2001 facta
1292 1974 1325 2002 et
1341 1971 1374 2001 in
1387 1974 1485 2001 antea
1495 1972 1814 2011 computandum,—

435 2015 535 2055 quod,
554 2014 699 2054 quidem,
717 2013 866 2052 spacium
882 2013 927 2043 eis
944 2013 1099 2044 omnibus
1116 2017 1150 2043 et
1166 2014 1306 2053 singulis
1330 2025 1387 2054 pro
1404 2015 1520 2054 prium,
1537 2016 1692 2052 secundo,
1711 2016 1813 2046 tercio

435 2062 469 2088 ct
482 2057 703 2098 peremptorio
720 2056 864 2087 termino
880 2067 916 2086 ac
933 2056 1117 2086 Monicione
1134 2057 1298 2088 Canonica
1314 2060 1428 2087 tenore
1448 2058 1655 2089 Presencium
1670 2059 1811 2098 assigna-

435 2100 670 2139 mus‚——v0bis,
698 2110 755 2130 seu
787 2099 841 2130 alii
868 2099 919 2130 vel
950 2099 1021 2129 aliis
1049 2099 1090 2130 de
1117 2099 1179 2130 hoc
1203 2103 1313 2130 vestro
1348 2101 1494 2140 periculo
1518 2101 1729 2141 deputandis,
1755 2113 1813 2142 pro

436 2143 632 2183 hujusmodi
649 2143 773 2173 nostris
789 2142 1078 2182 procuracionibus
1095 2153 1153 2183 pro
1169 2144 1314 2174 secundo
1331 2154 1418 2174 anno
1443 2144 1677 2175 Nunciacionis
1701 2149 1813 2176 nostre

437 2187 569 2224 debitis,
601 2186 743 2226 quilibet
773 2185 927 2216 videlicet
958 2186 1183 2226 predictorum
1213 2187 1365 2227 superius
1404 2187 1653 2226 designatorum
1684 2192 1812 2228 partem

438 2240 532 2261 suam
560 2230 706 2260 debitam
735 2229 1008 2269 procuracionum
1034 2233 1222 2260 nostrarum
1248 2230 1282 2260 in
1308 2230 1509 2270 Episcopatu
1542 2235 1661 2270 vestro,
1690 2232 1814 2271 absque

438 2273 644 2311 difficultate,
670 2272 836 2312 persolvat
859 2282 934 2303 cum
958 2273 1087 2303 effectu.
1137 2272 1215 2311 Vos,
1234 2283 1377 2313 quoque,
1395 2274 1577 2304 Dominum
1602 2274 1812 2314 Episcopum,

438 2316 617 2354 Vicarium,
643 2315 833 2353 Officialem,
859 2318 893 2346 et
916 2316 1157 2346 Locatenentes
1189 2316 1364 2355 predictos,
1389 2320 1423 2347 et
1444 2321 1594 2347 vestrum
1618 2318 1812 2357 quemlibet,

438 2360 536 2390 modo
559 2363 593 2390 et
616 2359 722 2389 forma
745 2359 901 2399 predictis
917 2359 1118 2398 requirimus
1134 2362 1168 2389 et
1192 2369 1374 2397 monemus,
1400 2360 1558 2400 vobisque
1580 2361 1814 2391 nichilominus

437 2407 472 2433 et
489 2409 637 2433 vestrum
650 2402 797 2440 cuilibet,
816 2402 1025 2432 Auctoritate
1042 2402 1200 2441 predicta,
1220 2402 1428 2442 injungimus
1444 2406 1555 2443 atque,
1573 2403 1725 2434 districte
1742 2414 1812 2444 pre-

440 2446 600 2486 cipiendO,
625 2446 823 2476 mandamus
846 2445 1014 2485 quatinus,
1038 2445 1126 2475 infra
1149 2445 1247 2475 unius
1271 2446 1393 2476 mensis
1416 2447 1562 2486 spacium
1587 2456 1605 2476 a
1628 2447 1681 2477 die
1704 2457 1812 2487 recep-

439 2489 540 2520 cionis
557 2488 769 2519 Presencium
786 2488 1060 2528 computandum,
1077 2488 1166 2528 quod
1182 2488 1330 2528 spacium
1348 2489 1440 2520 vobis
1455 2493 1489 2519 et
1507 2492 1655 2520 vestrum
1678 2490 1814 2521 cuilibet

440 2532 527 2572 [pro]
545 2531 765 2572 peremptorio
784 2531 927 2562 termino
943 2541 979 2561 ac
1002 2531 1187 2561 Monicione
1205 2532 1368 2562 Canonica
1391 2532 1605 2571 assignamuS,
1624 2536 1812 2572 presentem

441 2578 593 2606 nostrum
612 2575 805 2606 Processum
822 2578 856 2604 et
871 2577 1028 2605 contenta
1044 2574 1077 2604 in
1094 2584 1131 2604 eo
1148 2575 1189 2604 ad
1207 2574 1361 2605 noticiam
1378 2575 1529 2606 omnium
1546 2579 1580 2606 et
1603 2576 1812 2616 singulorum

439 2618 605 2649 dictarum
638 2618 791 2648 Civitatis
822 2621 857 2648 et
888 2617 1033 2648 Diocesis
1065 2617 1191 2647 Exonie
1221 2627 1304 2657 quos
1335 2628 1469 2658 presens
1500 2619 1608 2658 tangit
1638 2619 1810 2659 negocium

438 2662 610 2699 deducere,
627 2661 781 2701 ipsosque
797 2670 855 2700 per
871 2670 939 2698 vos,
959 2660 1010 2690 vel
1027 2660 1129 2690 alium
1146 2670 1202 2690 seu
1220 2661 1309 2698 alios,
1326 2661 1494 2701 requirere
1511 2672 1609 2702 super
1625 2661 1689 2692 hiis
1701 2662 1812 2692 debite

437 2707 471 2734 et
501 2704 640 2734 sollicite
670 2704 862 2744 procuretis,
889 2703 1078 2733 adhibendo
1108 2703 1316 2743 diligenciam
1343 2704 1491 2735 debitam
1514 2705 1547 2735 in
1572 2705 1755 2745 colligendo
1778 2708 1812 2735 et

436 2746 622 2786 recipiendo
646 2746 819 2786 pecuniam
843 2746 1114 2786 procuracionum
1139 2746 1342 2786 hujusmodi,
1361 2758 1397 2777 ac
1422 2747 1623 2778 Collectores
1645 2759 1703 2778 seu
1727 2747 1810 2779 Sub-

436 2790 624 2820 collectores
641 2799 724 2830 quos
740 2789 780 2820 ad
798 2789 859 2820 hoe
875 2789 1116 2829 deputaveritis
1132 2789 1302 2820 reddendo
1318 2791 1361 2821 ad
1376 2790 1438 2821 hoc
1454 2790 1593 2822 sollicite
1610 2794 1644 2821 et
1667 2793 1807 2822 attente.

437 2832 587 2874 Insuper,
605 2836 712 2863 totam
729 2832 913 2874 predictam
931 2833 1103 2873 pecuniam
1120 2832 1161 2863 ad
1177 2843 1278 2875 quam
1302 2833 1336 2864 in
1362 2833 1507 2865 Civitate
1530 2837 1565 2865 et
1588 2834 1717 2865 Diocesi
1740 2844 1809 2876 pre-
