1987 3062
307 243 400 290 {35523

301 355 368 381 An

302 375 378 416 13'751

303 423 366 449 Vol.
385 423 408 449 1.

528 254 627 288 THE
652 253 897 288 REGISTER
922 252 980 287 OF
1006 251 1184 287 BISHOP
1208 251 1610 288 BRANTYNGHAM.

454 357 636 395 confovere,
660 359 695 387 et
722 356 834 395 eciam,
860 366 936 387 cum
960 358 1096 395 tempus
1122 356 1276 395 exegerit,
1301 355 1403 387 libere
1430 366 1606 394 amovere3
1635 356 1830 393 multorum,

455 400 630 441 siquidem,
654 400 879 430 insinuacione
903 399 943 429 ad
968 403 1120 429 nostrum
1148 399 1300 439 pervenit
1326 400 1479 430 auditum
1504 400 1593 440 quod
1617 398 1831 439 quamplures

457 444 562 475 nostri
586 443 723 480 subditi,
741 446 900 483 tanquam
925 442 984 473 filii
1007 442 1183 479 degeneres
1207 446 1322 473 contra
1347 443 1461 473 Patres
1484 443 1679 483 Spiritu-ales
1702 441 1830 472 notorie

453 487 673 527 insurgentes,
691 486 821 516 diabolo
845 486 1016 524 suadente,
1041 486 1303 516 Ecclesiasticam
1327 486 1542 524 Libertatem,
1566 496 1694 516 necnon
1718 485 1829 516 lauda-

454 531 536 560 biles
568 529 835 560 Constitucioues
866 529 1029 568 predictas
1060 532 1216 566 evertere,
1249 529 1449 569 clericosque
1481 529 1628 568 viciosos,
1655 532 1689 559 et
1716 531 1831 559 contra.

454 574 620 611 Rectores,
644 573 800 610 vicarios,
824 575 858 602 et
883 572 1076 611 Capellauos
1101 572 1305 602 Parochiales
1331 572 1477 610 rebelles,
1506 583 1633 603 necnon
1657 571 1698 602 ad
1722 582 1829 602 excer-

453 616 557 647 cenda
574 616 769 656 hujusmodi
792 615 896 646 officia
919 615 1139 654 laudabiliter,
1158 620 1257 655 prout
1280 616 1384 653 decet,
1401 616 1512 646 minus
1535 615 1689 655 ydoneos,
1708 618 1831 652 tenere,

453 660 625 697 sustinere,
654 664 688 689 et
719 659 831 689 fovere
855 659 961 688 indies
993 669 1059 688 non
1090 658 1267 696 desistunt,
1294 659 1327 688 in
1356 669 1490 689 suarum
1518 659 1703 688 animarum
1731 668 1830 697 grave

453 703 648 743 periculum,
677 703 912 741 dictorumque
937 702 1128 739 Rectorum,
1154 705 1227 738 ete„
1256 701 1475 742 prejudicium
1506 712 1573 732 non
1604 702 1771 732 modicum
1796 705 1831 731 et

452 756 639 786 gravamen,
672 750 705 776 et
736 745 837 776 eciam
870 745 1009 775 aliorum
1041 745 1167 776 Christi
1197 745 1347 775 fidelium
1378 745 1598 785 perniciosum
1626 744 1827 784 exemplum.

452 789 620 827 Volentes,
645 789 756 827 igitur,
773 788 871 829 juxta
895 788 1001 819 Officii
1025 788 1129 818 nostri
1152 788 1314 827 debitum,
1341 788 1610 819 Constitucioues
1633 787 1828 827 hujusmodi

453 832 645 870 laudabiles,
664 843 729 872 que
745 842 804 872 per
820 831 1055 871 necligenciam
1071 835 1151 862 sunt
1174 831 1302 869 omisse,
1320 831 1352 861 in
1378 832 1555 871 pristinum
1581 835 1709 862 statum
1733 831 1828 860 redu-

450 887 532 914 cere,
550 886 586 906 ac
610 876 697 915 ipsas
720 875 864 905 illibatas
887 874 921 905 in
946 878 1116 914 posterum
1140 874 1314 913 observari,
1339 885 1398 914 pro
1422 875 1666 915 tranquillitate
1691 884 1727 904 ac
1752 884 1830 913 pace

451 919 538 950 inter
563 920 727 957 Rectores,
752 922 824 956 etc„
849 928 885 948 ac
907 918 1118 957 parochianos
1143 921 1330 948 nostrarum
1349 918 1503 949 Civitatis
1519 922 1553 948 et
1569 918 1715 948 Diocesis
1737 920 1829 947 ante-

450 963 617 993 dictarum
646 961 815 1000 habendis,
840 971 967 991 necnon
990 961 1168 991 discordias
1193 961 1282 991 inter
1307 961 1395 1001 ipsos
1424 961 1631 1001 temporibus
1657 960 1829 990 retroactis

450 1009 575 1036 temere
585 1005 761 1036 suscitatas
775 1005 908 1035 inantea
918 1005 1031 1034 sedare
1048 1004 1233 1042 salubriter,
1248 1009 1348 1042 prout
1358 1005 1453 1035 decet
1466 1015 1473 1041 3
1491 1004 1592 1042 vobis,
1606 1003 1830 1034 communiter

452 1053 486 1079 et
510 1049 652 1087 divisim,
675 1048 928 1086 committimus,
953 1051 1029 1084 etc.‚
1046 1047 1207 1087 quatinus
1234 1047 1429 1087 hujusmodi
1455 1048 1653 1077 Mandatum
1676 1050 1828 1077 nostrum

451 1095 487 1122 et
503 1091 576 1132 ejus
594 1092 749 1122 effectum
766 1091 798 1121 in
817 1091 931 1130 lingua
957 1091 1070 1130 patrie,
1089 1090 1215 1120 Diebus
1233 1090 1416 1121 Dominicis
1433 1094 1467 1121 et
1484 1091 1554 1120 aliis
1572 1090 1722 1128 Festivis,
1740 1090 1828 1119 intra

451 1135 627 1165 Missarum
652 1134 843 1174 solempnia,
869 1139 945 1172 post
968 1133 1191 1173 recepcionem
1217 1133 1428 1164 presencium
1452 1133 1563 1164 debite
1588 1133 1772 1172 publicetis,
1797 1136 1832 1163 et

450 1179 599 1218 publicet
615 1178 757 1217 quilibet
774 1183 935 1215 vestrum,
954 1176 1033 1207 locis
1053 1176 1208 1215 congruis
1231 1180 1265 1207 et
1289 1177 1496 1216 temporibus
1520 1177 1703 1216 oportunis.
1752 1176 1828 1206 Pre-

451 1222 567 1252 sertim
598 1221 754 1251 volumus
785 1221 875 1261 quod
908 1231 974 1257 vos,
1001 1220 1247 1257 Archidiacone,
1276 1220 1343 1250 sive
1373 1224 1481 1251 vester
1507 1220 1672 1258 officialis,
1699 1219 1829 1250 dictum

452 1265 649 1295 Mandatum
678 1267 831 1294 nostrum
860 1264 893 1293 in
922 1263 1061 1303 singulis
1090 1263 1254 1303 Capitulis
1279 1274 1336 1303 per
1362 1274 1419 1294 vos
1444 1264 1594 1303 proximo
1626 1262 1829 1293 celebrandis

449 1308 581 1348 publice
598 1318 634 1338 ac
649 1307 865 1347 solempniter
881 1307 1064 1346 exponatis,
1081 1317 1138 1337 seu
1155 1307 1283 1337 faciatis
1301 1307 1419 1346 exponi
1436 1317 1588 1347 congrue,
1606 1309 1706 1346 prout
1723 1306 1827 1336 decet.

450 1351 623 1390 Moneatis,
640 1351 752 1389 eciam,
771 1353 806 1381 et
822 1350 996 1381 efficaciter
1016 1350 1182 1380 inducatis
1198 1360 1312 1380 omnes
1336 1353 1371 1380 et
1393 1350 1540 1389 singulos
1565 1349 1777 1389 parochianos
1794 1352 1829 1379 et

448 1395 600 1425 subditos
618 1398 749 1425 nostros
767 1394 1063 1424 Archidiaconatus
1081 1393 1230 1433 predicti,
1248 1403 1289 1423 ne
1306 1393 1380 1432 quis
1403 1394 1551 1433 ipsorum
1569 1393 1609 1423 de
1634 1392 1829 1433 hujusmodi

448 1438 560 1468 officiis
585 1441 757 1477 presumat
780 1438 821 1467 de
844 1441 953 1467 cetero
977 1437 1203 1467 intromittere
1225 1447 1359 1476 quoquo
1385 1437 1491 1473 modo,
1508 1437 1571 1467 sub
1588 1447 1672 1476 pena
1689 1437 1828 1466 Senten-

447 1481 496 1511 cie
517 1481 653 1520 Majoris
678 1480 1050 1518 Excommunicacionis,
1074 1490 1173 1519 quam
1199 1479 1231 1509 in
1257 1480 1551 1517 contravenientes,
1577 1483 1612 1510 et
1635 1479 1829 1519 hujusmodi

449 1524 607 1554 Mandato
631 1529 745 1554 nostro
771 1524 1013 1554 contumaciter
1036 1534 1149 1563 parere
1173 1533 1238 1553 non
1263 1526 1427 1561 curantes,
1446 1523 1653 1553 intendimus
1677 1533 1741 1552 non
1767 1522 1827 1552 im-

450 1568 568 1598 merito
596 1567 783 1597 fulminare.
844 1566 1066 1607 Inquirentes,
1095 1566 1339 1604 nichilominus,
1368 1567 1409 1596 de
1438 1566 1628 1596 nominibus
1655 1565 1827 1596 rebellium

448 1614 483 1641 et
506 1610 721 1650 culpabilium
750 1611 783 1640 in
809 1609 869 1640 hac
894 1613 986 1649 parte
1007 1619 1014 1644 ;
1038 1613 1081 1648 et,
1106 1609 1133 1640 si
1157 1620 1240 1649 quos
1264 1610 1346 1640 tales
1370 1609 1572 1646 inveneritis,
1598 1609 1685 1649 ipsos
1709 1608 1827 1647 citetis,

449 1654 584 1684 citarive
608 1653 738 1684 faciatis
762 1653 993 1693 peremptorie,
1017 1653 1107 1693 quod
1131 1656 1343 1692 compareant
1370 1663 1480 1683 coram
1509 1653 1612 1689 nobis,
1638 1652 1690 1682 vel
1714 1656 1827 1681 nostro

450 1697 683 1728 Commissario
714 1697 747 1726 in
781 1696 841 1726 hac
880 1700 981 1736 parte,
1017 1696 1219 1736 ubicumque
1258 1696 1420 1726 fuerimus
1458 1697 1491 1726 in
1531 1699 1644 1726 nostra
1684 1695 1828 1727 Civitate

449 1740 501 1770 vel
521 1740 656 1778 Diocesi,
677 1739 826 1780 proximo
853 1740 907 1769 die
928 1740 1079 1771 Juridico
1106 1744 1181 1779 post
1209 1739 1411 1779 quindenam
1441 1739 1619 1770 Citacionis
1646 1743 1753 1768 vestre
1780 1738 1827 1769 iu-

450 1783 594 1813 mediate
621 1786 790 1822 sequente,
819 1783 860 1812 ad
890 1783 1141 1822 proponendum
1168 1792 1282 1812 causas
1307 1783 1531 1820 racionabiles,
1557 1783 1584 1812 si
1607 1792 1689 1822 quas
1713 1792 1771 1821 pro
1795 1792 1828 1811 se

449 1826 602 1864 habeant,
631 1836 734 1866 quare
759 1836 818 1865 pro
850 1826 1079 1856 Ecclesiastice
1110 1825 1289 1856 Libertatis
1322 1826 1500 1856 violacione
1528 1826 1691 1856 Canonice
1718 1825 1829 1864 puniri

449 1880 514 1899 non
539 1869 692 1907 debeant,
716 1879 844 1899 necnon
869 1869 948 1908 ipsis
971 1879 1036 1909 quo
1060 1869 1100 1898 ad
1118 1869 1276 1908 premissa
1293 1872 1493 1908 perpetuum
1517 1869 1631 1908 inponi
1654 1868 1827 1898 silencium

449 1923 506 1952 per
534 1913 724 1943 Decretum.
773 1913 822 1942 De
845 1912 908 1949 die,
926 1923 1011 1949 vero,
1030 1911 1238 1952 recepcionis,
1256 1922 1383 1942 necnon
1413 1913 1493 1951 quid
1521 1911 1666 1942 feceritis
1694 1912 1729 1941 in
1758 1922 1827 1951 pre-

450 1955 567 1994 missis,
593 1966 659 1994 vos,
684 1955 923 1985 Archidiacone
947 1955 1102 1995 predicte,
1122 1958 1272 1985 vesterve
1295 1955 1460 1993 Officialis,
1486 1965 1556 1993 nos,
1580 1955 1662 1985 citra
1688 1955 1829 1985 Octabas

451 1999 575 2029 Pasche
598 1999 750 2039 proximo
765 1997 834 2038 jam
859 1998 999 2037 futuras,
1017 1998 1174 2029 distincte
1201 2001 1235 2028 et
1258 2003 1372 2038 aperte
1399 1998 1595 2037 certificetis,
1612 1998 1829 2029 ete—Data}

450 2044 486 2073 at
502 2042 597 2080 Clist,
615 2042 655 2074 27
671 2042 794 2072 March.

299 2111 386 2136 ΑΡΜ-
408 2112 710 2162 Archdeaconry
730 2113 769 2149 of
788 2112 932 2149 Exeter
944 2125 954 2159 3
983 2112 1135 2149 Licence
1155 2119 1190 2150 to
1211 2113 1451 2158 celebrate,—

301 2152 355 2170 LIS.

298 2737 348 2762 fol.

300 2771 361 2797 60b.

408 2167 505 2205 Item,
534 2167 623 2206 apud
651 2166 744 2204 Clist,
776 2170 890 2196 octava
914 2166 967 2196 die
991 2167 1112 2196 mensis
1137 2166 1270 2206 Aprilis,
1295 2166 1460 2196 Dominus
1483 2167 1644 2197 concessit
1670 2166 1828 2206 Magistro

452 2209 628 2249 Radulpho
660 2209 830 2249 Pylatone,
856 2209 993 2240 Officiali
1017 2209 1249 2240 Archidiaconi
1274 2210 1408 2248 Exonie,
1435 2210 1618 2240 Licenciam
1642 2209 1829 2240 celebrandi

450 2253 580 2291 Divina,
606 2253 656 2283 vel
680 2253 822 2283 faciendi
845 2252 1003 2283 celebrari
1026 2253 1059 2283 in
1084 2253 1252 2292 presencia
1274 2263 1342 2291 sua,
1361 2253 1447 2283 infra
1470 2253 1580 2284 locum
1604 2253 1671 2283 sive
1699 2253 1826 2283 habita-

450 2296 577 2327 cionem
593 2296 825 2326 Archidiaconi
840 2296 1023 2336 supradicti
1039 2307 1046 2334 3
1070 2296 1231 2336 quamdiu
1250 2296 1393 2326 Domino
1409 2296 1571 2336 placuerit
1587 2296 1794 2327 duraturam.

408 2359 806 2409 Letters-Dimissory,
815 2382 861 2386 —-

408 2413 557 2453 Stephen
582 2413 758 2453 Boghinor,
775 2414 816 2443 de
841 2413 960 2451 Cridie,
985 2413 1133 2452 accolite,
1155 2414 1224 2445 “ad
1242 2424 1355 2445 omnes
1380 2414 1494 2445 Sacros
1518 2413 1658 2445 Ordines
1673 2413 1690 2426 '’
1714 2413 1825 2452 (Olist,

449 2457 468 2488 9
484 2456 603 2497 April).

408 2527 598 2576 Oratory;
627 2526 779 2563 Licence
800 2533 835 2562 to
856 2527 1098 2572 celebrate,—

409 2580 506 2617 Item,
523 2580 656 2618 ibidem,
675 2579 850 2610 undecimo
867 2580 929 2616 die,
948 2580 1133 2610 Willelmus
1155 2580 1245 2611 Stele
1269 2583 1302 2611 et
1325 2580 1478 2611 soh-anna
1502 2590 1585 2610 uxor
1608 2579 1680 2620 ejus
1704 2579 1825 2610 habue-

451 2627 533 2654 runt
567 2623 747 2653 Licenciam
779 2623 922 2653 faciendi
950 2623 1106 2653 celebrari
1137 2624 1268 2662 Divina,
1292 2623 1325 2653 in
1357 2623 1525 2663 presencia
1555 2623 1736 2654 eorundem
1767 2632 1824 2653 seu

449 2677 565 2697 eorum
588 2666 748 2705 alterius;
773 2666 933 2707 quamdiu
957 2667 1101 2697 Domino
1125 2667 1286 2706 placuerit
1308 2666 1515 2697 duraturam.

409 2739 737 2784 Aveton-Giffard‚
762 2740 825 2776 Sir
843 2739 1017 2776 William
1036 2739 1151 2785 Jude,
1174 2740 1289 2785 R„—

406 2793 543 2824 Licence
566 2793 600 2823 of
623 2793 880 2830 non-residence,
897 2793 1032 2833 “usque
1056 2793 1098 2824 ad
1121 2793 1259 2824 Festum
1286 2793 1399 2824 Sancti
1423 2793 1600 2832 Michaelis,
1625 2803 1711 2823 anno
1735 2802 1824 2822 revo-

450 2836 523 2866 luto
537 2836 554 2848 ’'
573 2835 692 2876 (Clyst,
711 2837 750 2865 24
767 2836 886 2875 April).
