1987 3062
273 203 363 247 148

270 317 347 344 A.D.

272 350 347 377 1374

269 385 333 411 WsoL

269 418 311 445 Π.

481 217 580 250 ΤΗΕ
616 217 855 251 REGISTER
890 217 949 250 OF
985 217 1161 250 BISHOP
1196 217 1595 252 BRANTYNGHAM.

423 323 537 353 Leti-es
562 325 714 363 patentes
736 323 828 354 eions
850 323 1017 354 constitue
1041 326 1153 353 nostre
1175 323 1253 354 cher
1276 323 1332 354 fitz
1356 334 1396 354 611
1420 323 1516 361 Dieu,
1533 322 1678 353 William
1703 321 1798 361 Cary,

423 369 536 396 nostre
560 367 735 398 Seneschal
759 377 800 397 en
824 370 903 397 touz
926 377 987 397 noz
1012 367 1165 404 Manoirs,
1198 367 1376 406 Seignuris,
1401 370 1516 404 terres,
1542 369 1577 396 et
1600 364 1801 405 possessions

424 412 573 440 esteantz
600 420 640 440 611
669 411 698 440 16
726 410 858 441 Counte
886 410 926 440 (16
954 410 1182 448 Devenshire3
1206 410 1407 441 nientmeins
1435 421 1519 440 nous
1546 409 1743 448 ordeignons
1767 410 1802 437 et

424 453 593 493 assignons
611 464 668 493 par
683 457 810 493 ycestes
827 456 939 484 nostre
960 453 1037 483 61161·
1060 453 1117 484 fitz
1141 464 1181 483 en
1206 454 1302 491 Dieu,
1322 453 1411 484 Rauf
1427 453 1625 491 Rokebeare,
1646 451 1743 482 Clerk
1760 451 1800 480 de

424 507 485 526 noz
510 496 650 527 Courtes
673 500 708 527 et
731 497 916 527 lieuteuant
940 497 984 527 du
1009 496 1061 527 dit
1085 497 1240 534 william,
1265 497 1495 527 cestassavoire
1520 506 1583 535 pur
1606 495 1713 526 tenire
1737 504 1798 524 noz

426 540 574 578 Courtes,
587 543 621 570 et
638 543 732 570 toutz
748 542 861 570 autres
877 540 990 570 choses
1006 540 1086 570 faire
1103 540 1357 580 qappertienent
1373 540 1403 570 al
1421 540 1471 570 dit
1489 539 1589 570 Office
1606 549 1645 568 en
1662 538 1800 568 absence

425 583 470 614 du
488 583 539 613 dit
555 583 708 614 William.
756 584 790 614 Si
808 594 888 614 vous
905 583 1067 614 mandons
1084 587 1118 614 61,
1135 584 1371 614 commandens
1388 594 1452 623 que
1468 594 1509 613 au
1527 583 1578 613 dit
1594 581 1692 618 Rauf,
1710 591 1801 611 come

425 626 523 658 Clerk
539 627 580 656 de
596 637 657 657 noz
675 627 815 658 Courtes
832 630 866 657 et
882 627 1068 657 lieutenant
1092 630 1204 657 nostre
1228 627 1278 657 dit
1302 626 1489 664 Seneschal,
1508 626 1593 656 soiez
1617 625 1801 655 entendant

426 673 460 700 et
490 670 694 710 respondant
725 680 765 700 en
797 673 909 701 tontes
940 670 1053 701 choses
1079 681 1144 710 que
1174 681 1216 701 au
1248 671 1299 701 dit
1330 670 1430 702 Office
1462 670 1702 710 appel-tienent.
1749 668 1800 698 En

424 713 669 753 tesmoignance
699 714 740 744 de
770 714 866 754 quele
896 713 994 744 chose
1024 724 1108 744 nous
1139 725 1239 744 avons
1270 714 1332 744 fait
1361 714 1443 744 faire
1469 716 1574 744 cestes
1600 722 1661 742 11οΖ
1686 712 1802 742 Lem-es

425 760 587 797 patentes,
607 757 711 787 sealez
728 757 768 787 de
785 760 897 788 nostre
914 757 1004 797 prive
1027 758 1122 796 seale,
1139 768 1158 788 a
1181 758 1281 788 durer
1303 768 1322 788 a
1345 761 1456 788 nostre
1473 756 1760 787 volunte.—D0ne
1784 765 1802 784 a

425 803 538 830 nostre
569 800 698 830 Manoir
727 802 769 831 de
802 801 895 839 Clist,
920 801 950 831 16
982 804 1082 841 quart
1104 801 1181 841 jour
1204 801 1244 831 de
1269 801 1460 839 Decembre,
1484 801 1538 831 lan
1563 800 1608 830 du
1632 809 1726 839 grace
1758 799 1801 830 M.

424 843 509 874 000
526 844 642 884 lxxiiij,
661 847 695 875 61,
710 844 752 874 (16
768 847 880 875 nostre
898 844 1156 875 Consecracione
1172 845 1302 885 quint.”

379 897 528 933 84.--To
552 898 692 928 Masters
715 898 860 929 William
884 898 1061 938 Trevellys,
1088 898 1106 912 “
1124 899 1220 929 Sacre
1245 899 1367 939 Pagine
1395 897 1606 936 P1·ofess0ri,’'
1631 897 1745 928 Canon
1766 897 1802 927 of

424 942 558 979 Exeter,
577 942 642 972 and
668 941 769 981 Hugh
795 942 966 982 Hiclynge,
985 942 1159 972 President
1176 942 1210 972 of
1233 942 1291 972 the
1316 942 1508 981 Consistory
1526 941 1727 972 Court.—In
1744 940 1802 970 the

425 985 553 1024 margin
569 985 596 1015 is
614 985 757 1024 written,
777 985 877 1016 “Ista
901 985 1098 1016 Commissio
1117 996 1183 1015 non
1200 986 1368 1016 emanavit
1391 985 1454 1016 sub
1477 985 1538 1015 hac
1560 983 1702 1016 formast
1748 985 1803 1015 Sec

423 1028 481 1059 the
497 1031 579 1059 next
595 1028 712 1068 Entry.

270 1081 345 1108 AD·
377 1081 530 1117 85-—T0
547 1082 604 1113 the
620 1093 709 1113 same
723 1092 731 1119 ;
756 1082 832 1121 and,
849 1082 926 1120 also,
944 1085 979 1113 to
997 1082 1121 1113 Master
1137 1083 1264 1113 117111161-
1287 1083 1328 1113 (16
1353 1083 1546 1121 Nywatone,
1572 1081 1743 1121 Registrar
1766 1081 1801 1111 of

271 1115 348 1175 {374-

269 1482 321 1510 soh

267 1518 307 1542 24

421 1126 479 1156 the
498 1126 689 1166 Consistory
707 1125 938 1157 Coum—The
955 1125 1078 1165 Bishop
1095 1126 1161 1156 had
1177 1126 1324 1166 recently
1334 1126 1453 1156 visited
1468 1126 1659 1156 HARTLAND
1673 1125 1799 1163 ABBEY,

421 1170 498 1207 and,
517 1169 640 1208 having
663 1169 769 1199 found
787 1179 885 1209 many
910 1169 1024 1208 things
1048 1169 1177 1200 therein
1203 1170 1371 1210 requiring
1398 1170 1590 1207 correction,
1607 1169 1673 1199 had
1688 1169 1800 1199 issued

421 1212 473 1243 his
498 1213 655 1243 Maudate
677 1212 886 1253 accordingly
910 1216 945 1243 to
969 1213 1027 1243 the
1050 1212 1161 1243 Abbat
1185 1214 1250 1243 and
1276 1213 1437 1244 Convent.
1484 1214 1552 1243 But
1575 1213 1616 1243 he
1640 1212 1705 1242 had
1736 1212 1800 1242 dis-

421 1256 559 1286 covered
576 1256 652 1286 that
667 1256 792 1286 certain
817 1256 851 1286 of
874 1256 931 1286 the
949 1256 1092 1294 Canens,
1111 1257 1256 1296 treating
1272 1256 1323 1287 his
1341 1257 1496 1287 Mandate
1514 1256 1595 1286 with
1618 1258 1791 1296 contempt

420 1299 600 1330 continued
617 1302 652 1330 to
668 1299 742 1329 lead
758 1299 920 1330 dissolute
943 1299 1035 1337 lives,
1055 1300 1214 1339 devoting
1237 1311 1279 1330 no
1303 1300 1385 1330 time
1402 1303 1436 1330 at
1453 1300 1495 1330 all
1512 1302 1548 1330 to
1564 1300 1623 1330 the
1639 1299 1742 1340 study
1765 1299 1799 1329 of

420 1343 534 1373 sacred
557 1343 658 1373 books
682 1353 719 1372 or
742 1345 778 1374 to
802 1343 1073 1383 contemplation.
1120 1343 1200 1374 This
1224 1354 1289 1374 was
1313 1343 1519 1381 intolerable,
1545 1344 1611 1373 and
1642 1343 1682 1373 he
1714 1353 1799 1373 com-

420 1387 565 1417 manded
582 1386 639 1417 the
664 1386 913 1417 Commissaries
937 1390 971 1417 to
995 1386 1091 1417 make
1114 1387 1210 1418 strict
1233 1387 1367 1428 inquiry
1383 1387 1449 1417 and
1465 1387 1743 1427 report.—-Dated
1767 1390 1802 1417 at

420 1430 525 1469 Clyst,
543 1430 582 1461 15
599 1429 690 1469 Feb„
708 1429 838 1463 1374-5.

373 1483 526 1518 86.—To
543 1484 666 1515 Master
684 1484 786 1524 Hugh
804 1483 1023 1524 Hikkelynge,
1040 1485 1077 1515 R.
1099 1484 1132 1514 of
1148 1484 1305 1523 Northill,
1320 1485 1384 1515 and
1403 1484 1578 1516 President
1594 1484 1628 1515 of
1644 1484 1702 1515 the
1715 1484 1800 1516 Con-

419 1528 539 1568 sistory
565 1528 842 1566 Coum—“Quia
867 1527 1018 1558 Robercus
1040 1528 1079 1558 de
1103 1528 1183 1567 Hoo,
1208 1528 1355 1567 clericus,
1381 1528 1619 1559 Lincolniensis
1644 1528 1800 1566 Diocesis,

421 1574 577 1611 pretextu
602 1571 779 1611 cujusdam
803 1571 1050 1601 Reservacionis
1073 1574 1108 1602 et
1132 1571 1332 1602 Provisionis
1350 1572 1537 1611 Apostolice
1553 1572 1594 1602 ad
1612 1572 1801 1611 Prepositu-

421 1625 491 1645 ram
515 1615 548 1645 in
574 1615 719 1645 Ecclesia
742 1617 856 1645 nostra
885 1614 1066 1654 Collegiata
1090 1615 1205 1646 Sancti
1228 1615 1355 1646 Thome
1379 1616 1420 1645 de
1445 1616 1635 1652 GLASNEYE,
1653 1618 1801 1655 tempore

422 1658 506 1688 bone
523 1658 680 1688 memorie
704 1658 833 1689 Urbani
857 1657 982 1696 Quinti,
1009 1658 1149 1688 Romani
1173 1658 1351 1697 Pontificis,
1369 1659 1432 1689 sibi
1455 1659 1551 1697 facte,
1570 1659 1652 1689 vicio
1675 1658 1801 1698 cupidi-

422 1702 503 1732 tatis
526 1701 702 1739 excitatus,
730 1704 873 1731 mortem
897 1700 1031 1731 sciciens
1055 1701 1198 1741 proximi
1222 1702 1282 1739 sui,
1308 1703 1348 1732 ad
1373 1703 1590 1732 occidendum
1620 1701 1803 1732 Dominum

422 1744 640 1784 Reyinaldum
659 1743 755 1783 Galle,
774 1744 1007 1783 presbiterum,
1025 1755 1062 1775 ac
1079 1744 1231 1784 ejusdem
1256 1745 1467 1785 Prepositure
1485 1745 1707 1785 Prepositum,
1725 1745 1801 1775 insi-

422 1788 492 1818 dias
509 1788 659 1818 clanculo
675 1790 710 1818 et
726 1787 891 1817 maliciose
908 1788 1028 1827 posuit,
1046 1798 1106 1817 sua
1129 1798 1207 1818 nece
1231 1788 1355 1819 dictam
1374 1789 1622 1828 Preposituram
1640 1788 1798 1828 aspirans,

422 1831 455 1861 in
474 1831 640 1871 prefatum
667 1831 887 1870 Regin-aldum
911 1840 1030 1861 manus
1053 1831 1226 1869 violentas,
1251 1832 1404 1862 suasione
1427 1832 1589 1862 diabolica
1612 1835 1647 1862 61,
1670 1832 1801 1862 temeri-

423 1878 493 1905 tate
510 1874 724 1914 dampnabili,
741 1874 866 1914 injecit,
884 1884 920 1904 ac
936 1873 1080 1904 eundem
1105 1875 1199 1914 quasi
1223 1875 1366 1905 letaliter
1389 1875 1587 1914 vulneravit,
1605 1875 1692 1905 infra
1708 1879 1803 1915 cepta

424 1921 458 1948 et
474 1918 659 1948 clausuram
678 1917 821 1948 Ecclesie
838 1917 1028 1957 supradicte
1048 1928 1055 1955 ;
1080 1918 1169 1957 quod
1186 1918 1315 1948 factum
1340 1919 1372 1948 in
1397 1918 1454 1949 illo
1478 1919 1633 1958 collegio,
1651 1918 1738 1949 Villa
1761 1919 1803 1949 de

424 1962 569 2001 Penryn,
588 1961 666 1991 locis
682 1960 808 1999 vicinis,
826 1963 860 1991 et
878 1963 950 1991 toto
967 1961 1139 1991 Comitatu
1166 1961 1333 1991 cornubie
1356 1962 1422 1992 fuit
1445 1962 1626 2000 notorium,
1644 1965 1678 1992 et
1694 1964 1746 1992 661,
1768 1962 1803 1992 in

424 2005 579 2044 presenti,
596 2015 633 2034 ac
649 2004 743 2044 quasi
767 2014 825 2043 per
841 2006 948 2034 totam
973 2007 1123 2034 nostram
1148 2004 1312 2036 Diocesim
1328 2014 1335 2041 ς
1361 2008 1519 2045 pretextu
1536 2006 1634 2046 cujus
1650 2015 1803 2036 excessus

424 2048 533 2078 dictus
558 2047 724 2078 Robertus
755 2047 966 2078 Sentenciam
994 2047 1359 2079 Excommunicacionis
1384 2048 1529 2089 Majoris,
1552 2060 1610 2089 per
1634 2049 1803 2080 Oanonem

424 2091 461 2121 Si
487 2093 559 2131 quis
585 2091 747 2129 suadente,
776 2090 857 2130 xvij,
882 2101 914 2130 q.
945 2090 1007 2131 iiij,
1032 2091 1157 2121 nedum
1182 2091 1382 2130 incurrebat,
1406 2096 1457 2123 set
1480 2092 1513 2122 in
1537 2092 1593 2123 illa
1617 2103 1674 2132 per
1697 2092 1802 2132 quad·

423 2135 577 2165 rennium
595 2137 630 2165 et
647 2134 743 2172 ultra,
761 2135 850 2174 quod
876 2134 1028 2164 dolenter
1051 2134 1234 2174 referimus,
1251 2135 1358 2175 jacere
1381 2146 1447 2166 non
1471 2139 1522 2166 est
1545 2136 1671 2166 veritus
1693 2135 1804 2166 animo

424 2178 608 2218 pertinaci3
633 2180 747 2208 contra
763 2187 864 2217 quem
888 2180 995 2208 certos
1020 2178 1195 2208 Processus
1218 2189 1258 2209 ex
1283 2179 1396 2209 Officio
1420 2182 1544 2218 nostro,
1562 2182 1703 2218 urgente
1727 2189 1801 2209 con-

424 2222 572 2259 sciencia,
597 2221 667 2251 fieri
690 2221 923 2251 mandavimus
947 2224 980 2251 et
1003 2220 1151 2253 fecimus.
1211 2221 1348 2260 Verum,
1375 2222 1453 2262 quia
1475 2222 1613 2253 diversis
1637 2225 1670 2252 et
1693 2222 1805 2252 arduis

425 2265 557 2303 nostris,
575 2267 609 2295 et
624 2267 736 2295 nostre
761 2264 957 2294 Exoniensis
981 2264 1133 2303 Ecclesie,
1151 2265 1317 2304 prepediti
1340 2265 1491 2305 negociis,
1510 2266 1660 2296 ulteriori
1676 2265 1802 2296 discus-

425 2308 509 2338 sioni
525 2312 559 2339 et
575 2307 764 2338 execucioni
781 2308 955 2338 Processus
979 2310 1094 2338 contra
1116 2308 1260 2338 eundem
1284 2308 1457 2339 intendere
1480 2319 1546 2339 non
1570 2309 1728 2347 valemus,
1745 2319 1802 2339 cu-

424 2352 553 2391 pientes
568 2352 670 2382 eciam
687 2351 822 2381 fervidis
846 2351 1019 2381 affectibus
1042 2351 1258 2382 execrabilem
1282 2362 1462 2391 excessum,
1480 2355 1550 2383 tam
1574 2352 1743 2382 notorium
1769 2354 1803 2382 et

424 2395 553 2425 notorie
583 2394 807 2432 commissum,
832 2394 1016 2424 secundum
1048 2393 1222 2425 Canonum
1250 2395 1451 2434 exigenciam
1476 2395 1587 2426 debite
1611 2396 1738 2435 punire,
1764 2398 1804 2426 ut

424 2441 588 2477 tenemur,
605 2438 647 2468 ad
663 2437 759 2477 plene
775 2437 1044 2475 examinandum,
1061 2437 1317 2476 procedendum,
1342 2441 1376 2468 et
1398 2438 1649 2469 discuciendum
1672 2439 1801 2469 dictum

426 2482 600 2521 negocium
617 2491 657 2511 ex
674 2480 797 2519 Officio,
815 2483 856 2511 ut
872 2491 972 2520 supra
987 2490 996 2517 3
1021 2490 1158 2519 necnon,
1175 2481 1217 2511 ad
1233 2481 1433 2520 privandum
1449 2482 1602 2521 eundem,
1620 2482 1648 2512 si
1664 2482 1800 2522 liqueat,

426 2525 517 2554 omni
539 2524 614 2564 jure
637 2524 679 2554 ad
702 2524 827 2554 dictam
861 2523 1119 2563 Preposituram,
1143 2534 1201 2563 per
1224 2524 1335 2563 ipsum
1367 2525 1483 2565 quavis
1514 2525 1725 2556 Auctoritate
1749 2526 1801 2556 vel

426 2567 617 2597 Provisione
642 2570 806 2606 pretenso,
833 2567 902 2597 suis
925 2566 1136 2606 exigentibus
1160 2567 1340 2606 demeritis,
1363 2567 1462 2607 juxta
1487 2568 1565 2605 vim,
1586 2568 1738 2606 formam,
1764 2571 1798 2599 et

425 2610 580 2641 effectum
605 2610 739 2641 Deci-eti
764 2612 876 2640 nostre
904 2609 1081 2640 Citacionis
1107 2620 1207 2649 super
1229 2609 1291 2640 hoc
1314 2612 1431 2641 emisse
1455 2614 1490 2641 et
1512 2611 1693 2642 certificate
1723 2612 1800 2642 inde

424 2653 514 2691 facti,
531 2653 633 2692 vobis,
650 2653 692 2683 de
708 2653 805 2693 cujus
820 2653 994 2691 industria,
1012 2655 1085 2691 etc„
1103 2652 1189 2683 vices
1206 2656 1335 2684 nostras
1352 2657 1466 2685 tenore
1484 2655 1695 2685 Presencium
1713 2665 1799 2685 com-

421 2696 600 2735 mittimus,
617 2706 693 2727 cum
710 2696 892 2736 cujuslibet
906 2695 1108 2726 cohercionis
1132 2694 1296 2727 Canonice
1318 2700 1494 2737 potestate.
1545 2698 1644 2737 Quid,
1670 2700 1797 2736 autem,

423 2739 663 2770 etc.”—Dated
679 2742 715 2770 at
732 2740 835 2780 Clyst,
854 2741 872 2770 3
890 2739 1013 2770 March.

1984 1172 1987 1192 ..
1977 904 1987 1137 &uzzand-„imre
1984 852 1987 879 ,.,
