1987 3062
565 207 922 250 INSTITUTIONS,
974 206 1077 239 ETc.
1531 198 1557 240 3
1567 198 1587 239 1

50 312 125 338 ΑΒ·
164 312 618 355 COLATON-RALEIGH
641 313 860 367 [Colet0n,
886 311 1010 365 MSJ,
1036 312 1082 353 V.

51 347 153 372 1373-4.

52 379 114 405 Vol.
164 372 214 402 On
233 372 291 403 the
307 373 407 403 death
424 372 459 402 of

53 413 94 438 11⁴
165 415 218 446 Sir
235 415 347 446 Robert
366 415 495 453 Rondel,

164 458 302 489 Andrew
320 459 392 498 Rys,
410 459 572 498 fflmplain,
591 469 656 489 was
673 459 750 490 inst.
769 458 818 497 (at
835 457 1049 497 Chudleigh),
1067 457 1107 487 25
1125 456 1200 487 Jan.
1223 467 1230 493 3
1249 457 1384 495 Patron,
1403 456 1456 487 Sir
1467 457 1593 488 Robert

206 503 380 542 Sumpter,
399 503 490 533 Dean
509 502 543 532 of
567 503 702 533 Exeter.

159 556 542 597 BLACKBOROUGH
566 556 908 610 [BlakeburghQ
934 555 1059 608 MS.]‚
1086 554 1132 594 R.

161 614 275 646 Robert
291 615 381 654 Hals,
399 615 513 655 priest,
530 625 596 646 was
613 615 755 645 collated
772 615 810 654 by
826 614 914 654 lapse
931 613 980 649 (at
998 612 1214 652 Chudleigh),
1235 613 1273 643 18
1295 612 1371 643 Feb.

160 668 360 721 ΕΧΕΤΕΒ,
387 668 457 710 ST.
482 669 668 710 JAMES⁷S
693 668 895 718 Pmossr,
930 666 1205 720 Resigymwzsso
1231 665 1489 718 Priori-9,—

160 727 453 758 —Memorandum
470 728 559 767 quod
574 731 636 757 xxa
652 727 705 757 ‹lie
722 726 844 756 mensis
869 725 1050 763 Februarii,
1076 725 1173 755 Anno
1192 725 1326 755 Domini
1350 726 1586 765 suprascripto,

52 1898 97 1924 fol.
113 1898 173 1925 2812.

204 773 282 801 ante
297 770 413 801 horam
430 771 561 811 prandii
577 770 643 800 diei
659 770 823 810 ejusdem,
841 769 874 799 in
893 769 1027 808 Capella
1043 768 1183 799 Manerii
1228 793 1233 799 .
1284 790 1291 797 .
1339 792 1346 799 .
1395 769 1591 800 Exoniensis

206 814 359 854 Episcopi
384 815 474 854 apud
499 814 748 853 Chuddeleghe,
766 823 875 843 coram
899 813 1015 843 eodem
1040 812 1139 842 Patre
1163 811 1381 851 personaliter
1404 813 1592 852 comparuit

203 857 341 898 quidam
367 858 482 888 Frater
506 857 701 897 Radulplzus
725 857 813 896 Leye,
833 856 1016 886 Monachus
1040 855 1175 886 Ordinis
1194 855 1431 892 Cluniacensis,
1449 860 1484 886 et
1507 856 1589 886 fate-

204 901 305 931 batur
335 912 369 932 se
400 901 520 931 habere
551 901 646 931 illum
680 901 778 937 diem,
809 900 936 930 virtute
965 899 1144 930 Citacionis
1172 898 1296 929 Decani
1326 898 1591 930 Christianitatis

204 944 332 975 Exonie
348 944 410 975 sibi
427 944 522 981 facte,
540 944 582 974 ad
599 944 858 984 comparendum
876 953 985 973 coram
1003 942 1076 983 ipso
1099 943 1208 980 Patre,
1226 942 1277 972 vel
1302 952 1362 972 suo
1386 946 1476 973 certo
1492 943 1589 974 Com-

203 988 362 1027 missario,
391 988 432 1018 ad
460 988 699 1025 exhibendum,
729 988 762 1018 in
791 987 899 1017 forma
925 986 1020 1027 juris,
1052 986 1175 1026 quibus
1198 986 1301 1016 titulo
1329 989 1364 1016 et
1389 987 1589 1018 auctoritate

203 1031 396 1062 Prioratum
413 1031 527 1062 Sancti
542 1031 668 1069 Jacobi,
685 1031 784 1071 juxta
801 1030 982 1062 Civitatem
1000 1030 1127 1060 Exonie
1152 1029 1328 1067 situatum,
1346 1029 1477 1061 diucius
1494 1041 1588 1062 occu-

203 1075 305 1115 pavit,
330 1086 388 1106 seu
411 1075 490 1106 alias
514 1075 555 1105 ad
580 1075 834 1115 proponendum
861 1084 995 1104 causam
1022 1073 1264 1111 racionabilem,
1297 1073 1324 1103 si
1348 1083 1449 1113 quam
1473 1085 1532 1114 pro
1556 1085 1590 1105 se

204 1118 351 1158 haberet,
376 1129 479 1159 quare
511 1122 627 1149 contra
659 1119 784 1158 ipsum,
815 1120 979 1158 tanquam
1010 1117 1181 1147 notorium
1212 1117 1427 1156 intrusorem,
1456 1118 1590 1157 procedi

204 1162 341 1193 minime
357 1162 494 1193 deberet
508 1162 608 1203 juxta
626 1162 790 1192 Canonica
807 1161 981 1192 Instituta.
1013 1161 1087 1199 Qui,
1105 1160 1254 1200 quidem,
1274 1160 1471 1201 Radulphus
1488 1161 1590 1192 nichil

204 1205 376 1236 effectuale
400 1216 508 1236 coram
533 1206 648 1236 eodem
674 1206 774 1236 Patre
798 1216 865 1245 quo
888 1204 930 1235 ad
953 1204 1017 1235 sibi
1040 1204 1172 1244 objecta
1196 1204 1378 1244 proposuit.
1427 1205 1496 1243 Set,
1514 1208 1590 1245 post

204 1247 386 1290 aliqualem
400 1249 673 1280 deliberacionem
691 1249 839 1279 habitam
853 1248 887 1278 in
904 1248 965 1278 hac
981 1250 1084 1287 parte,
1102 1247 1271 1287 quandam
1295 1248 1447 1278 cedulam
1472 1248 1588 1289 papiri,

205 1303 307 1333 quam
324 1292 357 1323 in
375 1293 530 1323 manibus
546 1293 614 1323 suis
631 1292 788 1332 scriptam
813 1295 895 1322 tunc
918 1291 1042 1321 ibidem
1066 1291 1212 1329 tenebat,
1230 1291 1380 1330 perlegit,
1398 1292 1461 1322 sub
1478 1302 1515 1322 eo
1531 1292 1589 1332 qui

205 1336 358 1376 sequitur
373 1339 489 1366 tenore
512 1336 789 1374 verborum,—-IN
813 1336 880 1366 DEI
896 1335 1049 1373 NOMINE,
1067 1334 1307 1374 AMEN.——Eg0,
1326 1335 1443 1366 Frater
1464 1335 1588 1366 Radnl-

204 1379 292 1418 phus
320 1379 417 1419 Leye,
444 1379 627 1410 Monachus
655 1379 789 1409 Ordinis
818 1378 1053 1416 Cluniacensis,
1084 1377 1195 1416 titulO,
1227 1378 1253 1408 si
1282 1388 1382 1418 quem
1411 1378 1525 1418 habeo,
1554 1379 1588 1410 in

205 1422 359 1453 Prioratu
382 1423 496 1454 Sancti
519 1421 645 1461 Jacobi,
670 1423 770 1463 juxta
793 1422 973 1453 Civitatem
997 1421 1134 1459 Exonie,
1157 1432 1193 1451 ac
1216 1421 1414 1461 possessioni
1437 1422 1589 1462 ejusdem

206 1465 385 1504 Prioratus,
403 1476 479 1497 cum
503 1467 572 1496 suis
592 1466 725 1506 juribus
749 1471 784 1496 et
803 1465 1017 1504 pertinenciis
1040 1465 1213 1502 universis
1231 1475 1271 1495 ex
1292 1465 1390 1496 certis
1413 1466 1520 1496 causis
1536 1476 1590 1497 me

205 1509 418 1540 moventibus
434 1510 468 1540 in
485 1509 546 1540 hac
563 1512 666 1549 parte,
684 1520 751 1540 non
775 1511 908 1539 coactus
931 1511 992 1539 aut
1012 1508 1204 1548 compulsus
1227 1508 1260 1538 vi
1273 1509 1324 1539 vel
1342 1511 1446 1548 metu,
1464 1510 1589 1549 absque

204 1553 289 1591 dolo,
314 1553 441 1592 fraude,
474 1556 509 1584 et
534 1553 698 1593 pravitate
723 1552 1002 1593 quibuscumque,
1022 1562 1113 1582 mera
1142 1554 1176 1582 et
1206 1555 1388 1591 spontanea
1415 1552 1589 1584 voluntate

204 1599 305 1636 atque
327 1596 466 1627 sciencia
491 1599 526 1627 et
553 1607 715 1627 consensu
746 1596 828 1626 meis
855 1595 1028 1635 expressis,
1054 1605 1145 1635 pure,
1172 1598 1300 1635 sponte,
1325 1596 1529 1636 simpliciter,
1555 1599 1590 1628 et

203 1639 365 1678 absolute,
389 1640 423 1670 in
448 1645 574 1671 vestras
597 1650 703 1670 sacras
727 1649 856 1677 manus,
880 1639 1073 1670 Reverende
1097 1639 1198 1669 Pater
1220 1639 1255 1669 in
1280 1637 1426 1677 Christo,
1447 1640 1589 1671 Domine

204 1683 341 1721 Thema,
360 1683 421 1713 Dei
444 1683 552 1723 gracia
575 1683 772 1714 Exoniensis
796 1682 968 1722 Episcope,
997 1681 1074 1712 Loci
1097 1682 1281 1720 Ordinarie,
1304 1683 1463 1713 renuncio
1486 1686 1589 1724 atque

206 1727 286 1758 cedo
302 1726 335 1757 in
353 1726 416 1757 hiis
440 1726 581 1767 scriptis,
597 1726 700 1757 nichil
724 1726 825 1757 michi
847 1726 932 1767 juris
953 1725 1127 1756 retinendo
1150 1725 1371 1765 imposterum
1396 1727 1436 1757 de
1453 1727 1588 1759 eisdem.

205 1770 323 1809 Quam,
349 1770 461 1809 eciam,
479 1770 631 1801 cedulam
654 1770 765 1801 dictus
793 1770 894 1800 Pater
918 1772 1001 1800 tunc
1028 1768 1173 1808 admisit,
1199 1772 1233 1799 et
1256 1769 1347 1800 illam
1372 1769 1489 1801 horam
1512 1781 1587 1801 con-

204 1813 351 1845 tinuavit
367 1824 473 1854 usque
490 1817 565 1854 post
580 1814 760 1854 prandium
776 1813 858 1844 dicti
874 1813 949 1851 diei,
966 1813 1008 1843 ad
1026 1812 1168 1843 ulterius
1184 1812 1374 1844 faciendum
1391 1814 1480 1854 quod
1502 1814 1590 1845 foret

203 1857 335 1898 justum
349 1860 384 1888 et
399 1867 581 1888 consonum
597 1857 730 1889 racioni.
777 1857 823 1888 Et
839 1856 1092 1897 subsequenter,
1106 1859 1182 1896 post
1198 1857 1375 1896 prandium
1388 1857 1588 1897 predictum,

202 1901 330 1942 prefato
343 1901 521 1941 Radulpho
534 1911 642 1932 coram
655 1901 771 1932 eodem
788 1901 898 1939 Patre,
909 1901 1047 1930 sedente
1062 1899 1097 1930 in
1110 1899 1199 1931 dicta
1213 1900 1356 1940 Capella,
1370 1901 1590 1940 personaliter

204 1948 426 1985 comparente,
444 1955 478 1975 se
494 1944 528 1975 in
544 1944 700 1975 omnibus
716 1955 783 1984 quo
800 1944 840 1974 ad
858 1943 1017 1984 premissa
1033 1943 1237 1974 ordinacioni
1253 1944 1335 1974 dicti
1354 1944 1460 1975 Patris
1476 1945 1508 1975 in
1520 1945 1589 1976 alto

204 1990 240 2019 et
256 1988 351 2019 basso
367 1988 523 2019 submisit
539 1991 722 2028 spontanea
745 1987 929 2018 voluntate.
975 1987 1024 2017 Ac
1046 1987 1177 2025 deinde,
1195 1987 1332 2027 provida
1349 1988 1588 2019 deliberacione

204 2042 262 2072 per
285 2032 429 2062 eundem
454 2032 587 2062 Patrem
610 2031 724 2062 habita
747 2041 847 2071 super
867 2030 1058 2071 premissis3
1082 2040 1220 2069 necnon,
1238 2031 1366 2061 meritis
1390 2042 1528 2072 persone
1551 2042 1588 2063 ac

205 2075 353 2106 utilitate
367 2075 537 2106 Prioratus
551 2075 692 2115 predicti
709 2074 887 2115 diligenter
902 2074 1061 2114 inspectis
1078 2084 1085 2112 ;
1102 2074 1231 2105 dictum
1244 2074 1443 2113 Primatum,
1458 2075 1589 2106 diucius

203 2122 386 2157 vacantem,
401 2121 435 2150 et
451 2119 492 2149 ad
507 2119 611 2159 ipsius
634 2118 743 2149 Patris
767 2117 987 2149 Collacionem
1012 2127 1071 2158 per
1094 2117 1224 2157 lapsum
1248 2119 1417 2158 temporis,
1434 2119 1509 2159 jure
1525 2119 1588 2150 sibi

204 2162 363 2193 devoluto
373 2162 528 2202 legitime,
544 2162 605 2193 hac
621 2162 690 2193 vice
706 2164 923 2202 spectantem,
935 2161 1103 2201 sepedicto
1120 2161 1230 2192 Fratri
1240 2162 1418 2202 Radulpho
1431 2162 1586 2202 contulit,

202 2208 238 2236 et
265 2205 413 2236 Priorem
443 2206 526 2236 dicti
558 2206 729 2236 Prioratus
760 2204 908 2245 prefecit,
932 2208 1035 2245 atque
1066 2214 1180 2235 curam
1204 2207 1238 2235 et
1262 2205 1409 2245 regimen
1433 2206 1586 2247 ejusdem

203 2249 374 2280 Prioratus
385 2249 419 2280 in
430 2249 662 2289 spiritualibus
678 2252 713 2280 et
728 2248 968 2289 temporalibus
980 2247 1043 2279 sibi
1055 2248 1197 2279 tradidit
1212 2258 1288 2279 cum
1300 2249 1434 2287 effectu;
1448 2260 1585 2289 necnon,

204 2292 327 2323 habitis
351 2292 472 2323 Literis
489 2292 685 2324 Collacionis
703 2292 901 2333 hujusmodi
925 2301 984 2331 per
1003 2292 1148 2322 eundem
1172 2292 1325 2323 Fratrem
1352 2291 1586 2333 Radulphum,

203 2336 266 2367 sub
276 2335 383 2376 sigillo
394 2336 530 2367 Domini
542 2336 703 2367 veraciter
715 2335 1042 2375 consignatis,ipsum
1055 2335 1089 2365 in
1106 2336 1306 2376 corporalem
1318 2335 1400 2366 dicti
1417 2337 1588 2367 Prioratus

204 2379 451 2419 possessionem,
469 2379 665 2420 juriumque
681 2382 717 2411 et
738 2379 1021 2420 pertinenciarum
1046 2378 1208 2419 ejusdem,
1225 2390 1283 2419 per
1306 2379 1587 2411 Archidiaconum

204 2423 340 2461 Exonie,
354 2423 405 2454 vel
419 2423 492 2464 ejus
506 2423 696 2461 Officialem,
712 2423 850 2463 prestita
863 2423 1020 2462 primitus
1037 2432 1094 2462 per
1106 2423 1251 2453 eundem
1264 2422 1473 2462 obediencia,
1487 2423 1587 2464 juxta

201 2466 339 2497 modum
357 2469 391 2497 et
407 2466 548 2498 formam
565 2466 756 2507 antiquitus
772 2466 972 2504 observatas,
989 2466 1104 2496 induci
1120 2466 1253 2497 realiter
1268 2467 1494 2498 demandavit.

155 2521 441 2562 WHITSTONE
463 2521 750 2575 (Oornwall),
776 2521 823 2561 R.

157 2578 211 2654 gili·
227 2578 542 2662 leffosstgastgaciiynqs,
559 2622 667 2653 which
684 2622 842 2654 occurred
857 2632 901 2653 on
916 2621 975 2653 the
991 2621 1201 2663 Wednesday
1217 2625 1300 2653 next
1316 2621 1403 2653 after
1416 2621 1474 2654 the
1487 2622 1588 2654 Feast

201 2665 236 2696 of
259 2666 306 2697 St.
327 2665 517 2706 Dionysius,

160 2707 248 2739 John
264 2709 301 2740 de
323 2708 538 2748 Jernemuthe,
555 2708 653 2747 clerk,
670 2719 736 2740 was
758 2708 838 2740 inst.
860 2709 910 2748 (at
935 2708 1221 2748 Radeweye—the
1244 2707 1396 2748 Bishop‘s
1422 2709 1534 2739 House
1550 2709 1583 2739 in

202 2751 521 2792 Bishopsteigntm),
536 2754 554 2783 2
566 2753 690 2790 March,
706 2753 739 2782 in
757 2752 816 2783 the
833 2762 950 2792 person
967 2752 1001 2782 of
1017 2752 1107 2783 John
1126 2753 1300 2789 Botereux,
1318 2752 1351 2782 of
1367 2752 1425 2782 the
1442 2750 1534 2783 Dioc.
1548 2752 1582 2782 of

203 2795 397 2835 worcester,
421 2796 472 2827 his
496 2796 644 2834 Proctor,
667 2797 796 2838 deputy
818 2795 853 2826 of
883 2795 934 2826 his
965 2795 1103 2835 original
1126 2795 1272 2834 Proctor,
1298 2794 1352 2826 Sir
1382 2795 1471 2826 John
1497 2796 1580 2826 Hor-
