<?xml version="1.0" encoding="UTF-8"?>
<!DOCTYPE html PUBLIC "-//W3C//DTD XHTML 1.0 Transitional//EN"
    "http://www.w3.org/TR/xhtml1/DTD/xhtml1-transitional.dtd">
<html xmlns="http://www.w3.org/1999/xhtml" xml:lang="en" lang="en">
 <head>
  <title>
</title>
<meta http-equiv="Content-Type" content="text/html;charset=utf-8" />
  <meta name='ocr-system' content='tesseract 3.04.00' />
  <meta name='ocr-capabilities' content='ocr_page ocr_carea ocr_par ocr_line ocrx_word'/>
</head>
<body>
  <div class='ocr_page' id='page_1' title='image "./registerofthomas01cathuoft_0077.png"; bbox 0 0 1987 3062; ppageno 0'>
   <div class='ocr_carea' id='block_1_1' title="bbox 90 351 212 446">
    <p class='ocr_par' dir='ltr' id='par_1_1' title="bbox 90 351 205 446">
     <span class='ocr_line' id='line_1_1' title="bbox 91 351 167 378; baseline 0 0"><span class='ocrx_word' id='word_1_1' title='bbox 91 351 167 378; x_wconf 86' lang='lat' dir='ltr'><strong>A..D</strong></span> 
     </span>
     <span class='ocr_line' id='line_1_2' title="bbox 90 386 205 412; baseline 0 0"><span class='ocrx_word' id='word_1_2' title='bbox 90 386 157 412; x_wconf 83' lang='lat'><strong>1379</strong></span> <span class='ocrx_word' id='word_1_3' title='bbox 159 386 205 412; x_wconf 87' lang='lat'>-80</span> 
     </span>
     <span class='ocr_line' id='line_1_3' title="bbox 91 419 212 446; baseline 0.009 -1"><span class='ocrx_word' id='word_1_4' title='bbox 91 419 153 446; x_wconf 82' lang='lat' dir='ltr'>Vol.</span> <span class='ocrx_word' id='word_1_5' title='bbox 170 419 212 446; x_wconf 93' lang='lat'>11.</span> 
     </span>
    </p>
   </div>
   <div class='ocr_carea' id='block_1_2' title="bbox 603 239 1626 291">
    <p class='ocr_par' dir='ltr' id='par_1_2' title="bbox 603 239 1626 291">
     <span class='ocr_line' id='line_1_4' title="bbox 603 239 1626 291; baseline 0.003 -11"><span class='ocrx_word' id='word_1_6' title='bbox 603 246 962 291; x_wconf 82' lang='lat' dir='ltr'>INSTITUTIONS,</span> <span class='ocrx_word' id='word_1_7' title='bbox 1006 246 1108 280; x_wconf 72' lang='lat' dir='ltr'>Ero.</span> <span class='ocrx_word' id='word_1_8' title='bbox 1566 239 1626 283; x_wconf 87' lang='lat'>59</span> 
     </span>
    </p>
   </div>
   <div class='ocr_carea' id='block_1_3' title="bbox 246 351 1628 394">
    <p class='ocr_par' dir='ltr' id='par_1_3' title="bbox 246 351 1628 394">
     <span class='ocr_line' id='line_1_5' title="bbox 246 351 1628 394; baseline 0 -10"><span class='ocrx_word' id='word_1_9' title='bbox 246 352 390 385; x_wconf 89' lang='lat' dir='ltr'>Ecclesie</span> <span class='ocrx_word' id='word_1_10' title='bbox 406 354 520 384; x_wconf 88' lang='lat' dir='ltr'>nostre</span> <span class='ocrx_word' id='word_1_11' title='bbox 541 352 738 383; x_wconf 84' lang='lat' dir='ltr'>Exoniensis</span> <span class='ocrx_word' id='word_1_12' title='bbox 753 352 919 392; x_wconf 74' lang='lat' dir='ltr'><strong>dignitate</strong></span> <span class='ocrx_word' id='word_1_13' title='bbox 935 352 969 383; x_wconf 91' lang='lat' dir='ltr'>in</span> <span class='ocrx_word' id='word_1_14' title='bbox 987 352 1145 383; x_wconf 85' lang='lat' dir='ltr'>omnibus</span> <span class='ocrx_word' id='word_1_15' title='bbox 1161 362 1291 392; x_wconf 77' lang='lat' dir='ltr'>semper</span> <span class='ocrx_word' id='word_1_16' title='bbox 1307 351 1415 383; x_wconf 86' lang='lat' dir='ltr'>salvis.</span> <span class='ocrx_word' id='word_1_17' title='bbox 1419 353 1502 384; x_wconf 92' lang='lat' dir='ltr'>—In</span> <span class='ocrx_word' id='word_1_18' title='bbox 1521 353 1628 394; x_wconf 82' lang='lat' dir='ltr'>cujus,</span> 
     </span>
    </p>
   </div>
   <div class='ocr_carea' id='block_1_4' title="bbox 207 396 1628 436">
    <p class='ocr_par' dir='ltr' id='par_1_4' title="bbox 207 396 1628 436">
     <span class='ocr_line' id='line_1_6' title="bbox 207 396 1628 436; baseline 0 -8"><span class='ocrx_word' id='word_1_19' title='bbox 207 405 214 412; x_wconf 72' lang='lat'>⁵</span> <span class='ocrx_word' id='word_1_20' title='bbox 245 400 307 428; x_wconf 88' lang='lat' dir='ltr'>etc.</span> <span class='ocrx_word' id='word_1_21' title='bbox 311 396 468 427; x_wconf 88' lang='lat' dir='ltr'>—Data&#39;</span> <span class='ocrx_word' id='word_1_22' title='bbox 459 406 494 426; x_wconf 79' lang='lat' dir='ltr'>in</span> <span class='ocrx_word' id='word_1_23' title='bbox 511 396 668 436; x_wconf 84' lang='lat' dir='ltr'>Hospicio</span> <span class='ocrx_word' id='word_1_24' title='bbox 685 399 798 426; x_wconf 90' lang='lat' dir='ltr'>nostro</span> <span class='ocrx_word' id='word_1_25' title='bbox 816 396 1040 427; x_wconf 86' lang='lat' dir='ltr'>Londoniensi</span> <span class='ocrx_word' id='word_1_26' title='bbox 1053 396 1320 436; x_wconf 80' lang='lat' dir='ltr'>antepenultimo</span> <span class='ocrx_word' id='word_1_27' title='bbox 1337 396 1390 427; x_wconf 92' lang='lat' dir='ltr'>die</span> <span class='ocrx_word' id='word_1_28' title='bbox 1406 397 1529 427; x_wconf 88' lang='lat' dir='ltr'>mensis</span> <span class='ocrx_word' id='word_1_29' title='bbox 1547 398 1628 428; x_wconf 86' lang='lat' dir='ltr'>Feb-</span> 
     </span>
    </p>
   </div>
   <div class='ocr_carea' id='block_1_5' title="bbox 245 439 1614 478">
    <p class='ocr_par' dir='ltr' id='par_1_5' title="bbox 245 439 1614 478">
     <span class='ocr_line' id='line_1_7' title="bbox 245 439 1614 478; baseline 0 -7"><span class='ocrx_word' id='word_1_30' title='bbox 245 440 358 478; x_wconf 85' lang='lat' dir='ltr'>ruarii,</span> <span class='ocrx_word' id='word_1_31' title='bbox 375 441 474 470; x_wconf 92' lang='lat' dir='ltr'>Anno</span> <span class='ocrx_word' id='word_1_32' title='bbox 491 439 627 471; x_wconf 84' lang='lat' dir='ltr'>Domini</span> <span class='ocrx_word' id='word_1_33' title='bbox 646 439 706 470; x_wconf 66' lang='grc' dir='ltr'>ΜΟ.</span> <span class='ocrx_word' id='word_1_34' title='bbox 728 439 858 471; x_wconf 63' lang='grc'>0001110</span> <span class='ocrx_word' id='word_1_35' title='bbox 874 439 993 478; x_wconf 71' lang='lat' dir='ltr'>lxxix‘),</span> <span class='ocrx_word' id='word_1_36' title='bbox 1011 442 1046 471; x_wconf 93' lang='lat' dir='ltr'>et</span> <span class='ocrx_word' id='word_1_37' title='bbox 1063 439 1332 471; x_wconf 89' lang='lat' dir='ltr'>Consecracionis</span> <span class='ocrx_word' id='word_1_38' title='bbox 1347 443 1460 471; x_wconf 83' lang='lat' dir='ltr'>nostre</span> <span class='ocrx_word' id='word_1_39' title='bbox 1477 440 1614 472; x_wconf 89' lang='lat' dir='ltr'>decimo.</span> 
     </span>
    </p>
   </div>
   <div class='ocr_carea' id='block_1_6' title="bbox 201 492 1631 549">
    <p class='ocr_par' dir='ltr' id='par_1_6' title="bbox 201 492 1631 549">
     <span class='ocr_line' id='line_1_8' title="bbox 201 492 1631 549; baseline -0.001 -12"><span class='ocrx_word' id='word_1_40' title='bbox 201 493 487 538; x_wconf 73' lang='lat' dir='ltr'>Mandatum</span> <span class='ocrx_word' id='word_1_41' title='bbox 523 492 586 535; x_wconf 77' lang='lat' dir='ltr'>ad</span> <span class='ocrx_word' id='word_1_42' title='bbox 626 492 954 536; x_wconf 69' lang='lat' dir='ltr'>inducendum</span> <span class='ocrx_word' id='word_1_43' title='bbox 995 497 1035 536; x_wconf 73' lang='lat' dir='ltr'>et</span> <span class='ocrx_word' id='word_1_44' title='bbox 1075 492 1431 535; x_wconf 68' lang='lat' dir='ltr'>installandum</span> <span class='ocrx_word' id='word_1_45' title='bbox 1472 508 1631 549; x_wconf 69' lang='grc' dir='ltr'><em>ψευηη</em></span> 
     </span>
    </p>
   </div>
   <div class='ocr_carea' id='block_1_7' title="bbox 249 551 540 604">
    <p class='ocr_par' dir='ltr' id='par_1_7' title="bbox 249 551 540 604">
     <span class='ocr_line' id='line_1_9' title="bbox 249 551 540 604; baseline -0.003 -10"><span class='ocrx_word' id='word_1_46' title='bbox 249 551 540 604; x_wconf 68' lang='lat' dir='ltr'>Priorem,—</span> 
     </span>
    </p>
   </div>
   <div class='ocr_carea' id='block_1_8' title="bbox 202 609 1630 650">
    <p class='ocr_par' dir='ltr' id='par_1_8' title="bbox 202 609 1630 650">
     <span class='ocr_line' id='line_1_10' title="bbox 202 609 1630 650; baseline -0.001 -6"><span class='ocrx_word' id='word_1_47' title='bbox 202 611 357 649; x_wconf 73' lang='lat' dir='ltr'>Thomas,</span> <span class='ocrx_word' id='word_1_48' title='bbox 375 614 449 648; x_wconf 56' lang='lat' dir='ltr'>etc„</span> <span class='ocrx_word' id='word_1_49' title='bbox 467 609 708 641; x_wconf 85' lang='lat' dir='ltr'>Archidiacono</span> <span class='ocrx_word' id='word_1_50' title='bbox 724 613 838 641; x_wconf 86' lang='lat' dir='ltr'>nostro</span> <span class='ocrx_word' id='word_1_51' title='bbox 853 610 1021 648; x_wconf 86' lang='lat' dir='ltr'>Tottonie,</span> <span class='ocrx_word' id='word_1_52' title='bbox 1039 609 1090 640; x_wconf 91' lang='lat' dir='ltr'>vel</span> <span class='ocrx_word' id='word_1_53' title='bbox 1107 609 1182 650; x_wconf 82' lang='lat' dir='ltr'>eJ&#39;us</span> <span class='ocrx_word' id='word_1_54' title='bbox 1207 609 1357 648; x_wconf 79' lang='lat' dir='ltr'>Officiali,</span> <span class='ocrx_word' id='word_1_55' title='bbox 1386 610 1540 649; x_wconf 86' lang='lat' dir='ltr'>salutem,</span> <span class='ocrx_word' id='word_1_56' title='bbox 1557 614 1630 650; x_wconf 89' lang='lat' dir='ltr'>etc.,</span> 
     </span>
    </p>
   </div>
   <div class='ocr_carea' id='block_1_9' title="bbox 97 872 224 900">
    <p class='ocr_par' dir='ltr' id='par_1_9' title="bbox 97 872 224 900">
     <span class='ocr_line' id='line_1_11' title="bbox 97 872 224 900; baseline -0.016 0"><span class='ocrx_word' id='word_1_57' title='bbox 97 873 148 900; x_wconf 76' lang='lat' dir='ltr'>fol.</span> <span class='ocrx_word' id='word_1_58' title='bbox 163 872 224 899; x_wconf 87' lang='lat' dir='ltr'>59b.</span> 
     </span>
    </p>
   </div>
   <div class='ocr_carea' id='block_1_10' title="bbox 244 653 1634 2950">
    <p class='ocr_par' dir='ltr' id='par_1_10' title="bbox 244 653 1634 2950">
     <span class='ocr_line' id='line_1_12' title="bbox 246 653 1631 695; baseline -0.001 -9"><span class='ocrx_word' id='word_1_59' title='bbox 246 654 408 694; x_wconf 87' lang='lat' dir='ltr'>—Nuper</span> <span class='ocrx_word' id='word_1_60' title='bbox 424 653 589 694; x_wconf 76' lang='lat' dir='ltr'>Religioso</span> <span class='ocrx_word' id='word_1_61' title='bbox 605 653 686 691; x_wconf 88' lang='lat' dir='ltr'>viro,</span> <span class='ocrx_word' id='word_1_62' title='bbox 704 653 820 684; x_wconf 79' lang='lat' dir='ltr'><strong>Fratre</strong></span> <span class='ocrx_word' id='word_1_63' title='bbox 837 653 1016 694; x_wconf 85' lang='lat' dir='ltr'>Radulpho</span> <span class='ocrx_word' id='word_1_64' title='bbox 1033 653 1191 692; x_wconf 88' lang='lat' dir='ltr'>Persoun,</span> <span class='ocrx_word' id='word_1_65' title='bbox 1209 653 1382 684; x_wconf 87' lang='lat' dir='ltr'>Prioratus</span> <span class='ocrx_word' id='word_1_66' title='bbox 1406 654 1631 695; x_wconf 86' lang='lat' dir='ltr'>Plymptonie,</span> 
     </span>
     <span class='ocr_line' id='line_1_13' title="bbox 247 697 1632 739; baseline 0 -10"><span class='ocrx_word' id='word_1_67' title='bbox 247 701 322 736; x_wconf 63' lang='lat' dir='ltr'>etc„</span> <span class='ocrx_word' id='word_1_68' title='bbox 339 698 422 728; x_wconf 89' lang='lat' dir='ltr'>dum</span> <span class='ocrx_word' id='word_1_69' title='bbox 440 697 526 728; x_wconf 85' lang='lat' dir='ltr'>vixit</span> <span class='ocrx_word' id='word_1_70' title='bbox 542 697 666 735; x_wconf 83' lang='lat' dir='ltr'>Priore,</span> <span class='ocrx_word' id='word_1_71' title='bbox 683 697 771 727; x_wconf 90' lang='lat' dir='ltr'>viam</span> <span class='ocrx_word' id='word_1_72' title='bbox 789 697 941 728; x_wconf 88' lang='lat' dir='ltr'>universe</span> <span class='ocrx_word' id='word_1_73' title='bbox 958 697 1064 728; x_wconf 86' lang='lat' dir='ltr'>carnis</span> <span class='ocrx_word' id='word_1_74' title='bbox 1080 697 1237 737; x_wconf 74' lang='lat' dir='ltr'>ingresse,</span> <span class='ocrx_word' id='word_1_75' title='bbox 1251 707 1457 738; x_wconf 88' lang='lat' dir='ltr'>quamquam</span> <span class='ocrx_word' id='word_1_76' title='bbox 1469 698 1632 739; x_wconf 81' lang='lat' dir='ltr'>Supprior</span> 
     </span>
     <span class='ocr_line' id='line_1_14' title="bbox 247 740 1631 782; baseline -0.001 -9"><span class='ocrx_word' id='word_1_77' title='bbox 247 744 283 773; x_wconf 88' lang='lat' dir='ltr'>et</span> <span class='ocrx_word' id='word_1_78' title='bbox 306 741 502 773; x_wconf 80' lang='lat' dir='ltr'>Conventus</span> <span class='ocrx_word' id='word_1_79' title='bbox 525 740 677 781; x_wconf 82' lang='lat' dir='ltr'>ejusdem</span> <span class='ocrx_word' id='word_1_80' title='bbox 695 740 867 771; x_wconf 88' lang='lat' dir='ltr'>Prioratus</span> <span class='ocrx_word' id='word_1_81' title='bbox 890 740 931 771; x_wconf 80' lang='lat' dir='ltr'>ad</span> <span class='ocrx_word' id='word_1_82' title='bbox 956 740 1163 772; x_wconf 89' lang='lat' dir='ltr'>Eleccionem</span> <span class='ocrx_word' id='word_1_83' title='bbox 1182 741 1291 772; x_wconf 79' lang='lat' dir='ltr'>futuri</span> <span class='ocrx_word' id='word_1_84' title='bbox 1316 741 1438 771; x_wconf 87' lang='lat' dir='ltr'>Prioris</span> <span class='ocrx_word' id='word_1_85' title='bbox 1461 751 1520 782; x_wconf 91' lang='lat' dir='ltr'>per</span> <span class='ocrx_word' id='word_1_86' title='bbox 1543 742 1631 772; x_wconf 87' lang='lat' dir='ltr'>viam</span> 
     </span>
     <span class='ocr_line' id='line_1_15' title="bbox 249 783 1630 826; baseline -0.001 -9"><span class='ocrx_word' id='word_1_87' title='bbox 249 784 413 824; x_wconf 84' lang='lat' dir='ltr'>scrutinii,</span> <span class='ocrx_word' id='word_1_88' title='bbox 430 787 470 816; x_wconf 86' lang='lat' dir='ltr'>ut</span> <span class='ocrx_word' id='word_1_89' title='bbox 486 783 673 823; x_wconf 88' lang='lat' dir='ltr'>videbatur,</span> <span class='ocrx_word' id='word_1_90' title='bbox 691 785 917 823; x_wconf 74' lang='lat' dir='ltr'>procedentes,</span> <span class='ocrx_word' id='word_1_91' title='bbox 936 784 1088 815; x_wconf 79' lang='lat' dir='ltr'>Fratrem</span> <span class='ocrx_word' id='word_1_92' title='bbox 1105 784 1294 815; x_wconf 84' lang='lat' dir='ltr'>Johannem</span> <span class='ocrx_word' id='word_1_93' title='bbox 1312 785 1489 823; x_wconf 85' lang='lat' dir='ltr'>Shaldone,</span> <span class='ocrx_word' id='word_1_94' title='bbox 1507 785 1630 826; x_wconf 88' lang='lat' dir='ltr'>presbi-</span> 
     </span>
     <span class='ocr_line' id='line_1_16' title="bbox 248 827 1630 869; baseline 0 -9"><span class='ocrx_word' id='word_1_95' title='bbox 248 831 370 866; x_wconf 89' lang='lat' dir='ltr'>terum,</span> <span class='ocrx_word' id='word_1_96' title='bbox 401 832 475 866; x_wconf 83' lang='lat' dir='ltr'>etc.,</span> <span class='ocrx_word' id='word_1_97' title='bbox 502 828 545 859; x_wconf 87' lang='lat' dir='ltr'>de</span> <span class='ocrx_word' id='word_1_98' title='bbox 574 827 664 858; x_wconf 86' lang='lat' dir='ltr'>facto</span> <span class='ocrx_word' id='word_1_99' title='bbox 695 827 853 859; x_wconf 87' lang='lat' dir='ltr'>duxerint</span> <span class='ocrx_word' id='word_1_100' title='bbox 882 828 1083 868; x_wconf 86' lang='lat' dir='ltr'>eligendum,</span> <span class='ocrx_word' id='word_1_101' title='bbox 1114 828 1272 869; x_wconf 83' lang='lat' dir='ltr'>idemque</span> <span class='ocrx_word' id='word_1_102' title='bbox 1303 828 1421 859; x_wconf 83' lang='lat' dir='ltr'>Frater</span> <span class='ocrx_word' id='word_1_103' title='bbox 1450 828 1630 867; x_wconf 85' lang='lat' dir='ltr'>Johannes,</span> 
     </span>
     <span class='ocr_line' id='line_1_17' title="bbox 249 871 1630 912; baseline 0 -9"><span class='ocrx_word' id='word_1_104' title='bbox 249 871 416 903; x_wconf 87' lang='lat' dir='ltr'>Eleccioni</span> <span class='ocrx_word' id='word_1_105' title='bbox 437 871 634 912; x_wconf 84' lang='lat' dir='ltr'>hujusmodi</span> <span class='ocrx_word' id='word_1_106' title='bbox 657 871 699 902; x_wconf 89' lang='lat' dir='ltr'>de</span> <span class='ocrx_word' id='word_1_107' title='bbox 719 881 754 902; x_wconf 90' lang='lat' dir='ltr'>se</span> <span class='ocrx_word' id='word_1_108' title='bbox 773 871 862 902; x_wconf 85' lang='lat' dir='ltr'>facte</span> <span class='ocrx_word' id='word_1_109' title='bbox 885 871 1107 910; x_wconf 90' lang='lat' dir='ltr'>consenciens,</span> <span class='ocrx_word' id='word_1_110' title='bbox 1131 876 1166 902; x_wconf 93' lang='lat' dir='ltr'>et</span> <span class='ocrx_word' id='word_1_111' title='bbox 1188 874 1326 912; x_wconf 90' lang='lat' dir='ltr'>propter</span> <span class='ocrx_word' id='word_1_112' title='bbox 1346 871 1408 903; x_wconf 90' lang='lat' dir='ltr'>hoc</span> <span class='ocrx_word' id='word_1_113' title='bbox 1430 873 1471 902; x_wconf 87' lang='lat' dir='ltr'>ad</span> <span class='ocrx_word' id='word_1_114' title='bbox 1495 882 1555 903; x_wconf 90' lang='lat' dir='ltr'>nos</span> <span class='ocrx_word' id='word_1_115' title='bbox 1583 883 1630 903; x_wconf 88' lang='lat' dir='ltr'>re·</span> 
     </span>
     <span class='ocr_line' id='line_1_18' title="bbox 246 915 1629 955; baseline 0 -8"><span class='ocrx_word' id='word_1_116' title='bbox 246 925 393 954; x_wconf 88' lang='lat' dir='ltr'>currens,</span> <span class='ocrx_word' id='word_1_117' title='bbox 410 915 619 946; x_wconf 85' lang='lat' dir='ltr'>Elecoionem</span> <span class='ocrx_word' id='word_1_118' title='bbox 635 915 785 954; x_wconf 88' lang='lat' dir='ltr'>eandem,</span> <span class='ocrx_word' id='word_1_119' title='bbox 803 915 898 946; x_wconf 88' lang='lat' dir='ltr'>nobis</span> <span class='ocrx_word' id='word_1_120' title='bbox 914 915 1019 955; x_wconf 83' lang='lat' dir='ltr'>ipsius</span> <span class='ocrx_word' id='word_1_121' title='bbox 1036 918 1228 955; x_wconf 87' lang='lat' dir='ltr'>presentato</span> <span class='ocrx_word' id='word_1_122' title='bbox 1252 916 1420 952; x_wconf 88' lang='lat' dir='ltr'>Processu,</span> <span class='ocrx_word' id='word_1_123' title='bbox 1438 915 1629 947; x_wconf 85' lang='lat' dir='ltr'>confirmari</span> 
     </span>
     <span class='ocr_line' id='line_1_19' title="bbox 249 958 1632 1000; baseline 0.001 -10"><span class='ocrx_word' id='word_1_124' title='bbox 249 970 267 990; x_wconf 91' lang='lat' dir='ltr'>a</span> <span class='ocrx_word' id='word_1_125' title='bbox 282 959 378 990; x_wconf 91' lang='lat' dir='ltr'>nobis</span> <span class='ocrx_word' id='word_1_126' title='bbox 394 959 506 999; x_wconf 87' lang='lat' dir='ltr'>sepius</span> <span class='ocrx_word' id='word_1_127' title='bbox 522 962 557 989; x_wconf 92' lang='lat' dir='ltr'>et</span> <span class='ocrx_word' id='word_1_128' title='bbox 572 958 747 990; x_wconf 88' lang='lat' dir='ltr'>humiliter</span> <span class='ocrx_word' id='word_1_129' title='bbox 762 958 965 999; x_wconf 69' lang='lat' dir='ltr'>postulasset</span> <span class='ocrx_word' id='word_1_130' title='bbox 981 969 989 997; x_wconf 90' lang='lat'>;</span> <span class='ocrx_word' id='word_1_131' title='bbox 1005 959 1142 989; x_wconf 90' lang='lat' dir='ltr'>demum</span> <span class='ocrx_word' id='word_1_132' title='bbox 1154 959 1361 990; x_wconf 84' lang='lat' dir='ltr'>Eleccionem</span> <span class='ocrx_word' id='word_1_133' title='bbox 1374 959 1490 1000; x_wconf 88' lang='lat' dir='ltr'>ipsam,</span> <span class='ocrx_word' id='word_1_134' title='bbox 1508 969 1574 990; x_wconf 93' lang='lat' dir='ltr'>non</span> <span class='ocrx_word' id='word_1_135' title='bbox 1592 970 1632 991; x_wconf 79' lang='lat' dir='ltr'>ex</span> 
     </span>
     <span class='ocr_line' id='line_1_20' title="bbox 248 1002 1632 1044; baseline 0 -10"><span class='ocrx_word' id='word_1_136' title='bbox 248 1013 387 1044; x_wconf 79' lang='lat' dir='ltr'>persone</span> <span class='ocrx_word' id='word_1_137' title='bbox 409 1012 469 1033; x_wconf 88' lang='lat' dir='ltr'>sue</span> <span class='ocrx_word' id='word_1_138' title='bbox 491 1002 576 1033; x_wconf 90' lang='lat' dir='ltr'>vicio</span> <span class='ocrx_word' id='word_1_139' title='bbox 592 1002 644 1033; x_wconf 91' lang='lat' dir='ltr'>vel</span> <span class='ocrx_word' id='word_1_140' title='bbox 667 1002 802 1033; x_wconf 85' lang='lat' dir='ltr'>defectu</span> <span class='ocrx_word' id='word_1_141' title='bbox 825 1005 877 1033; x_wconf 86' lang='lat' dir='ltr'>set</span> <span class='ocrx_word' id='word_1_142' title='bbox 899 1012 1116 1042; x_wconf 81' lang='lat' dir='ltr'>personarum</span> <span class='ocrx_word' id='word_1_143' title='bbox 1140 1002 1347 1043; x_wconf 87' lang='lat' dir='ltr'>eligencium,</span> <span class='ocrx_word' id='word_1_144' title='bbox 1365 1013 1402 1034; x_wconf 90' lang='lat' dir='ltr'>ac</span> <span class='ocrx_word' id='word_1_145' title='bbox 1413 1003 1503 1042; x_wconf 87' lang='lat' dir='ltr'>alias,</span> <span class='ocrx_word' id='word_1_146' title='bbox 1520 1003 1632 1035; x_wconf 91' lang='lat' dir='ltr'>minus</span> 
     </span>
     <span class='ocr_line' id='line_1_21' title="bbox 249 1045 1631 1087; baseline 0.001 -10"><span class='ocrx_word' id='word_1_147' title='bbox 249 1046 413 1078; x_wconf 86' lang='lat' dir='ltr'>Canonice</span> <span class='ocrx_word' id='word_1_148' title='bbox 439 1049 475 1077; x_wconf 91' lang='lat' dir='ltr'>et</span> <span class='ocrx_word' id='word_1_149' title='bbox 501 1046 627 1086; x_wconf 81' lang='lat' dir='ltr'>absque</span> <span class='ocrx_word' id='word_1_150' title='bbox 652 1045 804 1077; x_wconf 89' lang='lat' dir='ltr'>Licencia</span> <span class='ocrx_word' id='word_1_151' title='bbox 830 1049 866 1077; x_wconf 92' lang='lat' dir='ltr'>et</span> <span class='ocrx_word' id='word_1_152' title='bbox 890 1056 1053 1077; x_wconf 85' lang='lat' dir='ltr'>consensu</span> <span class='ocrx_word' id='word_1_153' title='bbox 1080 1046 1204 1077; x_wconf 89' lang='lat' dir='ltr'>nostris</span> <span class='ocrx_word' id='word_1_154' title='bbox 1229 1047 1270 1077; x_wconf 88' lang='lat' dir='ltr'>ad</span> <span class='ocrx_word' id='word_1_155' title='bbox 1293 1046 1355 1077; x_wconf 87' lang='lat' dir='ltr'>hoc</span> <span class='ocrx_word' id='word_1_156' title='bbox 1383 1047 1539 1087; x_wconf 88' lang='lat' dir='ltr'>primitus</span> <span class='ocrx_word' id='word_1_157' title='bbox 1564 1057 1631 1078; x_wconf 89' lang='lat' dir='ltr'>non</span> 
     </span>
     <span class='ocr_line' id='line_1_22' title="bbox 247 1089 1628 1130; baseline 0.001 -10"><span class='ocrx_word' id='word_1_158' title='bbox 247 1089 364 1130; x_wconf 88' lang='lat' dir='ltr'>petitis</span> <span class='ocrx_word' id='word_1_159' title='bbox 379 1089 431 1120; x_wconf 88' lang='lat' dir='ltr'>vel</span> <span class='ocrx_word' id='word_1_160' title='bbox 447 1089 606 1130; x_wconf 85' lang='lat' dir='ltr'>optentis,</span> <span class='ocrx_word' id='word_1_161' title='bbox 632 1089 692 1129; x_wconf 89' lang='lat' dir='ltr'>qui</span> <span class='ocrx_word' id='word_1_162' title='bbox 714 1089 757 1120; x_wconf 86' lang='lat' dir='ltr'>ab</span> <span class='ocrx_word' id='word_1_163' title='bbox 777 1089 918 1130; x_wconf 90' lang='lat' dir='ltr'>antiquo</span> <span class='ocrx_word' id='word_1_164' title='bbox 945 1100 964 1120; x_wconf 90' lang='lat' dir='ltr'>a</span> <span class='ocrx_word' id='word_1_165' title='bbox 988 1090 1238 1120; x_wconf 82' lang='lat' dir='ltr'>Precessoribus</span> <span class='ocrx_word' id='word_1_166' title='bbox 1265 1093 1300 1121; x_wconf 85' lang='lat' dir='ltr'>et</span> <span class='ocrx_word' id='word_1_167' title='bbox 1325 1090 1628 1129; x_wconf 83' lang='lat' dir='ltr'>Predecessoribus,</span> 
     </span>
     <span class='ocr_line' id='line_1_23' title="bbox 247 1132 1631 1175; baseline 0.001 -11"><span class='ocrx_word' id='word_1_168' title='bbox 247 1133 399 1174; x_wconf 84' lang='lat' dir='ltr'>ejusdem</span> <span class='ocrx_word' id='word_1_169' title='bbox 425 1133 596 1164; x_wconf 83' lang='lat' dir='ltr'>Prioratus</span> <span class='ocrx_word' id='word_1_170' title='bbox 620 1132 871 1164; x_wconf 87' lang='lat' dir='ltr'>Fundatoribus</span> <span class='ocrx_word' id='word_1_171' title='bbox 887 1136 923 1164; x_wconf 91' lang='lat' dir='ltr'>et</span> <span class='ocrx_word' id='word_1_172' title='bbox 946 1133 1112 1172; x_wconf 72' lang='lat' dir='ltr'>Patronis,</span> <span class='ocrx_word' id='word_1_173' title='bbox 1139 1133 1207 1173; x_wconf 88' lang='lat' dir='ltr'>peti</span> <span class='ocrx_word' id='word_1_174' title='bbox 1232 1136 1267 1164; x_wconf 88' lang='lat' dir='ltr'>et</span> <span class='ocrx_word' id='word_1_175' title='bbox 1290 1133 1415 1174; x_wconf 81' lang='lat' dir='ltr'>requiri</span> <span class='ocrx_word' id='word_1_176' title='bbox 1432 1144 1470 1165; x_wconf 91' lang='lat' dir='ltr'>ac</span> <span class='ocrx_word' id='word_1_177' title='bbox 1486 1134 1631 1175; x_wconf 84' lang='lat' dir='ltr'>optineri</span> 
     </span>
     <span class='ocr_line' id='line_1_24' title="bbox 249 1176 1630 1217; baseline 0 -8"><span class='ocrx_word' id='word_1_178' title='bbox 249 1180 497 1208; x_wconf 82' lang='lat' dir='ltr'>consueverunt</span> <span class='ocrx_word' id='word_1_179' title='bbox 519 1187 577 1217; x_wconf 91' lang='lat' dir='ltr'>per</span> <span class='ocrx_word' id='word_1_180' title='bbox 601 1176 817 1217; x_wconf 87' lang='lat' dir='ltr'>Suppriorem</span> <span class='ocrx_word' id='word_1_181' title='bbox 835 1179 870 1207; x_wconf 89' lang='lat' dir='ltr'>et</span> <span class='ocrx_word' id='word_1_182' title='bbox 894 1176 1108 1208; x_wconf 83' lang='lat' dir='ltr'>Conventum</span> <span class='ocrx_word' id='word_1_183' title='bbox 1133 1177 1188 1208; x_wconf 78' lang='lat' dir='ltr'>Pm·</span> <span class='ocrx_word' id='word_1_184' title='bbox 1192 1180 1305 1208; x_wconf 62' lang='lat' dir='ltr'>natus</span> <span class='ocrx_word' id='word_1_185' title='bbox 1323 1177 1474 1217; x_wconf 81' lang='lat' dir='ltr'>predicti,</span> <span class='ocrx_word' id='word_1_186' title='bbox 1499 1188 1630 1209; x_wconf 81' lang='lat' dir='ltr'>necnon</span> 
     </span>
     <span class='ocr_line' id='line_1_25' title="bbox 249 1220 1630 1261; baseline 0.001 -10"><span class='ocrx_word' id='word_1_187' title='bbox 249 1224 365 1252; x_wconf 85' lang='lat' dir='ltr'>contra</span> <span class='ocrx_word' id='word_1_188' title='bbox 380 1220 524 1251; x_wconf 78' lang='lat' dir='ltr'>formam</span> <span class='ocrx_word' id='word_1_189' title='bbox 548 1220 688 1252; x_wconf 87' lang='lat' dir='ltr'>Concilii</span> <span class='ocrx_word' id='word_1_190' title='bbox 711 1220 881 1251; x_wconf 80' lang='lat' dir='ltr'>Generalis</span> <span class='ocrx_word' id='word_1_191' title='bbox 899 1220 990 1258; x_wconf 77' lang='lat' dir='ltr'>Quia</span> <span class='ocrx_word' id='word_1_192' title='bbox 1006 1225 1140 1261; x_wconf 76' lang='lat' dir='ltr'>propter</span> <span class='ocrx_word' id='word_1_193' title='bbox 1156 1221 1260 1251; x_wconf 81' lang='lat' dir='ltr'>fuisse</span> <span class='ocrx_word' id='word_1_194' title='bbox 1276 1225 1311 1251; x_wconf 91' lang='lat' dir='ltr'>et</span> <span class='ocrx_word' id='word_1_195' title='bbox 1334 1231 1404 1252; x_wconf 83' lang='lat' dir='ltr'>esse</span> <span class='ocrx_word' id='word_1_196' title='bbox 1428 1221 1630 1252; x_wconf 85' lang='lat' dir='ltr'>celebratam</span> 
     </span>
     <span class='ocr_line' id='line_1_26' title="bbox 248 1263 1629 1304; baseline 0.001 -9"><span class='ocrx_word' id='word_1_197' title='bbox 248 1264 283 1295; x_wconf 91' lang='lat' dir='ltr'>in</span> <span class='ocrx_word' id='word_1_198' title='bbox 299 1263 362 1295; x_wconf 72' lang='lat' dir='ltr'>hac</span> <span class='ocrx_word' id='word_1_199' title='bbox 377 1266 482 1304; x_wconf 88' lang='lat' dir='ltr'>parte,</span> <span class='ocrx_word' id='word_1_200' title='bbox 499 1263 563 1294; x_wconf 85' lang='lat' dir='ltr'>rite</span> <span class='ocrx_word' id='word_1_201' title='bbox 579 1274 639 1304; x_wconf 89' lang='lat' dir='ltr'>per</span> <span class='ocrx_word' id='word_1_202' title='bbox 654 1263 766 1294; x_wconf 91' lang='lat' dir='ltr'>omnia</span> <span class='ocrx_word' id='word_1_203' title='bbox 781 1264 1008 1304; x_wconf 78' lang='lat' dir='ltr'>procedentes,</span> <span class='ocrx_word' id='word_1_204' title='bbox 1026 1264 1130 1304; x_wconf 88' lang='lat' dir='ltr'>ipsam</span> <span class='ocrx_word' id='word_1_205' title='bbox 1148 1264 1365 1302; x_wconf 86' lang='lat' dir='ltr'>Eleccionem,</span> <span class='ocrx_word' id='word_1_206' title='bbox 1381 1275 1457 1296; x_wconf 87' lang='lat' dir='ltr'>cum</span> <span class='ocrx_word' id='word_1_207' title='bbox 1471 1265 1629 1296; x_wconf 82' lang='lat' dir='ltr'>delibera.-</span> 
     </span>
     <span class='ocr_line' id='line_1_27' title="bbox 249 1307 1630 1348; baseline 0.001 -10"><span class='ocrx_word' id='word_1_208' title='bbox 249 1307 342 1339; x_wconf 89' lang='lat' dir='ltr'>cione</span> <span class='ocrx_word' id='word_1_209' title='bbox 363 1311 399 1338; x_wconf 91' lang='lat' dir='ltr'>et</span> <span class='ocrx_word' id='word_1_210' title='bbox 424 1307 561 1338; x_wconf 88' lang='lat' dir='ltr'>consilio</span> <span class='ocrx_word' id='word_1_211' title='bbox 591 1307 677 1348; x_wconf 83' lang='lat' dir='ltr'>juris</span> <span class='ocrx_word' id='word_1_212' title='bbox 708 1307 891 1347; x_wconf 89' lang='lat' dir='ltr'>peritorum</span> <span class='ocrx_word' id='word_1_213' title='bbox 923 1307 1018 1338; x_wconf 89' lang='lat' dir='ltr'>nobis</span> <span class='ocrx_word' id='word_1_214' title='bbox 1050 1307 1294 1346; x_wconf 85' lang='lat' dir='ltr'>assistencium,</span> <span class='ocrx_word' id='word_1_215' title='bbox 1329 1307 1455 1339; x_wconf 88' lang='lat' dir='ltr'>Christi</span> <span class='ocrx_word' id='word_1_216' title='bbox 1486 1309 1630 1340; x_wconf 86' lang='lat' dir='ltr'>Nomine</span> 
     </span>
     <span class='ocr_line' id='line_1_28' title="bbox 248 1349 1629 1393; baseline 0.001 -11"><span class='ocrx_word' id='word_1_217' title='bbox 248 1351 405 1392; x_wconf 88' lang='lat' dir='ltr'>primitus</span> <span class='ocrx_word' id='word_1_218' title='bbox 422 1351 584 1389; x_wconf 72' lang='lat' dir='ltr'>invocato,</span> <span class='ocrx_word' id='word_1_219' title='bbox 603 1349 754 1381; x_wconf 86' lang='lat' dir='ltr'>Licencia</span> <span class='ocrx_word' id='word_1_220' title='bbox 770 1351 965 1389; x_wconf 85' lang='lat' dir='ltr'>Reverendi,</span> <span class='ocrx_word' id='word_1_221' title='bbox 983 1354 1056 1389; x_wconf 64' lang='lat' dir='ltr'>etc„</span> <span class='ocrx_word' id='word_1_222' title='bbox 1075 1351 1233 1382; x_wconf 90' lang='lat' dir='ltr'>Willelmi</span> <span class='ocrx_word' id='word_1_223' title='bbox 1258 1349 1316 1392; x_wconf 89' lang='lat' dir='ltr'>[de</span> <span class='ocrx_word' id='word_1_224' title='bbox 1333 1351 1549 1393; x_wconf 75' lang='lat' dir='ltr'>Courtenay]‚</span> <span class='ocrx_word' id='word_1_225' title='bbox 1567 1353 1629 1384; x_wconf 91' lang='lat' dir='ltr'>Dei</span> 
     </span>
     <span class='ocr_line' id='line_1_29' title="bbox 250 1393 1630 1435; baseline 0.002 -11"><span class='ocrx_word' id='word_1_226' title='bbox 250 1394 359 1435; x_wconf 80' lang='lat' dir='ltr'>gracia</span> <span class='ocrx_word' id='word_1_227' title='bbox 374 1393 616 1425; x_wconf 80' lang='lat' dir='ltr'>Londoniensis</span> <span class='ocrx_word' id='word_1_228' title='bbox 633 1393 795 1434; x_wconf 78' lang='lat' dir='ltr'>Episcopi,</span> <span class='ocrx_word' id='word_1_229' title='bbox 814 1394 892 1425; x_wconf 85' lang='lat' dir='ltr'>Loci</span> <span class='ocrx_word' id='word_1_230' title='bbox 909 1394 1082 1425; x_wconf 88' lang='lat' dir='ltr'>Diocesani</span> <span class='ocrx_word' id='word_1_231' title='bbox 1099 1394 1132 1425; x_wconf 91' lang='lat' dir='ltr'>in</span> <span class='ocrx_word' id='word_1_232' title='bbox 1150 1405 1217 1435; x_wconf 86' lang='lat' dir='ltr'>quo</span> <span class='ocrx_word' id='word_1_233' title='bbox 1234 1394 1294 1426; x_wconf 90' lang='lat' dir='ltr'>hec</span> <span class='ocrx_word' id='word_1_234' title='bbox 1310 1395 1423 1426; x_wconf 88' lang='lat' dir='ltr'>omnia</span> <span class='ocrx_word' id='word_1_235' title='bbox 1438 1395 1578 1427; x_wconf 81' lang='lat' dir='ltr'>fecimus</span> <span class='ocrx_word' id='word_1_236' title='bbox 1594 1399 1630 1428; x_wconf 90' lang='lat' dir='ltr'>et</span> 
     </span>
     <span class='ocr_line' id='line_1_30' title="bbox 250 1437 1634 1478; baseline 0.001 -9"><span class='ocrx_word' id='word_1_237' title='bbox 250 1438 492 1478; x_wconf 84' lang='lat' dir='ltr'>expedivimus,</span> <span class='ocrx_word' id='word_1_238' title='bbox 509 1437 667 1478; x_wconf 87' lang='lat' dir='ltr'>primitus</span> <span class='ocrx_word' id='word_1_239' title='bbox 683 1440 831 1478; x_wconf 85' lang='lat' dir='ltr'>optenta,</span> <span class='ocrx_word' id='word_1_240' title='bbox 843 1437 1095 1476; x_wconf 84' lang='lat' dir='ltr'>infirmavimus,</span> <span class='ocrx_word' id='word_1_241' title='bbox 1109 1438 1320 1477; x_wconf 83' lang='lat' dir='ltr'>cassavimus,</span> <span class='ocrx_word' id='word_1_242' title='bbox 1333 1439 1582 1471; x_wconf 87' lang='lat' dir='ltr'>adnullavimus</span> <span class='ocrx_word' id='word_1_243' title='bbox 1598 1443 1634 1471; x_wconf 91' lang='lat' dir='ltr'>et</span> 
     </span>
     <span class='ocr_line' id='line_1_31' title="bbox 250 1481 1630 1523; baseline 0.001 -11"><span class='ocrx_word' id='word_1_244' title='bbox 250 1481 456 1512; x_wconf 82' lang='lat' dir='ltr'>irritavimus</span> <span class='ocrx_word' id='word_1_245' title='bbox 467 1481 715 1512; x_wconf 84' lang='lat' dir='ltr'>sentencialiter</span> <span class='ocrx_word' id='word_1_246' title='bbox 727 1481 760 1511; x_wconf 89' lang='lat' dir='ltr'>in</span> <span class='ocrx_word' id='word_1_247' title='bbox 772 1481 913 1522; x_wconf 82' lang='lat' dir='ltr'>scriptis,</span> <span class='ocrx_word' id='word_1_248' title='bbox 925 1491 962 1512; x_wconf 90' lang='lat' dir='ltr'>ac</span> <span class='ocrx_word' id='word_1_249' title='bbox 974 1481 1121 1522; x_wconf 84' lang='lat' dir='ltr'>prefatos</span> <span class='ocrx_word' id='word_1_250' title='bbox 1131 1481 1346 1522; x_wconf 86' lang='lat' dir='ltr'>Suppriorem</span> <span class='ocrx_word' id='word_1_251' title='bbox 1360 1485 1395 1514; x_wconf 88' lang='lat' dir='ltr'>et</span> <span class='ocrx_word' id='word_1_252' title='bbox 1407 1483 1630 1523; x_wconf 84' lang='lat' dir='ltr'>Conventum,</span> 
     </span>
     <span class='ocr_line' id='line_1_32' title="bbox 251 1524 1629 1567; baseline 0.002 -12"><span class='ocrx_word' id='word_1_253' title='bbox 251 1525 409 1556; x_wconf 77' lang='lat' dir='ltr'>electores</span> <span class='ocrx_word' id='word_1_254' title='bbox 425 1524 631 1565; x_wconf 86' lang='lat' dir='ltr'>hujusmodi,</span> <span class='ocrx_word' id='word_1_255' title='bbox 648 1524 816 1556; x_wconf 82' lang='lat' dir='ltr'>occasione</span> <span class='ocrx_word' id='word_1_256' title='bbox 833 1525 1003 1565; x_wconf 86' lang='lat' dir='ltr'>premissa,</span> <span class='ocrx_word' id='word_1_257' title='bbox 1023 1528 1190 1565; x_wconf 84' lang='lat' dir='ltr'>potestate</span> <span class='ocrx_word' id='word_1_258' title='bbox 1213 1525 1357 1566; x_wconf 91' lang='lat' dir='ltr'>eligendi</span> <span class='ocrx_word' id='word_1_259' title='bbox 1372 1537 1409 1557; x_wconf 89' lang='lat' dir='ltr'>ea</span> <span class='ocrx_word' id='word_1_260' title='bbox 1426 1526 1496 1557; x_wconf 90' lang='lat' dir='ltr'>vice</span> <span class='ocrx_word' id='word_1_261' title='bbox 1520 1527 1629 1567; x_wconf 87' lang='lat' dir='ltr'>priva-</span> 
     </span>
     <span class='ocr_line' id='line_1_33' title="bbox 251 1568 1630 1609; baseline 0.002 -10"><span class='ocrx_word' id='word_1_262' title='bbox 251 1568 362 1599; x_wconf 89' lang='lat' dir='ltr'>vimus</span> <span class='ocrx_word' id='word_1_263' title='bbox 384 1568 632 1599; x_wconf 84' lang='lat' dir='ltr'>sentencialiter</span> <span class='ocrx_word' id='word_1_264' title='bbox 655 1578 712 1608; x_wconf 88' lang='lat' dir='ltr'>per</span> <span class='ocrx_word' id='word_1_265' title='bbox 736 1568 927 1607; x_wconf 86' lang='lat' dir='ltr'>Decretum,</span> <span class='ocrx_word' id='word_1_266' title='bbox 953 1569 1248 1609; x_wconf 86' lang='lat' dir='ltr'>Provisionemque</span> <span class='ocrx_word' id='word_1_267' title='bbox 1271 1569 1381 1600; x_wconf 87' lang='lat' dir='ltr'>eidem</span> <span class='ocrx_word' id='word_1_268' title='bbox 1405 1570 1572 1601; x_wconf 88' lang='lat' dir='ltr'>Prioratui</span> <span class='ocrx_word' id='word_1_269' title='bbox 1589 1571 1630 1602; x_wconf 91' lang='lat' dir='ltr'>de</span> 
     </span>
     <span class='ocr_line' id='line_1_34' title="bbox 251 1611 1628 1653; baseline 0.002 -11"><span class='ocrx_word' id='word_1_270' title='bbox 251 1612 364 1642; x_wconf 87' lang='lat' dir='ltr'>Priore</span> <span class='ocrx_word' id='word_1_271' title='bbox 387 1611 572 1642; x_wconf 80' lang='lat' dir='ltr'>faciendam</span> <span class='ocrx_word' id='word_1_272' title='bbox 595 1611 638 1643; x_wconf 92' lang='lat' dir='ltr'>ad</span> <span class='ocrx_word' id='word_1_273' title='bbox 661 1621 721 1642; x_wconf 86' lang='lat' dir='ltr'>nos</span> <span class='ocrx_word' id='word_1_274' title='bbox 744 1611 895 1652; x_wconf 76' lang='lat' dir='ltr'>proximo</span> <span class='ocrx_word' id='word_1_275' title='bbox 911 1612 1113 1652; x_wconf 77' lang='lat' dir='ltr'>superiorem</span> <span class='ocrx_word' id='word_1_276' title='bbox 1138 1612 1171 1643; x_wconf 90' lang='lat' dir='ltr'>in</span> <span class='ocrx_word' id='word_1_277' title='bbox 1195 1613 1257 1644; x_wconf 87' lang='lat' dir='ltr'>hac</span> <span class='ocrx_word' id='word_1_278' title='bbox 1281 1616 1385 1653; x_wconf 84' lang='lat' dir='ltr'>parte,</span> <span class='ocrx_word' id='word_1_279' title='bbox 1401 1624 1439 1644; x_wconf 90' lang='lat' dir='ltr'>ea</span> <span class='ocrx_word' id='word_1_280' title='bbox 1452 1614 1628 1646; x_wconf 71' lang='lat' dir='ltr'>occasione,</span> 
     </span>
     <span class='ocr_line' id='line_1_35' title="bbox 250 1655 1628 1698; baseline 0.002 -12"><span class='ocrx_word' id='word_1_281' title='bbox 250 1655 312 1686; x_wconf 73' lang='lat' dir='ltr'>hac</span> <span class='ocrx_word' id='word_1_282' title='bbox 327 1655 398 1686; x_wconf 87' lang='lat' dir='ltr'>vice</span> <span class='ocrx_word' id='word_1_283' title='bbox 414 1655 607 1686; x_wconf 80' lang='lat' dir='ltr'>devolutam</span> <span class='ocrx_word' id='word_1_284' title='bbox 631 1655 734 1686; x_wconf 84' lang='lat' dir='ltr'>fuisse</span> <span class='ocrx_word' id='word_1_285' title='bbox 750 1659 785 1686; x_wconf 91' lang='lat' dir='ltr'>et</span> <span class='ocrx_word' id='word_1_286' title='bbox 808 1666 887 1694; x_wconf 88' lang='lat' dir='ltr'>esse,</span> <span class='ocrx_word' id='word_1_287' title='bbox 905 1659 1036 1686; x_wconf 84' lang='lat' dir='ltr'>servato</span> <span class='ocrx_word' id='word_1_288' title='bbox 1052 1656 1086 1686; x_wconf 91' lang='lat' dir='ltr'>in</span> <span class='ocrx_word' id='word_1_289' title='bbox 1111 1656 1267 1687; x_wconf 88' lang='lat' dir='ltr'>omnibus</span> <span class='ocrx_word' id='word_1_290' title='bbox 1291 1656 1461 1695; x_wconf 84' lang='lat' dir='ltr'>Processu,</span> <span class='ocrx_word' id='word_1_291' title='bbox 1480 1657 1628 1698; x_wconf 87' lang='lat' dir='ltr'>legitime</span> 
     </span>
     <span class='ocr_line' id='line_1_36' title="bbox 250 1698 1632 1740; baseline 0.002 -10"><span class='ocrx_word' id='word_1_292' title='bbox 250 1698 455 1730; x_wconf 85' lang='lat' dir='ltr'>declarantes</span> <span class='ocrx_word' id='word_1_293' title='bbox 469 1709 476 1729; x_wconf 91' lang='lat'><strong>:</strong></span> <span class='ocrx_word' id='word_1_294' title='bbox 494 1701 538 1737; x_wconf 90' lang='lat' dir='ltr'>et,</span> <span class='ocrx_word' id='word_1_295' title='bbox 552 1709 593 1729; x_wconf 88' lang='lat' dir='ltr'>ne</span> <span class='ocrx_word' id='word_1_296' title='bbox 605 1699 716 1729; x_wconf 87' lang='lat' dir='ltr'>dictus</span> <span class='ocrx_word' id='word_1_297' title='bbox 728 1698 899 1730; x_wconf 82' lang='lat' dir='ltr'>Prioratus</span> <span class='ocrx_word' id='word_1_298' title='bbox 914 1698 1046 1730; x_wconf 87' lang='lat' dir='ltr'>diucius</span> <span class='ocrx_word' id='word_1_299' title='bbox 1059 1699 1239 1730; x_wconf 88' lang='lat' dir='ltr'>vacacionis</span> <span class='ocrx_word' id='word_1_300' title='bbox 1253 1700 1435 1740; x_wconf 88' lang='lat' dir='ltr'>dampnose</span> <span class='ocrx_word' id='word_1_301' title='bbox 1446 1701 1632 1733; x_wconf 87' lang='lat' dir='ltr'>incurreret</span> 
     </span>
     <span class='ocr_line' id='line_1_37' title="bbox 250 1742 1631 1785; baseline 0.002 -12"><span class='ocrx_word' id='word_1_302' title='bbox 250 1742 434 1783; x_wconf 87' lang='lat' dir='ltr'>dispendia,</span> <span class='ocrx_word' id='word_1_303' title='bbox 469 1744 572 1783; x_wconf 87' lang='lat' dir='ltr'>prout</span> <span class='ocrx_word' id='word_1_304' title='bbox 598 1742 768 1781; x_wconf 88' lang='lat' dir='ltr'>hactenus,</span> <span class='ocrx_word' id='word_1_305' title='bbox 798 1746 933 1783; x_wconf 87' lang='lat' dir='ltr'>propter</span> <span class='ocrx_word' id='word_1_306' title='bbox 960 1743 1105 1783; x_wconf 89' lang='lat' dir='ltr'>quedam</span> <span class='ocrx_word' id='word_1_307' title='bbox 1132 1743 1374 1783; x_wconf 87' lang='lat' dir='ltr'>impedimenta</span> <span class='ocrx_word' id='word_1_308' title='bbox 1393 1754 1459 1785; x_wconf 90' lang='lat' dir='ltr'>que</span> <span class='ocrx_word' id='word_1_309' title='bbox 1486 1745 1631 1776; x_wconf 83' lang='lat' dir='ltr'>durante</span> 
     </span>
     <span class='ocr_line' id='line_1_38' title="bbox 249 1785 1630 1828; baseline 0.003 -12"><span class='ocrx_word' id='word_1_310' title='bbox 249 1785 422 1817; x_wconf 85' lang='lat' dir='ltr'>vacacione</span> <span class='ocrx_word' id='word_1_311' title='bbox 438 1785 635 1827; x_wconf 81' lang='lat' dir='ltr'>hujusmodi</span> <span class='ocrx_word' id='word_1_312' title='bbox 651 1786 875 1826; x_wconf 87' lang='lat' dir='ltr'>contigerunt,</span> <span class='ocrx_word' id='word_1_313' title='bbox 888 1786 1111 1826; x_wconf 90' lang='lat' dir='ltr'>incurrerunt,</span> <span class='ocrx_word' id='word_1_314' title='bbox 1129 1787 1256 1818; x_wconf 87' lang='lat' dir='ltr'>solicite</span> <span class='ocrx_word' id='word_1_315' title='bbox 1268 1788 1461 1828; x_wconf 87' lang='lat' dir='ltr'>cogitantes,</span> <span class='ocrx_word' id='word_1_316' title='bbox 1478 1799 1515 1819; x_wconf 87' lang='lat' dir='ltr'>ac</span> <span class='ocrx_word' id='word_1_317' title='bbox 1528 1789 1630 1820; x_wconf 86' lang='lat' dir='ltr'>talem</span> 
     </span>
     <span class='ocr_line' id='line_1_39' title="bbox 249 1829 1631 1872; baseline 0.002 -12"><span class='ocrx_word' id='word_1_318' title='bbox 249 1829 298 1860; x_wconf 92' lang='lat' dir='ltr'>illi</span> <span class='ocrx_word' id='word_1_319' title='bbox 315 1829 487 1870; x_wconf 85' lang='lat' dir='ltr'>cupientes</span> <span class='ocrx_word' id='word_1_320' title='bbox 504 1839 632 1870; x_wconf 86' lang='lat' dir='ltr'>preesse</span> <span class='ocrx_word' id='word_1_321' title='bbox 655 1840 830 1870; x_wconf 85' lang='lat' dir='ltr'>personam</span> <span class='ocrx_word' id='word_1_322' title='bbox 846 1840 912 1871; x_wconf 90' lang='lat' dir='ltr'>que</span> <span class='ocrx_word' id='word_1_323' title='bbox 935 1833 1031 1861; x_wconf 88' lang='lat' dir='ltr'>tanto</span> <span class='ocrx_word' id='word_1_324' title='bbox 1055 1831 1231 1862; x_wconf 86' lang='lat' dir='ltr'>conveniat</span> <span class='ocrx_word' id='word_1_325' title='bbox 1247 1831 1337 1862; x_wconf 86' lang='lat' dir='ltr'>oneri</span> <span class='ocrx_word' id='word_1_326' title='bbox 1359 1834 1394 1862; x_wconf 90' lang='lat' dir='ltr'>et</span> <span class='ocrx_word' id='word_1_327' title='bbox 1409 1831 1537 1870; x_wconf 85' lang='lat' dir='ltr'>honori,</span> <span class='ocrx_word' id='word_1_328' title='bbox 1554 1836 1631 1872; x_wconf 89' lang='lat' dir='ltr'>post</span> 
     </span>
     <span class='ocr_line' id='line_1_40' title="bbox 249 1873 1628 1916; baseline 0.002 -12"><span class='ocrx_word' id='word_1_329' title='bbox 249 1873 526 1904; x_wconf 83' lang='lat' dir='ltr'>deliberacionem</span> <span class='ocrx_word' id='word_1_330' title='bbox 542 1882 643 1913; x_wconf 84' lang='lat' dir='ltr'>quam</span> <span class='ocrx_word' id='word_1_331' title='bbox 667 1883 768 1914; x_wconf 87' lang='lat' dir='ltr'>super</span> <span class='ocrx_word' id='word_1_332' title='bbox 790 1873 852 1904; x_wconf 89' lang='lat' dir='ltr'>hoc</span> <span class='ocrx_word' id='word_1_333' title='bbox 875 1873 1055 1905; x_wconf 85' lang='lat' dir='ltr'>habuimus</span> <span class='ocrx_word' id='word_1_334' title='bbox 1078 1874 1283 1914; x_wconf 81' lang='lat' dir='ltr'>diligentem,</span> <span class='ocrx_word' id='word_1_335' title='bbox 1300 1875 1334 1906; x_wconf 91' lang='lat' dir='ltr'>in</span> <span class='ocrx_word' id='word_1_336' title='bbox 1359 1875 1527 1916; x_wconf 83' lang='lat' dir='ltr'>prefatum</span> <span class='ocrx_word' id='word_1_337' title='bbox 1552 1876 1628 1907; x_wconf 86' lang='lat' dir='ltr'>Fra-</span> 
     </span>
     <span class='ocr_line' id='line_1_41' title="bbox 248 1916 1628 1959; baseline 0.002 -11"><span class='ocrx_word' id='word_1_338' title='bbox 248 1921 336 1948; x_wconf 88' lang='lat' dir='ltr'>trem</span> <span class='ocrx_word' id='word_1_339' title='bbox 359 1916 558 1955; x_wconf 84' lang='lat' dir='ltr'>Johannem,</span> <span class='ocrx_word' id='word_1_340' title='bbox 583 1926 683 1957; x_wconf 87' lang='lat' dir='ltr'>quem</span> <span class='ocrx_word' id='word_1_341' title='bbox 707 1917 775 1948; x_wconf 86' lang='lat' dir='ltr'>vite</span> <span class='ocrx_word' id='word_1_342' title='bbox 798 1920 833 1948; x_wconf 86' lang='lat' dir='ltr'>et</span> <span class='ocrx_word' id='word_1_343' title='bbox 856 1927 988 1948; x_wconf 90' lang='lat' dir='ltr'>morum</span> <span class='ocrx_word' id='word_1_344' title='bbox 1012 1917 1179 1957; x_wconf 84' lang='lat' dir='ltr'>honestas,</span> <span class='ocrx_word' id='word_1_345' title='bbox 1204 1918 1294 1949; x_wconf 81' lang='lat' dir='ltr'>fama</span> <span class='ocrx_word' id='word_1_346' title='bbox 1318 1929 1465 1959; x_wconf 89' lang='lat' dir='ltr'>persone,</span> <span class='ocrx_word' id='word_1_347' title='bbox 1490 1923 1525 1951; x_wconf 92' lang='lat' dir='ltr'>et</span> <span class='ocrx_word' id='word_1_348' title='bbox 1546 1920 1628 1951; x_wconf 89' lang='lat' dir='ltr'>alias</span> 
     </span>
     <span class='ocr_line' id='line_1_42' title="bbox 248 1959 1629 2004; baseline 0.001 -12"><span class='ocrx_word' id='word_1_349' title='bbox 248 1971 392 1999; x_wconf 84' lang='lat' dir='ltr'>concors,</span> <span class='ocrx_word' id='word_1_350' title='bbox 410 1959 489 1991; x_wconf 88' lang='lat' dir='ltr'>licet</span> <span class='ocrx_word' id='word_1_351' title='bbox 510 1960 666 1999; x_wconf 82' lang='lat' dir='ltr'>invalida,</span> <span class='ocrx_word' id='word_1_352' title='bbox 689 1960 794 2001; x_wconf 89' lang='lat' dir='ltr'>ipsius</span> <span class='ocrx_word' id='word_1_353' title='bbox 819 1961 1014 1992; x_wconf 88' lang='lat' dir='ltr'>Conventus</span> <span class='ocrx_word' id='word_1_354' title='bbox 1029 1961 1070 1992; x_wconf 90' lang='lat' dir='ltr'>de</span> <span class='ocrx_word' id='word_1_355' title='bbox 1093 1972 1131 1992; x_wconf 92' lang='lat' dir='ltr'>eo</span> <span class='ocrx_word' id='word_1_356' title='bbox 1155 1962 1320 1993; x_wconf 83' lang='lat' dir='ltr'>celebrata</span> <span class='ocrx_word' id='word_1_357' title='bbox 1343 1962 1481 2001; x_wconf 88' lang='lat' dir='ltr'>Eleccio,</span> <span class='ocrx_word' id='word_1_358' title='bbox 1499 1963 1629 2004; x_wconf 91' lang='lat' dir='ltr'>aliaque</span> 
     </span>
     <span class='ocr_line' id='line_1_43' title="bbox 250 1985 1630 2046; baseline 0.002 -11"><span class='ocrx_word' id='word_1_359' title='bbox 250 2015 310 2036; x_wconf 92' lang='lat' dir='ltr'>sue</span> <span class='ocrx_word' id='word_1_360' title='bbox 325 1985 503 2045; x_wconf 85' lang='lat' dir='ltr'>probitatis</span> <span class='ocrx_word' id='word_1_361' title='bbox 519 2004 639 2035; x_wconf 87' lang='lat' dir='ltr'>merita</span> <span class='ocrx_word' id='word_1_362' title='bbox 661 2003 895 2045; x_wconf 86' lang='lat' dir='ltr'>multipliciter</span> <span class='ocrx_word' id='word_1_363' title='bbox 917 2005 1154 2046; x_wconf 78' lang='lat' dir='ltr'>suffragantur,</span> <span class='ocrx_word' id='word_1_364' title='bbox 1172 2005 1356 2037; x_wconf 79' lang='lat' dir='ltr'>direximus</span> <span class='ocrx_word' id='word_1_365' title='bbox 1379 2007 1491 2038; x_wconf 89' lang='lat' dir='ltr'>oculos</span> <span class='ocrx_word' id='word_1_366' title='bbox 1508 2007 1630 2038; x_wconf 84' lang='lat' dir='ltr'>mentis</span> 
     </span>
     <span class='ocr_line' id='line_1_44' title="bbox 248 2047 1630 2089; baseline 0.002 -11"><span class='ocrx_word' id='word_1_367' title='bbox 248 2051 371 2085; x_wconf 89' lang='lat' dir='ltr'>nostre,</span> <span class='ocrx_word' id='word_1_368' title='bbox 394 2057 441 2086; x_wconf 91' lang='lat' dir='ltr'>ac,</span> <span class='ocrx_word' id='word_1_369' title='bbox 466 2047 730 2079; x_wconf 88' lang='lat' dir='ltr'>consideracione</span> <span class='ocrx_word' id='word_1_370' title='bbox 753 2048 1003 2088; x_wconf 85' lang='lat' dir='ltr'>premissorum,</span> <span class='ocrx_word' id='word_1_371' title='bbox 1027 2049 1069 2079; x_wconf 90' lang='lat' dir='ltr'>de</span> <span class='ocrx_word' id='word_1_372' title='bbox 1092 2059 1231 2089; x_wconf 88' lang='lat' dir='ltr'>persona</span> <span class='ocrx_word' id='word_1_373' title='bbox 1253 2060 1313 2081; x_wconf 92' lang='lat' dir='ltr'>sua</span> <span class='ocrx_word' id='word_1_374' title='bbox 1330 2049 1438 2081; x_wconf 88' lang='lat' dir='ltr'>eidem</span> <span class='ocrx_word' id='word_1_375' title='bbox 1463 2050 1630 2082; x_wconf 85' lang='lat' dir='ltr'>Prioratui</span> 
     </span>
     <span class='ocr_line' id='line_1_45' title="bbox 247 2091 1628 2140; baseline 0.002 -18"><span class='ocrx_word' id='word_1_376' title='bbox 247 2091 465 2132; x_wconf 86' lang='lat' dir='ltr'>providimus,</span> <span class='ocrx_word' id='word_1_377' title='bbox 486 2091 668 2140; x_wconf 82' lang='lat' dir='ltr'>ipsumque</span> <span class='ocrx_word' id='word_1_378' title='bbox 690 2091 724 2122; x_wconf 91' lang='lat' dir='ltr'>in</span> <span class='ocrx_word' id='word_1_379' title='bbox 741 2091 894 2132; x_wconf 83' lang='lat' dir='ltr'>ejusdem</span> <span class='ocrx_word' id='word_1_380' title='bbox 919 2092 1090 2123; x_wconf 85' lang='lat' dir='ltr'>Prioratus</span> <span class='ocrx_word' id='word_1_381' title='bbox 1114 2093 1263 2124; x_wconf 81' lang='lat' dir='ltr'>Priorem</span> <span class='ocrx_word' id='word_1_382' title='bbox 1280 2093 1479 2134; x_wconf 80' lang='lat' dir='ltr'>prefecimus</span> <span class='ocrx_word' id='word_1_383' title='bbox 1495 2097 1530 2125; x_wconf 91' lang='lat' dir='ltr'>et</span> <span class='ocrx_word' id='word_1_384' title='bbox 1553 2095 1628 2125; x_wconf 85' lang='lat' dir='ltr'>Pas-</span> 
     </span>
     <span class='ocr_line' id='line_1_46' title="bbox 247 2134 1630 2178; baseline 0.003 -13"><span class='ocrx_word' id='word_1_385' title='bbox 247 2137 380 2173; x_wconf 84' lang='lat' dir='ltr'>torem3</span> <span class='ocrx_word' id='word_1_386' title='bbox 397 2145 510 2166; x_wconf 87' lang='lat' dir='ltr'>euram</span> <span class='ocrx_word' id='word_1_387' title='bbox 521 2134 708 2166; x_wconf 83' lang='lat' dir='ltr'>animarum</span> <span class='ocrx_word' id='word_1_388' title='bbox 722 2138 756 2166; x_wconf 89' lang='lat' dir='ltr'>et</span> <span class='ocrx_word' id='word_1_389' title='bbox 767 2135 1094 2167; x_wconf 80' lang='lat' dir='ltr'>administracionem</span> <span class='ocrx_word' id='word_1_390' title='bbox 1107 2136 1333 2176; x_wconf 87' lang='lat' dir='ltr'>spiritualium</span> <span class='ocrx_word' id='word_1_391' title='bbox 1346 2140 1381 2168; x_wconf 87' lang='lat' dir='ltr'>et</span> <span class='ocrx_word' id='word_1_392' title='bbox 1392 2138 1630 2178; x_wconf 89' lang='lat' dir='ltr'>temporalium</span> 
     </span>
     <span class='ocr_line' id='line_1_47' title="bbox 246 2177 1629 2222; baseline 0.002 -13"><span class='ocrx_word' id='word_1_393' title='bbox 246 2177 397 2219; x_wconf 86' lang='lat' dir='ltr'>ejusdem</span> <span class='ocrx_word' id='word_1_394' title='bbox 415 2178 588 2209; x_wconf 86' lang='lat' dir='ltr'>Prioratus</span> <span class='ocrx_word' id='word_1_395' title='bbox 603 2178 694 2210; x_wconf 86' lang='lat' dir='ltr'>dicto</span> <span class='ocrx_word' id='word_1_396' title='bbox 711 2178 823 2210; x_wconf 87' lang='lat' dir='ltr'>Fratri</span> <span class='ocrx_word' id='word_1_397' title='bbox 838 2179 1010 2210; x_wconf 66' lang='lat' dir='ltr'>,Iohanni&#39;</span> <span class='ocrx_word' id='word_1_398' title='bbox 1001 2189 1033 2210; x_wconf 81' lang='lat' dir='ltr'>ln</span> <span class='ocrx_word' id='word_1_399' title='bbox 1053 2179 1197 2211; x_wconf 85' lang='lat' dir='ltr'>Domino</span> <span class='ocrx_word' id='word_1_400' title='bbox 1213 2181 1481 2219; x_wconf 87' lang='lat' dir='ltr'>committendo;</span> <span class='ocrx_word' id='word_1_401' title='bbox 1504 2181 1629 2222; x_wconf 86' lang='lat' dir='ltr'>ipsum-</span> 
     </span>
     <span class='ocr_line' id='line_1_48' title="bbox 247 2221 1629 2264; baseline 0.003 -12"><span class='ocrx_word' id='word_1_402' title='bbox 247 2232 313 2262; x_wconf 87' lang='lat' dir='ltr'>que</span> <span class='ocrx_word' id='word_1_403' title='bbox 335 2232 395 2262; x_wconf 91' lang='lat' dir='ltr'>per</span> <span class='ocrx_word' id='word_1_404' title='bbox 419 2221 510 2253; x_wconf 86' lang='lat' dir='ltr'>Libri</span> <span class='ocrx_word' id='word_1_405' title='bbox 534 2222 640 2252; x_wconf 91' lang='lat' dir='ltr'>nostri</span> <span class='ocrx_word' id='word_1_406' title='bbox 663 2222 882 2253; x_wconf 86' lang='lat' dir='ltr'>tradicionem</span> <span class='ocrx_word' id='word_1_407' title='bbox 905 2222 1138 2254; x_wconf 89' lang='lat' dir='ltr'>investivimus</span> <span class='ocrx_word' id='word_1_408' title='bbox 1161 2224 1410 2264; x_wconf 84' lang='lat' dir='ltr'>presencialiter</span> <span class='ocrx_word' id='word_1_409' title='bbox 1425 2225 1466 2256; x_wconf 91' lang='lat' dir='ltr'>de</span> <span class='ocrx_word' id='word_1_410' title='bbox 1487 2225 1629 2263; x_wconf 86' lang='lat' dir='ltr'>eodem3</span> 
     </span>
     <span class='ocr_line' id='line_1_49' title="bbox 244 2265 1630 2309; baseline 0.002 -13"><span class='ocrx_word' id='word_1_411' title='bbox 244 2265 378 2306; x_wconf 81' lang='lat' dir='ltr'>J&#39;uribus</span> <span class='ocrx_word' id='word_1_412' title='bbox 394 2269 429 2296; x_wconf 87' lang='lat' dir='ltr'>et</span> <span class='ocrx_word' id='word_1_413' title='bbox 450 2265 751 2297; x_wconf 86' lang='lat' dir='ltr'>consuetudinibus</span> <span class='ocrx_word' id='word_1_414' title='bbox 769 2266 892 2297; x_wconf 77' lang='lat' dir='ltr'>nostris</span> <span class='ocrx_word' id='word_1_415' title='bbox 913 2269 949 2297; x_wconf 91' lang='lat' dir='ltr'>et</span> <span class='ocrx_word' id='word_1_416' title='bbox 972 2266 1117 2297; x_wconf 87' lang='lat' dir='ltr'>Ecclesie</span> <span class='ocrx_word' id='word_1_417' title='bbox 1141 2270 1254 2298; x_wconf 87' lang='lat' dir='ltr'>nostre</span> <span class='ocrx_word' id='word_1_418' title='bbox 1279 2267 1477 2299; x_wconf 77' lang='lat' dir='ltr'>Exoniensis</span> <span class='ocrx_word' id='word_1_419' title='bbox 1500 2278 1630 2309; x_wconf 90' lang='lat' dir='ltr'>semper</span> 
     </span>
     <span class='ocr_line' id='line_1_50' title="bbox 246 2308 1629 2353; baseline 0.002 -13"><span class='ocrx_word' id='word_1_420' title='bbox 246 2309 354 2340; x_wconf 83' lang='lat' dir='ltr'>salvis.</span> <span class='ocrx_word' id='word_1_421' title='bbox 402 2308 563 2347; x_wconf 84' lang='lat' dir='ltr'>Quocirca</span> <span class='ocrx_word' id='word_1_422' title='bbox 579 2309 671 2340; x_wconf 87' lang='lat' dir='ltr'>vobis</span> <span class='ocrx_word' id='word_1_423' title='bbox 687 2309 932 2340; x_wconf 89' lang='lat' dir='ltr'>committimus</span> <span class='ocrx_word' id='word_1_424' title='bbox 948 2312 984 2340; x_wconf 90' lang='lat' dir='ltr'>et</span> <span class='ocrx_word' id='word_1_425' title='bbox 1005 2310 1213 2350; x_wconf 87' lang='lat' dir='ltr'>mandamus,</span> <span class='ocrx_word' id='word_1_426' title='bbox 1238 2310 1379 2342; x_wconf 88' lang='lat' dir='ltr'>firmiter</span> <span class='ocrx_word' id='word_1_427' title='bbox 1400 2311 1629 2353; x_wconf 80' lang='lat' dir='ltr'>injungentes,</span> 
     </span>
     <span class='ocr_line' id='line_1_51' title="bbox 246 2352 1628 2396; baseline 0.003 -13"><span class='ocrx_word' id='word_1_428' title='bbox 246 2352 407 2394; x_wconf 87' lang='lat' dir='ltr'>quatinus</span> <span class='ocrx_word' id='word_1_429' title='bbox 423 2352 594 2393; x_wconf 80' lang='lat' dir='ltr'>prefatum</span> <span class='ocrx_word' id='word_1_430' title='bbox 610 2352 761 2383; x_wconf 87' lang='lat' dir='ltr'>Fratrem</span> <span class='ocrx_word' id='word_1_431' title='bbox 779 2353 800 2384; x_wconf 81' lang='lat' dir='ltr'>J</span> <span class='ocrx_word' id='word_1_432' title='bbox 803 2353 969 2384; x_wconf 84' lang='lat' dir='ltr'>ohannem</span> <span class='ocrx_word' id='word_1_433' title='bbox 986 2353 1178 2385; x_wconf 87' lang='lat' dir='ltr'>Shaldone&#39;</span> <span class='ocrx_word' id='word_1_434' title='bbox 1168 2364 1203 2385; x_wconf 87' lang='lat'>111</span> <span class='ocrx_word' id='word_1_435' title='bbox 1227 2355 1429 2395; x_wconf 89' lang='lat' dir='ltr'>corporalem</span> <span class='ocrx_word' id='word_1_436' title='bbox 1454 2355 1628 2396; x_wconf 86' lang='lat' dir='ltr'>possessio-</span> 
     </span>
     <span class='ocr_line' id='line_1_52' title="bbox 247 2395 1629 2439; baseline 0.003 -13"><span class='ocrx_word' id='word_1_437' title='bbox 247 2406 325 2427; x_wconf 90' lang='lat' dir='ltr'>nem</span> <span class='ocrx_word' id='word_1_438' title='bbox 352 2395 505 2437; x_wconf 83' lang='lat' dir='ltr'>eJ&#39;usdem</span> <span class='ocrx_word' id='word_1_439' title='bbox 531 2395 711 2434; x_wconf 84' lang='lat' dir='ltr'>Prioratus,</span> <span class='ocrx_word' id='word_1_440' title='bbox 736 2406 814 2427; x_wconf 91' lang='lat' dir='ltr'>cum</span> <span class='ocrx_word' id='word_1_441' title='bbox 841 2396 998 2428; x_wconf 89' lang='lat' dir='ltr'>omnibus</span> <span class='ocrx_word' id='word_1_442' title='bbox 1023 2397 1090 2428; x_wconf 87' lang='lat' dir='ltr'>suis</span> <span class='ocrx_word' id='word_1_443' title='bbox 1112 2396 1247 2438; x_wconf 80' lang='lat' dir='ltr'>J‘uribus</span> <span class='ocrx_word' id='word_1_444' title='bbox 1274 2402 1310 2429; x_wconf 89' lang='lat' dir='ltr'>et</span> <span class='ocrx_word' id='word_1_445' title='bbox 1345 2398 1559 2439; x_wconf 88' lang='lat' dir='ltr'>pertinenciis</span> <span class='ocrx_word' id='word_1_446' title='bbox 1587 2399 1629 2430; x_wconf 90' lang='lat' dir='ltr'>ad</span> 
     </span>
     <span class='ocr_line' id='line_1_53' title="bbox 247 2439 1629 2481; baseline 0.002 -11"><span class='ocrx_word' id='word_1_447' title='bbox 247 2439 397 2470; x_wconf 87' lang='lat' dir='ltr'>Priorem</span> <span class='ocrx_word' id='word_1_448' title='bbox 413 2439 494 2471; x_wconf 87' lang='lat' dir='ltr'>dicti</span> <span class='ocrx_word' id='word_1_449' title='bbox 511 2439 589 2470; x_wconf 88' lang='lat' dir='ltr'>Loci</span> <span class='ocrx_word' id='word_1_450' title='bbox 601 2439 670 2470; x_wconf 92' lang='lat' dir='ltr'>de</span> <span class='ocrx_word' id='word_1_451' title='bbox 657 2450 733 2480; x_wconf 88' lang='lat' dir='ltr'>Jure</span> <span class='ocrx_word' id='word_1_452' title='bbox 745 2440 796 2470; x_wconf 89' lang='lat' dir='ltr'>vel</span> <span class='ocrx_word' id='word_1_453' title='bbox 809 2440 1052 2471; x_wconf 87' lang='lat' dir='ltr'>consuetudine</span> <span class='ocrx_word' id='word_1_454' title='bbox 1064 2441 1305 2481; x_wconf 84' lang='lat' dir='ltr'>spectantibus,</span> <span class='ocrx_word' id='word_1_455' title='bbox 1320 2452 1379 2481; x_wconf 91' lang='lat' dir='ltr'>per</span> <span class='ocrx_word' id='word_1_456' title='bbox 1391 2453 1449 2473; x_wconf 88' lang='lat' dir='ltr'>vos</span> <span class='ocrx_word' id='word_1_457' title='bbox 1461 2442 1513 2473; x_wconf 86' lang='lat' dir='ltr'>vel</span> <span class='ocrx_word' id='word_1_458' title='bbox 1526 2442 1629 2474; x_wconf 89' lang='lat' dir='ltr'>alium</span> 
     </span>
     <span class='ocr_line' id='line_1_54' title="bbox 245 2483 1631 2522; baseline 0.003 -8"><span class='ocrx_word' id='word_1_459' title='bbox 245 2483 422 2522; x_wconf 86' lang='lat' dir='ltr'>inducatis,</span> <span class='ocrx_word' id='word_1_460' title='bbox 440 2486 475 2514; x_wconf 88' lang='lat' dir='ltr'>et</span> <span class='ocrx_word' id='word_1_461' title='bbox 497 2483 687 2514; x_wconf 82' lang='lat' dir='ltr'>defendatis</span> <span class='ocrx_word' id='word_1_462' title='bbox 710 2483 911 2522; x_wconf 85' lang='lat' dir='ltr'>inductum;</span> <span class='ocrx_word' id='word_1_463' title='bbox 935 2483 1094 2515; x_wconf 82' lang='lat' dir='ltr'>facientes</span> <span class='ocrx_word' id='word_1_464' title='bbox 1117 2484 1225 2516; x_wconf 86' lang='lat' dir='ltr'>eidem</span> <span class='ocrx_word' id='word_1_465' title='bbox 1249 2485 1420 2517; x_wconf 87' lang='lat' dir='ltr'>Stallum</span> <span class='ocrx_word' id='word_1_466' title='bbox 1410 2496 1445 2517; x_wconf 87' lang='lat' dir='ltr'>m</span> <span class='ocrx_word' id='word_1_467' title='bbox 1470 2486 1579 2518; x_wconf 84' lang='lat' dir='ltr'>Choro</span> <span class='ocrx_word' id='word_1_468' title='bbox 1595 2489 1631 2518; x_wconf 91' lang='lat' dir='ltr'>et</span> 
     </span>
     <span class='ocr_line' id='line_1_55' title="bbox 244 2526 1630 2570; baseline 0.002 -13"><span class='ocrx_word' id='word_1_469' title='bbox 244 2526 396 2557; x_wconf 87' lang='lat' dir='ltr'>Locum</span> <span class='ocrx_word' id='word_1_470' title='bbox 386 2537 420 2557; x_wconf 88' lang='lat' dir='ltr'>m</span> <span class='ocrx_word' id='word_1_471' title='bbox 439 2526 605 2566; x_wconf 86' lang='lat' dir='ltr'>Capitulo,</span> <span class='ocrx_word' id='word_1_472' title='bbox 621 2526 722 2568; x_wconf 82' lang='lat' dir='ltr'>juxta</span> <span class='ocrx_word' id='word_1_473' title='bbox 736 2527 822 2568; x_wconf 86' lang='lat' dir='ltr'>juris</span> <span class='ocrx_word' id='word_1_474' title='bbox 838 2527 1053 2567; x_wconf 65' lang='lat' dir='ltr'>exigendam,</span> <span class='ocrx_word' id='word_1_475' title='bbox 1071 2538 1147 2558; x_wconf 92' lang='lat' dir='ltr'>cum</span> <span class='ocrx_word' id='word_1_476' title='bbox 1164 2528 1376 2569; x_wconf 88' lang='lat' dir='ltr'>plenitudine</span> <span class='ocrx_word' id='word_1_477' title='bbox 1398 2529 1484 2570; x_wconf 86' lang='lat' dir='ltr'>J&#39;uris</span> <span class='ocrx_word' id='word_1_478' title='bbox 1508 2529 1630 2560; x_wconf 80' lang='lat' dir='ltr'>Prioris</span> 
     </span>
     <span class='ocr_line' id='line_1_56' title="bbox 245 2569 1630 2613; baseline 0.002 -12"><span class='ocrx_word' id='word_1_479' title='bbox 245 2569 443 2611; x_wconf 84' lang='lat' dir='ltr'>hujusmodi</span> <span class='ocrx_word' id='word_1_480' title='bbox 452 2570 628 2611; x_wconf 88' lang='lat' dir='ltr'>assignetis</span> <span class='ocrx_word' id='word_1_481' title='bbox 641 2569 730 2609; x_wconf 81' lang='lat' dir='ltr'>(sic);</span> <span class='ocrx_word' id='word_1_482' title='bbox 742 2570 790 2612; x_wconf 89' lang='lat' dir='ltr'>inj</span> <span class='ocrx_word' id='word_1_483' title='bbox 797 2574 1026 2612; x_wconf 85' lang='lat' dir='ltr'>ungentesque</span> <span class='ocrx_word' id='word_1_484' title='bbox 1036 2571 1271 2603; x_wconf 88' lang='lat' dir='ltr'>nichilominus</span> <span class='ocrx_word' id='word_1_485' title='bbox 1281 2572 1436 2604; x_wconf 90' lang='lat' dir='ltr'>omnibus</span> <span class='ocrx_word' id='word_1_486' title='bbox 1446 2576 1481 2603; x_wconf 88' lang='lat' dir='ltr'>et</span> <span class='ocrx_word' id='word_1_487' title='bbox 1490 2572 1630 2613; x_wconf 84' lang='lat' dir='ltr'>singulis</span> 
     </span>
     <span class='ocr_line' id='line_1_57' title="bbox 247 2612 1628 2655; baseline 0.001 -10"><span class='ocrx_word' id='word_1_488' title='bbox 247 2612 401 2654; x_wconf 79' lang='lat' dir='ltr'>ejusdem</span> <span class='ocrx_word' id='word_1_489' title='bbox 424 2613 597 2645; x_wconf 85' lang='lat' dir='ltr'>Prioratus</span> <span class='ocrx_word' id='word_1_490' title='bbox 620 2614 796 2646; x_wconf 80' lang='lat' dir='ltr'>canonicis</span> <span class='ocrx_word' id='word_1_491' title='bbox 810 2614 901 2655; x_wconf 90' lang='lat' dir='ltr'>quod</span> <span class='ocrx_word' id='word_1_492' title='bbox 917 2614 1025 2646; x_wconf 90' lang='lat' dir='ltr'>eidem</span> <span class='ocrx_word' id='word_1_493' title='bbox 1043 2615 1153 2646; x_wconf 87' lang='lat' dir='ltr'>Fratri</span> <span class='ocrx_word' id='word_1_494' title='bbox 1175 2615 1196 2647; x_wconf 85' lang='lat' dir='ltr'>J</span> <span class='ocrx_word' id='word_1_495' title='bbox 1200 2615 1335 2654; x_wconf 81' lang='lat' dir='ltr'>chaum,</span> <span class='ocrx_word' id='word_1_496' title='bbox 1355 2619 1396 2647; x_wconf 93' lang='lat' dir='ltr'>ut</span> <span class='ocrx_word' id='word_1_497' title='bbox 1411 2626 1488 2647; x_wconf 92' lang='lat' dir='ltr'>vero</span> <span class='ocrx_word' id='word_1_498' title='bbox 1511 2627 1628 2647; x_wconf 89' lang='lat' dir='ltr'>eorun-</span> 
     </span>
     <span class='ocr_line' id='line_1_58' title="bbox 247 2656 1629 2700; baseline 0.001 -12"><span class='ocrx_word' id='word_1_499' title='bbox 247 2657 325 2688; x_wconf 91' lang='lat' dir='ltr'>dem</span> <span class='ocrx_word' id='word_1_500' title='bbox 341 2656 400 2688; x_wconf 90' lang='lat' dir='ltr'>et</span> <span class='ocrx_word' id='word_1_501' title='bbox 390 2657 495 2698; x_wconf 78' lang='lat' dir='ltr'>lpsius</span> <span class='ocrx_word' id='word_1_502' title='bbox 512 2657 682 2689; x_wconf 86' lang='lat' dir='ltr'>Prioratus</span> <span class='ocrx_word' id='word_1_503' title='bbox 700 2657 815 2696; x_wconf 89' lang='lat' dir='ltr'>Priori,</span> <span class='ocrx_word' id='word_1_504' title='bbox 833 2657 869 2688; x_wconf 90' lang='lat' dir='ltr'>in</span> <span class='ocrx_word' id='word_1_505' title='bbox 885 2657 949 2688; x_wconf 86' lang='lat' dir='ltr'>hiis</span> <span class='ocrx_word' id='word_1_506' title='bbox 965 2668 1030 2699; x_wconf 92' lang='lat' dir='ltr'>que</span> <span class='ocrx_word' id='word_1_507' title='bbox 1051 2659 1094 2689; x_wconf 91' lang='lat' dir='ltr'>ad</span> <span class='ocrx_word' id='word_1_508' title='bbox 1115 2658 1325 2699; x_wconf 88' lang='lat' dir='ltr'>disciplinam</span> <span class='ocrx_word' id='word_1_509' title='bbox 1341 2659 1540 2699; x_wconf 85' lang='lat' dir='ltr'>Regularem</span> <span class='ocrx_word' id='word_1_510' title='bbox 1558 2670 1629 2700; x_wconf 90' lang='lat' dir='ltr'>per-</span> 
     </span>
     <span class='ocr_line' id='line_1_59' title="bbox 247 2700 1631 2752; baseline 0.002 -21"><span class='ocrx_word' id='word_1_511' title='bbox 247 2700 360 2732; x_wconf 89' lang='lat' dir='ltr'>tinent</span> <span class='ocrx_word' id='word_1_512' title='bbox 373 2700 548 2732; x_wconf 72' lang='lat' dir='ltr'>humiliter</span> <span class='ocrx_word' id='word_1_513' title='bbox 563 2703 599 2732; x_wconf 86' lang='lat' dir='ltr'>et</span> <span class='ocrx_word' id='word_1_514' title='bbox 613 2701 733 2732; x_wconf 90' lang='lat' dir='ltr'>devote</span> <span class='ocrx_word' id='word_1_515' title='bbox 749 2705 886 2750; x_wconf 81' lang='lat' dir='ltr'>pareant</span> <span class='ocrx_word' id='word_1_516' title='bbox 903 2708 938 2732; x_wconf 78' lang='lat' dir='ltr'>et</span> <span class='ocrx_word' id='word_1_517' title='bbox 952 2701 1143 2733; x_wconf 87' lang='lat' dir='ltr'>intendant.</span> <span class='ocrx_word' id='word_1_518' title='bbox 1179 2702 1230 2733; x_wconf 92' lang='lat' dir='ltr'>De</span> <span class='ocrx_word' id='word_1_519' title='bbox 1245 2703 1309 2741; x_wconf 90' lang='lat' dir='ltr'>die,</span> <span class='ocrx_word' id='word_1_520' title='bbox 1326 2713 1414 2742; x_wconf 87' lang='lat' dir='ltr'>vero,</span> <span class='ocrx_word' id='word_1_521' title='bbox 1430 2703 1631 2752; x_wconf 82' lang='lat' dir='ltr'>recepcionis</span> 
     </span>
     <span class='ocr_line' id='line_1_60' title="bbox 248 2744 1632 2787; baseline 0.001 -13"><span class='ocrx_word' id='word_1_522' title='bbox 248 2744 472 2783; x_wconf 86' lang='lat' dir='ltr'>Presencium,</span> <span class='ocrx_word' id='word_1_523' title='bbox 497 2747 532 2776; x_wconf 87' lang='lat' dir='ltr'>et</span> <span class='ocrx_word' id='word_1_524' title='bbox 559 2744 642 2785; x_wconf 88' lang='lat' dir='ltr'>quid</span> <span class='ocrx_word' id='word_1_525' title='bbox 663 2744 809 2776; x_wconf 82' lang='lat' dir='ltr'>feceritis</span> <span class='ocrx_word' id='word_1_526' title='bbox 832 2744 867 2776; x_wconf 91' lang='lat' dir='ltr'>in</span> <span class='ocrx_word' id='word_1_527' title='bbox 890 2745 1070 2786; x_wconf 84' lang='lat' dir='ltr'>premissis,</span> <span class='ocrx_word' id='word_1_528' title='bbox 1092 2756 1162 2784; x_wconf 88' lang='lat' dir='ltr'>nos,</span> <span class='ocrx_word' id='word_1_529' title='bbox 1188 2756 1265 2777; x_wconf 91' lang='lat' dir='ltr'>cum</span> <span class='ocrx_word' id='word_1_530' title='bbox 1289 2757 1347 2786; x_wconf 87' lang='lat' dir='ltr'>per</span> <span class='ocrx_word' id='word_1_531' title='bbox 1371 2749 1502 2787; x_wconf 81' lang='lat' dir='ltr'>partem</span> <span class='ocrx_word' id='word_1_532' title='bbox 1527 2746 1632 2786; x_wconf 87' lang='lat' dir='ltr'>ipsius</span> 
     </span>
     <span class='ocr_line' id='line_1_61' title="bbox 248 2786 1631 2830; baseline 0.001 -12"><span class='ocrx_word' id='word_1_533' title='bbox 248 2786 373 2819; x_wconf 81' lang='lat' dir='ltr'>Prioris</span> <span class='ocrx_word' id='word_1_534' title='bbox 405 2797 550 2828; x_wconf 88' lang='lat' dir='ltr'>congrue</span> <span class='ocrx_word' id='word_1_535' title='bbox 581 2787 714 2819; x_wconf 83' lang='lat' dir='ltr'>fueritis</span> <span class='ocrx_word' id='word_1_536' title='bbox 737 2787 900 2829; x_wconf 87' lang='lat' dir='ltr'>requisiti,</span> <span class='ocrx_word' id='word_1_537' title='bbox 925 2788 1115 2820; x_wconf 80' lang='lat' dir='ltr'>certificetis</span> <span class='ocrx_word' id='word_1_538' title='bbox 1138 2789 1261 2820; x_wconf 85' lang='lat' dir='ltr'>Literis</span> <span class='ocrx_word' id='word_1_539' title='bbox 1284 2790 1403 2820; x_wconf 86' lang='lat' dir='ltr'>vestris</span> <span class='ocrx_word' id='word_1_540' title='bbox 1426 2789 1631 2830; x_wconf 80' lang='lat' dir='ltr'>patentibus,</span> 
     </span>
     <span class='ocr_line' id='line_1_62' title="bbox 249 2830 1633 2873; baseline 0.001 -11"><span class='ocrx_word' id='word_1_541' title='bbox 249 2830 453 2862; x_wconf 79' lang='lat' dir='ltr'>habentibus</span> <span class='ocrx_word' id='word_1_542' title='bbox 469 2831 559 2862; x_wconf 89' lang='lat' dir='ltr'>hunc</span> <span class='ocrx_word' id='word_1_543' title='bbox 574 2834 737 2864; x_wconf 89' lang='lat' dir='ltr'>tenorem.</span> <span class='ocrx_word' id='word_1_544' title='bbox 741 2833 874 2863; x_wconf 72' lang='lat' dir='ltr'>-Data</span> <span class='ocrx_word' id='word_1_545' title='bbox 895 2831 931 2862; x_wconf 88' lang='lat' dir='ltr'>in</span> <span class='ocrx_word' id='word_1_546' title='bbox 956 2832 1112 2873; x_wconf 84' lang='lat' dir='ltr'>Hospicio</span> <span class='ocrx_word' id='word_1_547' title='bbox 1135 2835 1249 2863; x_wconf 88' lang='lat' dir='ltr'>nostro</span> <span class='ocrx_word' id='word_1_548' title='bbox 1272 2832 1507 2870; x_wconf 90' lang='lat' dir='ltr'>Londoniensi,</span> <span class='ocrx_word' id='word_1_549' title='bbox 1523 2832 1633 2873; x_wconf 83' lang='lat' dir='ltr'>xxvij⁰</span> 
     </span>
     <span class='ocr_line' id='line_1_63' title="bbox 249 2873 1633 2915; baseline 0.001 -10"><span class='ocrx_word' id='word_1_550' title='bbox 249 2873 304 2905; x_wconf 88' lang='lat' dir='ltr'>die</span> <span class='ocrx_word' id='word_1_551' title='bbox 319 2874 443 2906; x_wconf 86' lang='lat' dir='ltr'>mensis</span> <span class='ocrx_word' id='word_1_552' title='bbox 459 2874 640 2914; x_wconf 85' lang='lat' dir='ltr'>Februarii,</span> <span class='ocrx_word' id='word_1_553' title='bbox 664 2875 764 2907; x_wconf 88' lang='lat' dir='ltr'>Anno</span> <span class='ocrx_word' id='word_1_554' title='bbox 785 2874 921 2907; x_wconf 89' lang='lat' dir='ltr'>Domini</span> <span class='ocrx_word' id='word_1_555' title='bbox 937 2875 997 2908; x_wconf 67' lang='grc' dir='ltr'>ΜΟ.</span> <span class='ocrx_word' id='word_1_556' title='bbox 1016 2875 1146 2908; x_wconf 67' lang='grc' dir='ltr'>00οῑῑ10</span> <span class='ocrx_word' id='word_1_557' title='bbox 1161 2876 1262 2907; x_wconf 74' lang='lat' dir='ltr'>lxxmo</span> <span class='ocrx_word' id='word_1_558' title='bbox 1283 2886 1382 2915; x_wconf 88' lang='lat' dir='ltr'>n0n0,</span> <span class='ocrx_word' id='word_1_559' title='bbox 1399 2878 1434 2907; x_wconf 91' lang='lat' dir='ltr'>et</span> <span class='ocrx_word' id='word_1_560' title='bbox 1456 2875 1633 2908; x_wconf 81' lang='lat' dir='ltr'>Consecra-</span> 
     </span>
     <span class='ocr_line' id='line_1_64' title="bbox 250 2917 640 2950; baseline 0.005 -2"><span class='ocrx_word' id='word_1_561' title='bbox 250 2917 355 2949; x_wconf 81' lang='lat' dir='ltr'>cionis</span> <span class='ocrx_word' id='word_1_562' title='bbox 369 2920 484 2949; x_wconf 82' lang='lat' dir='ltr'>nostre</span> <span class='ocrx_word' id='word_1_563' title='bbox 499 2917 640 2950; x_wconf 87' lang='lat' dir='ltr'>decimo.</span> 
     </span>
    </p>
   </div>
  </div>
 </body>
</html>
