1987 3062
495 227 662 261 ROYAL
697 227 910 261 LETTERS
946 226 1049 260 AND
1086 226 1255 261 WRITS.
1552 216 1643 261 189

116 331 191 357 A·D-
223 331 379 368 34.-De
403 332 564 371 illeyitimo
589 332 942 365 matrimonia—Cum
966 332 1074 363 Adam
1099 335 1170 364 atte
1196 333 1311 371 Forde,
1336 333 1370 363 in
1397 332 1497 363 Curia
1522 334 1645 369 nostra,

116 364 191 391 1372.

114 398 179 424 Vol.

118 433 157 457 II.

119 1156 169 1182 fol.
185 1156 228 1183 3b.

268 386 376 406 coram
401 376 601 407 Justiciariis
624 377 746 406 nostris
770 377 858 417 apud
887 377 1222 407 VVestmonasterium
1247 376 1474 406 summonitus
1501 379 1588 405 esset
1604 376 1645 405 ad

268 419 537 459 respondendnm
556 419 680 457 Sibille,
698 420 764 450 filie
780 423 814 450 et
830 420 960 450 heredis
973 420 1136 450 Johannis
1158 420 1424 459 Mungomeraye,
1444 419 1485 449 de
1503 430 1539 448 co
1556 419 1646 459 quod

267 463 421 493 redderet
448 463 477 492 ei
504 463 724 502 quadraginta
751 464 872 493 solidos
900 474 983 504 quos
1008 463 1037 493 ei
1061 463 1162 493 debet
1189 466 1224 494 et
1245 463 1372 503 injuste
1400 463 1539 500 detinet,
1558 463 1647 492 idem

267 506 374 537 Adam
392 506 484 536 venit
499 505 533 536 in
550 506 665 536 eadem
683 507 783 536 Cnria
799 510 912 537 nostra
928 510 962 537 et
978 507 1064 537 dixit
1080 507 1169 547 quod
1188 507 1336 546 predicta
1352 506 1467 537 Sibilla
1480 506 1645 536 accionem

267 550 309 579 de
336 549 451 579 debito
479 549 627 588 predicto
655 560 768 580 versus
795 561 872 580 eum
899 550 1019 580 habere
1042 560 1107 580 non
1131 550 1274 587 deb11it3
1305 550 1401 588 dixit,
1429 550 1528 586 enim,
1559 549 1647 589 quod

268 593 382 623 eadem
401 593 516 623 Sibilla
531 593 599 623 fuit
615 596 769 632 cooperta
784 594 825 624 de
842 594 987 633 quodam
1011 594 1140 624 Thoma
1160 594 1252 632 Lyfe,
1272 593 1340 623 viro
1364 603 1433 631 suc,
1452 603 1516 623 non
1542 592 1645 622 nomi-

268 640 347 667 nato
370 636 404 666 in
430 636 526 666 Brevi
550 646 619 674 suo,
637 637 781 676 petendo
796 637 961 677 judicium
985 637 1027 667 de
1050 637 1164 667 eodem
1184 637 1290 667 Brevi.
1355 637 1406 667 Ad
1424 637 1513 676 quod
1532 636 1645 666 eadem

268 679 392 718 Sibilla,
417 679 451 709 in
477 679 576 710 Curia
600 686 713 710 nostra
736 681 894 720 predicta,
919 680 1131 720 repplicando
1155 680 1241 716 dixit
1264 680 1354 720 quod
1378 680 1448 720 ipsa
1473 689 1646 720 nunquam

268 723 336 754 fuit
353 723 481 763 prefato
497 723 624 753 Thome
640 723 789 762 legitimo
806 724 1018 754 matrimonio
1036 724 1200 763 copulata,
1218 727 1253 753 et
1273 724 1334 753 hoc
1355 723 1539 753 secundum
1558 722 1648 762 quod

271 766 370 797 Curia
392 770 505 797 nostra
529 766 750 796 consideraret
774 767 939 797 verificare
963 767 1190 807 pretendebat.
1239 767 1363 797 Contra
1385 767 1473 807 quod
1499 766 1649 806 prefatus

270 810 387 848 Adam,
405 810 438 840 in
456 810 569 840 eadem
588 810 687 841 Curia
704 813 816 840 nostra
837 811 1078 850 respondendo,
1096 810 1183 841 dixit
1199 811 1288 850 quod
1311 810 1460 850 predicta
1477 810 1592 841 sibilla
1608 809 1649 839 ad

269 853 393 883 ostium
407 853 551 884 Ecclesie
568 853 681 883 Sancti
695 854 892 884 Wonewalai
905 853 946 884 de
961 853 1241 891 Portelemouthe,
1256 853 1290 884 in
1305 854 1474 884 Comitatn
1492 853 1648 891 Devonie,

268 896 301 927 in
320 896 448 927 Diocesi
469 900 587 934 vestra,
605 897 672 927 fuit
696 897 825 937 prefato
849 897 976 928 Thome
1000 897 1150 938 legitimo
1167 897 1380 927 matrimonio
1396 897 1559 937 copulata,
1577 896 1648 934 hoe,

269 943 369 980 prout
387 940 486 970 Curia
501 944 614 970 nostra
631 941 778 980 predicta
795 941 1027 979 consideraret,
1043 941 1208 971 verificare
1226 941 1462 980 pretendendO.
1503 941 1557 978 Et,
1571 940 1650 979 qnia

269 983 464 1023 hujusmodi
482 983 588 1015 Cause
605 984 750 1023 cognicio
769 985 810 1014 ad
832 984 943 1014 forum
963 987 1092 1024 spectat
1108 984 1388 1022 Ecclesiasticum,
1405 984 1499 1014 vobis
1516 984 1649 1014 manda-

269 1037 345 1057 mns
361 1027 460 1067 quod,
478 1027 666 1058 convocatis
683 1038 792 1058 coram
810 1028 903 1058 vobis
918 1028 951 1058 in
975 1028 1036 1058 hac
1055 1031 1148 1068 parte
1164 1028 1392 1066 convocandis,
1411 1028 1457 1057 rei
1475 1027 1649 1058 veritatem

270 1080 369 1109 super
393 1070 570 1109 premissis,
588 1075 622 1100 et
648 1071 825 1110 diligenter
851 1071 1038 1111 inquiratis,
1056 1074 1090 1102 et
1115 1071 1196 1111 qnid
1224 1071 1301 1101 inde
1330 1071 1547 1112 inquisieritis
1575 1081 1648 1101 con-

271 1116 357 1143 stare
384 1113 512 1144 faciatis
539 1114 739 1145 Justiciariis
766 1115 889 1145 nostris
916 1115 1005 1154 apud
1034 1114 1378 1152 Westmonasterium,
1414 1125 1433 1145 a
1460 1115 1513 1144 die
1536 1114 1650 1145 Sancti

271 1156 404 1187 Hillarii
420 1157 453 1187 in
471 1167 514 1187 xv
530 1157 609 1195 dies,
627 1168 684 1196 per
702 1158 828 1188 Literas
844 1161 969 1189 vestras
987 1161 1139 1198 patentes
1152 1162 1186 1188 et
1203 1158 1338 1189 clausas,
1379 1158 1423 1188 Et
1440 1158 1588 1188 habeatis
1605 1158 1651 1188 ibi

272 1199 333 1230 hoc
350 1200 642 1237 Breve—Teste&
660 1204 696 1232 at
713 1202 957 1240 Westminster,
975 1202 1018 1242 by
1038 1202 1086 1233 W.
1104 1202 1145 1232 de
1165 1201 1397 1241 Fynchedene,
1418 1202 1456 1232 18
1475 1202 1547 1232 Oct.

228 1242 297 1274 The
315 1243 447 1283 Bishop‚
464 1243 563 1283 being
581 1244 700 1274 unable
717 1247 751 1274 to
768 1245 886 1275 attend
901 1248 937 1275 to
954 1244 1011 1275 the
1027 1247 1151 1275 matter
1167 1245 1310 1282 himself,
1327 1248 1403 1275 sent
1426 1245 1493 1275 this
1510 1245 1598 1275 Writ
1614 1248 1649 1275 to

270 1286 328 1316 the
351 1286 565 1317 Archdeacon
589 1287 624 1317 of
646 1288 770 1318 Totnes
793 1288 857 1318 and
882 1289 1006 1318 Master
1030 1288 1156 1319 Robert
1179 1288 1347 1328 Direwyn,
1373 1288 1471 1325 clerk,
1489 1288 1651 1328 directing

271 1329 365 1360 them
381 1333 416 1359 to
433 1333 571 1361 execute
588 1330 645 1361 the
662 1341 761 1369 same,
779 1331 845 1362 and
861 1331 978 1370 certify
996 1331 1064 1362 him
1082 1342 1115 1361 as
1133 1335 1167 1361 to
1184 1332 1241 1362 the
1258 1332 1364 1362 result
1387 1331 1499 1361 before
1524 1332 1649 1362 Christ-

271 1373 601 1412 mas-Day.-Dated
624 1377 659 1404 at
683 1375 852 1412 Crediton‚
878 1376 917 1406 18
941 1375 1025 1406 Nov.
1076 1375 1145 1405 The
1176 1374 1418 1405 Archdeacon’s
1435 1375 1561 1406 Official
1585 1375 1651 1405 and

270 1416 426 1457 Direwyn
444 1417 567 1457 replied
581 1428 615 1447 as
626 1417 828 1457 follows,——“
839 1418 1037 1449 Convocatis
1053 1418 1087 1456 in
1100 1418 1161 1449 hac
1171 1419 1321 1458 partede
1336 1418 1410 1458 jure
1423 1418 1651 1456 convocandis,

271 1459 313 1490 de
329 1462 364 1490 et
378 1470 477 1500 super
494 1461 660 1499 premissis
676 1471 734 1501 per
750 1471 904 1502 personas
928 1461 1118 1501 fidedignas,
1136 1462 1254 1492 horum
1280 1462 1436 1492 noticiam
1461 1462 1652 1492 obtinentes

270 1502 462 1542 pleniorem,
479 1503 513 1534 in
530 1503 636 1534 forma
651 1504 735 1545 juris
752 1505 865 1535 debita
881 1505 972 1545 prius
995 1504 1133 1545 juratas,
1151 1515 1293 1545 quarum
1318 1505 1453 1535 nomina
1476 1506 1509 1535 in
1534 1505 1651 1535 cedula

271 1547 483 1586 presentibus
511 1558 640 1577 annexa
667 1548 892 1586 continentur,
918 1547 991 1578 xvt⁰
1018 1549 1071 1578 die
1095 1548 1298 1587 Decembris,
1323 1548 1355 1578 in
1384 1549 1517 1588 Capella
1539 1549 1652 1580 Sancti

271 1590 444 1620 Edmundi
459 1590 501 1621 de
527 1591 800 1631 Kynggisbrigge‚
818 1592 904 1622 A.D.
927 1592 988 1623 ΜΟ.
1010 1592 1139 1623 CCCmo
1154 1590 1284 1631 lxxide,
1302 1592 1479 1631 diligenter
1506 1595 1541 1622 et
1563 1592 1649 1622 solli-

271 1633 335 1663 cite
351 1633 592 1673 inquisivimus.
641 1634 713 1672 Que
729 1635 846 1665 dicunt
863 1635 951 1675 quod
969 1635 1118 1675 prefatus
1135 1635 1278 1665 Thomas
1296 1635 1388 1674 Lyffe
1406 1635 1489 1673 (sic),
1502 1635 1535 1665 in
1555 1635 1653 1666 Festo

271 1676 468 1707 Nativitatis
482 1677 595 1708 Sancti
608 1678 771 1708 Johannis
786 1679 936 1718 Baptiste
949 1679 1099 1718 proximo
1110 1679 1269 1718 preterito
1282 1678 1349 1709 fuit
1360 1689 1447 1709 unus
1457 1680 1588 1718 elapsus
1598 1690 1652 1709 :111-

274 1730 346 1757 nus,
366 1731 431 1750 nna
447 1731 522 1751 cum
541 1721 657 1751 ceteris
671 1721 817 1761 personis
833 1722 970 1752 armatis
983 1733 1065 1761 quas
1078 1722 1140 1752 sibi
1153 1722 1337 1760 associavit,
1358 1722 1448 1752 venit
1459 1723 1497 1752 ad
1513 1723 1651 1753 domum

273 1763 433 1803 Margerie
452 1764 558 1802 Hood‚
579 1765 694 1795 matris
711 1765 849 1795 carnalis
864 1765 967 1805 ipsius
984 1765 1107 1803 Sibille,
1127 1765 1184 1795 ubi
1208 1765 1277 1805 ipsa
1293 1766 1410 1796 Sibilla
1426 1769 1507 1795 tunc
1524 1766 1652 1796 inhabi-

274 1807 378 1844 tabat,
398 1807 431 1837 in
458 1807 614 1838 Parochia
631 1809 671 1838 de
689 1809 818 1845 Rattre,
835 1808 868 1838 in
885 1819 1002 1839 aurora
1019 1809 1101 1839 dicti
1117 1809 1193 1846 diei,
1213 1809 1271 1849 qui
1288 1809 1319 1839 vi
1337 1812 1464 1839 armata
1489 1809 1651 1848 prefatam

275 1850 424 1880 Sibillam
449 1851 650 1882 renitentem
674 1854 757 1882 tunc
780 1852 988 1882 abduxerant
1012 1855 1046 1883 et
1069 1853 1219 1890 invitam,
1238 1856 1272 1882 et
1294 1852 1336 1882 ad
1354 1852 1465 1882 villam
1484 1854 1524 1882 de
1542 1853 1653 1883 Wodi-

274 1894 389 1923 combe
405 1898 642 1934 nuncupatam,
658 1895 690 1925 in
710 1895 868 1925 Parochia
884 1896 925 1926 de
941 1896 1156 1934 Stokenham,
1171 1896 1384 1926 adduxerunt
1401 1896 1537 1926 eandem
1556 1907 1563 1933 ;
1588 1896 1655 1929 ubi.

274 1940 350 1976 post
366 1937 479 1976 ipsam,
498 1938 600 1968 eciam
617 1938 767 1977 invitam,
784 1939 991 1978 aliquamdiu
1008 1939 1095 1969 idem
1113 1939 1257 1970 Thomas
1273 1939 1429 1977 detinuit,
1447 1942 1481 1970 et
1505 1940 1604 1970 semel
1622 1941 1655 1970 in

276 1980 422 2010 Ecclesia
450 1981 632 2012 parochiali
659 1982 699 2012 de
723 1982 932 2022 Stokynham
957 1983 1105 2022 predicta
1130 1983 1254 2012 bannos
1278 1983 1366 2013 inter
1389 1994 1423 2013 se
1447 1986 1481 2012 et
1504 1983 1653 2013 Sibillam

276 2024 458 2062 predictam
487 2025 541 2054 edi
570 2025 767 2064 procuravit,
796 2029 831 2056 et
858 2029 1034 2066 postquam
1067 2026 1156 2056 idem
1187 2026 1331 2056 Thomas
1361 2026 1540 2056 institisset
1566 2027 1655 2066 apud

276 2067 448 2097 Rectorem
466 2070 500 2097 et
516 2068 682 2098 Vicarium
699 2069 850 2108 ejusdem
876 2069 1018 2099 Ecclesie
1042 2070 1133 2109 quod
1156 2069 1218 2109 ipsi
1242 2070 1492 2100 matrimonium
1517 2070 1656 2109 solemp-

276 2110 424 2140 nizarent
452 2110 541 2141 inter
567 2111 664 2150 ipsos.v
691 2122 728 2142 ac
756 2112 827 2152 ipsi,
856 2113 897 2142 ad
925 2112 986 2143 hoc
1014 2113 1202 2143 faciendum
1231 2113 1395 2152 requisiti,
1422 2114 1525 2152 ipsam
1552 2113 1657 2143 facere

277 2153 471 2192 noluissent,
489 2154 541 2184 die
558 2154 694 2185 sabbati
711 2156 861 2194 proxima
876 2159 952 2195 post
975 2156 1111 2186 Festum
1130 2156 1367 2195 Apostolorum
1392 2156 1482 2186 Petri
1505 2160 1540 2186 et
1564 2157 1659 2187 Pauli

277 2199 401 2227 extunc
424 2197 605 2228 inmediate
628 2208 780 2238 sequens,
803 2198 838 2228 in
862 2209 980 2229 aurora
1003 2199 1084 2229 dicti
1108 2199 1182 2236 diei,
1208 2199 1413 2229 clandestine
1436 2200 1575 2230 eandem
1607 2200 1654 2230 Si-

278 2239 401 2279 billam,
430 2244 464 2271 et
491 2241 642 2280 invitam,
667 2241 707 2271 ad
738 2242 916 2272 Ecclesiam
947 2242 1062 2272 Sancti
1086 2242 1279 2282 Wynwolay
1304 2243 1344 2272 de
1375 2243 1656 2281 Portelamouthe,

277 2293 352 2323 que,
370 2287 409 2314 ut
425 2284 558 2323 dicitur,
578 2285 721 2315 Ecclesia
738 2285 934 2315 Parochialis
951 2295 1065 2315 eorum
1083 2295 1148 2315 non
1166 2285 1285 2323 fuerat,
1303 2285 1517 2316 adduxerunt
1540 2286 1656 2325 ipsam,

278 2330 312 2356 et
335 2327 425 2367 quod
448 2327 559 2358 dictus
583 2328 736 2366 Thomas,
753 2339 819 2358 una
843 2338 919 2358 cum
944 2329 1120 2366 Willelmo,
1139 2331 1231 2368 patre
1255 2328 1415 2368 ejusdem,
1440 2329 1528 2369 cepit
1551 2330 1658 2359 claves

281 2370 423 2400 Ecclesie
440 2371 595 2410 predicte,
613 2375 725 2411 preter
740 2375 774 2402 et
790 2374 905 2402 contra
923 2372 1112 2402 voluntates
1137 2372 1313 2401 custodum
1339 2372 1529 2409 earundem,
1547 2376 1580 2402 et
1604 2383 1657 2403 ex-

279 2416 372 2451 tunc,
388 2414 421 2444 in
435 2414 565 2454 porticu
582 2415 723 2445 Ecclesie
735 2415 894 2455 predicte,
911 2415 1047 2454 quidam
1062 2415 1228 2445 Robertus
1242 2415 1458 2453 Modicombe,
1470 2415 1658 2454 capellanus

279 2457 501 2496 annuelarius,
518 2468 617 2498 quem
636 2454 677 2489 ad
695 2458 878 2489 faciendam
895 2458 1223 2498 solempnizacionem
1241 2458 1445 2488 matrimonii
1461 2459 1549 2489 inter
1572 2459 1659 2499 ipsos

279 2499 368 2530 idem
399 2500 543 2531 Thomas
567 2512 661 2541 prece
685 2505 719 2532 et
743 2502 850 2541 precio
873 2501 1086 2540 conduxerat,
1111 2502 1328 2540 interrogavit
1359 2502 1481 2532 dictam
1507 2502 1657 2533 Sibillam

281 2543 308 2573 si
325 2543 492 2582 prefatum
509 2544 672 2575 Thomam
688 2545 721 2575 in
739 2556 838 2576 suum
857 2545 997 2575 voluerit
1014 2545 1134 2575 habere
1151 2545 1323 2582 maritum,
1342 2555 1407 2585 que
1431 2546 1604 2584 respondit
1627 2557 1660 2576 se

282 2586 316 2616 in
340 2587 448 2626 ipsum
474 2587 561 2617 nolle
584 2588 793 2626 consentire3
824 2592 858 2619 et
881 2588 1101 2618 incontinenti
1125 2588 1261 2627 quidam
1293 2588 1432 2619 Michael
1462 2589 1661 2629 Wodeleghe

281 2639 381 2659 suum
397 2630 584 2670 evaginavit
600 2631 784 2670 cultellum,
803 2635 836 2662 et
852 2631 940 2661 dixit
956 2631 1058 2671 quod,
1077 2631 1140 2661 nisi
1157 2631 1246 2661 dicta
1270 2631 1385 2661 Sibilla
1402 2632 1492 2672 loqui
1516 2633 1659 2663 voluerit

282 2675 316 2702 et
333 2673 582 2704 matrimonium
600 2675 795 2706 contrahere
810 2686 887 2705 cum
904 2675 1031 2705 Thoma
1047 2674 1228 2712 antedicto,
1247 2674 1288 2704 ad
1304 2676 1393 2714 quod
1414 2675 1492 2705 illuc
1515 2676 1660 2706 deducta

281 2716 440 2747 extiterat
455 2727 513 2756 per
535 2718 678 2756 eosdem,
695 2718 834 2748 eandem
859 2718 1009 2749 Sibillam
1033 2717 1236 2748 interficeret
1259 2721 1341 2748 tunc
1364 2718 1488 2748 ibidem
1507 2729 1513 2756 ;
1537 2719 1661 2759 quibus

282 2759 405 2789 auditis
428 2760 516 2791 dicta
540 2760 665 2799 Sibilla,
689 2761 816 2798 territa,
834 2761 935 2792 verba
958 2761 1099 2801 protulit
1121 2761 1155 2791 in
1179 2761 1430 2792 matrimonium
1448 2762 1611 2800 sonancia,
1629 2766 1663 2792 et

282 2805 407 2834 extunc
421 2803 566 2844 ingressa
583 2804 763 2835 Ecclesiam
776 2805 980 2836 antedictam
996 2804 1325 2847 solempnizacionem
1343 2805 1448 2836 subiit
1464 2805 1611 2836 renitens
1627 2808 1662 2837 et
