1987 3062
372 254 465 297 556
574 266 673 299 THE
714 267 953 301 REGISTER
988 268 1050 301 or
1085 266 1262 300 BISHOP
1293 267 1697 302 BRANTYNGHAM.

368 367 443 426 ⁴143·ss-
520 382 676 412 cumque,
694 373 799 403 certis
816 373 870 404 die
895 375 930 403 et
954 374 1028 404 1000
1051 384 1113 413 per
1135 383 1197 404 vos
1220 373 1270 404 013
1294 374 1497 412 limitandis,
1523 384 1626 414 super
1648 374 1828 414 premissis
1852 384 1894 405 ex

370 420 471 460 V01.'1.
520 416 639 447 Officio
656 419 775 447 nostro
792 427 886 447 mero
902 418 1111 456 responsuri,
1129 420 1164 448 et
1181 418 1222 448 de
1246 417 1350 448 factis
1368 418 1439 448 suis
1462 418 1662 458 hujusmodi
1679 418 1894 458 singillatim,

520 460 548 490 si
573 461 774 499 oportuerit,
798 462 1028 500 personaliter
1058 462 1225 501 juraturi;
1256 462 1470 501 ulteriusque
1494 462 1624 493 facturi
1655 465 1690 493 et
1721 461 1894 501 recepturi

522 505 612 543 quod
628 505 672 534 ad
688 515 821 535 meram
839 506 1034 535 animarum
1053 516 1193 536 suarum
1211 506 1463 536 correccionem
1480 509 1515 536 et
1533 507 1659 537 Forum
1677 506 1894 537 Ecclesiasti-

522 558 600 578 cum
617 549 745 587 poterit
761 550 946 588 pertinere.
980 550 1024 579 Et
1037 550 1118 589 quid
1130 550 1165 579 in
1178 550 1357 589 premissis
1369 550 1534 587 feceritis,
1548 550 1724 590 prefatum
1737 552 1895 580 nostrum

522 592 722 629 Officialem,
740 603 800 623 seu
825 594 1074 630 Presidcntem,
1100 594 1203 624 dictis
1227 594 1281 624 die
1306 596 1341 624 et
1364 594 1448 631 loco,
1466 605 1535 624 una
1552 605 1629 625 cum
1646 594 1845 625 nominibus
1861 596 1896 624 et

521 637 784 676 cognominibus
800 648 861 676 per
877 648 938 667 vos
954 638 990 667 in
1007 638 1072 667 hac
1088 639 1187 677 parte
1204 638 1401 675 citatorum,
1419 639 1583 669 distincte
1600 640 1635 669 et
1652 640 1771 678 aperte
1795 638 1895 669 certi-

520 681 640 718 ficetis,
658 682 883 711 etc.—Dated
899 684 936 711 at
960 682 1045 712 East
1062 682 1221 722 Horsley‚
1239 680 1280 714 27
1298 682 1455 713 October.

474 734 623 770 Exeter
661 733 877 770 Cathedral
894 747 903 780 ,-
951 734 1160 771 Belem-acio
1198 734 1396 783 Sequestri
1434 735 1537 772 alias
1582 734 1807 783 interpositi
1848 734 1894 771 in

514 787 732 835 fructibus,
754 794 830 834 etc„
853 788 1049 825 Prebeozde
1079 789 1123 825 W
1121 788 1236 825 alteri
1255 789 1464 834 Leve‘nant,
1495 789 1541 826 in
1570 788 1742 826 Ecclesia
1764 788 1897 826 Cathe-

527 841 634 878 drali
654 841 804 878 Est-ome
834 841 1143 888 consistentis,—

476 897 637 934 Thomas,
663 899 738 934 etc,
763 897 902 927 Decano
927 897 1080 927 Ecclesie
1112 900 1229 928 nostre
1254 898 1473 928 Cathedralis
1498 898 1638 935 Exonie‚
1664 908 1734 936 seu,
1758 897 1795 927 in
1819 897 1895 937 ejus

520 941 691 978 absencia,
710 941 905 971 Presidenti
924 941 1075 980 Capituli
1092 942 1248 981 ejusdem
1266 942 1430 979 Ecclesie,
1445 942 1603 979 salutem,
1617 942 1813 972 eto—Cum
1832 951 1895 971 nos

519 985 616 1015 vobis
634 985 719 1015 alias
736 986 934 1015 dederimus
950 986 985 1015 in
1003 986 1178 1016 mandatis
1195 986 1238 1015 ad
1256 986 1329 1016 fieri
1354 985 1554 1016 faciendum
1571 988 1712 1016 centum
1728 986 1836 1016 libras
1853 985 1894 1015 de

518 1029 618 1059 bonis
635 1029 889 1060 Ecclesiasticis
906 1030 1049 1059 Waltcri
1067 1030 1255 1065 chenant,
1273 1030 1398 1067 clerici,
1416 1030 1509 1060 infra
1523 1030 1710 1060 Civitatem
1724 1032 1759 1060 et
1776 1030 1894 1060 Dioce-

519 1074 583 1103 sim
601 1076 738 1103 nostras
755 1074 994 1110 existentibus,
1013 1076 1048 1103 et
1064 1074 1163 1103 nobis
1187 1074 1325 1104 easdem
1351 1074 1501 1104 fideliter
1516 1075 1837 1111 transmittendum,
1856 1075 1895 1103 ut

518 1127 576 1147 cas
593 1117 730 1155 habere,
749 1120 784 1147 et
802 1118 969 1157 Magistro
987 1118 1134 1148 Ricardo
1156 1118 1392 1157 Wynnewyke
1409 1119 1445 1147 in
1463 1118 1645 1156 Quindena
1662 1118 1757 1148 Festi
1776 1117 1894 1148 Sancti

519 1162 699 1191 Michaelis
714 1162 870 1200 proximo
886 1162 1055 1201 preterita
1071 1162 1214 1191 reddere
1231 1162 1479 1199 valuissemus,
1505 1164 1549 1200 et,
1568 1162 1596 1192 si
1613 1172 1671 1192 eas
1688 1162 1762 1192 fieri
1778 1161 1895 1191 facere

517 1216 586 1234 non
611 1206 822 1244 potuissetis,
846 1205 992 1243 fructus,
1014 1206 1181 1242 redditus,
1199 1208 1234 1235 et
1250 1208 1439 1245 proventus
1455 1216 1687 1245 quoscumque
1716 1205 1895 1236 Prebende

518 1250 626 1289 ipsius
643 1250 786 1279 WValtcri
803 1250 839 1279 in
857 1250 1012 1280 Ecclesia
1035 1251 1155 1280 nostra
1172 1250 1358 1280 Exoniensi
1375 1250 1650 1290 sequestraretis,
1668 1251 1703 1280 et
1719 1250 1782 1280 sub
1800 1249 1894 1280 salvo

517 1294 684 1324 custodiri
700 1293 865 1324 faceretis
883 1294 1078 1333 Sequestro,
1092 1294 1200 1324 donec
1214 1295 1254 1324 de
1266 1294 1396 1325 eisdem
1408 1296 1548 1324 centum
1561 1294 1659 1324 libris
1671 1293 1809 1333 prefato
1822 1293 1894 1323 Ma-

518 1338 627 1375 gistro
639 1338 787 1368 Ricardo
795 1338 930 1377 integre
939 1338 1046 1368 fuerit
1058 1338 1277 1368 satisfactum
1288 1352 1295 1375 3
1312 1348 1450 1377 vosque,
1459 1337 1808 1376 Presidens,fructus‚
1818 1339 1894 1375 etc.,

517 1382 727 1421 hujusmodi,
753 1382 931 1412 occasione
956 1383 1213 1422 premissorum,
1239 1382 1448 1412 auctoritate
1472 1382 1556 1412 dicti
1583 1381 1760 1421 Sequestri
1783 1381 1894 1412 nostri

517 1426 633 1456 debite
651 1427 896 1465 sequestrastis
910 1441 916 1463 3
936 1426 1171 1465 Sequestrum,
1188 1428 1317 1464 tamen,
1329 1428 1487 1456 nostrum
1503 1426 1713 1466 hujusmodi,
1731 1436 1772 1456 ex
1789 1425 1894 1456 certis

518 1470 684 1508 legitimis
708 1471 821 1501 causis
845 1481 907 1501 nos
931 1471 967 1500 in
991 1470 1056 1501 hac
1079 1473 1179 1510 parte
1203 1470 1433 1508 moventibus,
1458 1470 1699 1508 relaxavimus,
1716 1471 1820 1509 prout
1844 1471 1892 1500 te-

517 1524 599 1544 nore
617 1514 839 1544 Presenciunl
857 1515 1072 1552 relaxamus3
1098 1514 1204 1551 vobis⁷
1224 1515 1342 1553 igitur,
1367 1514 1619 1544 committimus
1635 1516 1671 1544 et
1686 1513 1894 1544 mandamus

517 1559 681 1597 quatinus
698 1559 952 1589 relaxacionem
970 1559 1169 1598 hujusmodi
1188 1558 1374 1597 Sequestri,
1399 1569 1461 1598 pro
1485 1558 1647 1597 congruis
1663 1558 1737 1588 loco
1755 1559 1790 1588 et
1807 1559 1891 1587 tem-

517 1613 609 1641 pore,
627 1605 665 1632 ut
683 1603 844 1633 convenit
861 1603 1064 1642 publicetis3
1089 1602 1323 1633 certificantes
1339 1612 1402 1632 nos
1426 1602 1508 1642 quid
1524 1603 1560 1632 in
1576 1602 1755 1642 premissis
1771 1601 1892 1632 feceri-

516 1647 571 1684 tis,
591 1656 669 1676 cum
685 1657 748 1686 per
764 1649 900 1686 partem
918 1647 1001 1677 dicti
1018 1647 1163 1677 Walteri
1187 1656 1338 1686 congrue
1361 1646 1501 1676 fueritis
1523 1646 1691 1685 requisiti,
1716 1656 1778 1685 per
1801 1645 1892 1676 Lite-

516 1700 572 1721 ras
588 1693 723 1721 vestras
740 1693 911 1730 patentes,
928 1691 1052 1721 harum
1071 1691 1194 1721 seriem
1212 1691 1440 1728 continentes,
1455 1690 1631 1720 autentico
1649 1690 1712 1720 sub
1725 1689 1894 1729 sigillo.—

517 1735 629 1765 Dated
646 1737 682 1765 at
700 1735 785 1765 East
803 1735 961 1774 Horsley‚
979 1735 1022 1765 29
1039 1735 1198 1766 October.

475 1787 645 1838 Colyton
664 1802 674 1834 3
712 1788 924 1825 Belaaacio
966 1788 1165 1836 sequestri
1203 1788 1305 1825 alias
1351 1787 1575 1836 interpositi
1617 1787 1663 1824 i‘n
1689 1786 1896 1836 fructibus

522 1842 688 1878 Ecclesia
735 1843 779 1879 de
841 1842 1034 1890 Colytone,
1078 1855 1153 1890 pro
1194 1841 1380 1890 porcione
1428 1841 1582 1878 Decani
1628 1847 1662 1878 et
1711 1840 1893 1889 Capituli

523 1895 742 1941 Emonia—-

472 1951 632 1988 Thomas,
661 1953 737 1989 etc.,
766 1951 905 1981 Decano
930 1951 971 1980 de
998 1951 1194 1990 Honytone,
1220 1953 1255 1980 et
1279 1950 1461 1989 Perpetuis
1484 1949 1633 1980 Vicariis
1658 1948 1892 1979 Ecclesiamm

517 1995 771 2025 Parochialium
799 1995 839 2025 de
867 1994 993 2024 Setone
1021 1997 1056 2024 et
1084 1995 1306 2034 Axmynstre,
1340 1994 1498 2031 salutem,
1531 1992 1731 2024 eto-Cum
1762 2002 1825 2023 nos
1856 1992 1892 2022 in

514 2041 635 2069 nostra
661 2039 811 2069 Civitate
840 2041 875 2069 et
906 2039 1053 2076 Diocesi,
1079 2038 1155 2078 jure
1187 2038 1370 2075 ordinario,
1401 2048 1464 2077 per
1490 2039 1604 2068 certos
1630 2036 1894 2067 commissarios

515 2086 652 2114 nostros
669 2084 712 2113 ad
730 2083 793 2113 hoc
810 2093 829 2112 3
845 2083 945 2113 nobis
962 2082 1118 2121 legitime
1135 2083 1330 2121 deputatos,
1353 2082 1577 2112 Visitacionis
1602 2080 1760 2111 Officium
1778 2080 1893 2110 debite

516 2130 746 2165 excercentes,
778 2127 871 2157 inter
901 2129 1017 2157 cetera
1048 2127 1232 2157 nonnullos
1263 2126 1431 2163 defectus,
1463 2126 1499 2155 in
1539 2125 1700 2155 Cancello
1740 2124 1893 2155 Ecclesie

515 2171 726 2202 Parochialis
751 2171 793 2201 de
822 2171 990 2210 Colytone
1013 2171 1147 2201 notorie
1172 2171 1406 2207 imminentes,
1432 2180 1471 2200 ac
1494 2169 1717 2209 reparacione
1734 2171 1769 2198 et
1784 2167 1892 2198 refec-

516 2216 613 2246 cione
638 2215 834 2246 necessaria
856 2215 1064 2253 indigentes,
1089 2215 1146 2254 qui
1170 2215 1228 2245 vix
1251 2225 1331 2245 cum
1355 2224 1399 2244 xv
1422 2214 1519 2244 libris
1544 2213 1789 2252 sterlingorum
1814 2222 1891 2242 con-

517 2270 602 2298 grue
620 2260 773 2299 reparari
797 2261 972 2298 poterunt,
991 2259 1261 2298 compererimus
1289 2258 1498 2294 manifeste3
1527 2267 1673 2297 quorum
1691 2256 1892 2287 defectuum

516 2304 694 2334 occasione
712 2304 857 2341 fructus,
875 2303 1042 2341 redditus,
1061 2306 1095 2333 et
1111 2305 1301 2342 proventus
1318 2302 1454 2341 prefate
1472 2301 1626 2332 Ecclesie
1651 2301 1693 2331 de
1711 2300 1889 2340 Colytone‚

517 2348 551 2377 in
569 2357 864 2387 quorumcumque
888 2347 1049 2377 manibus
1067 2347 1266 2385 existerent,
1281 2347 1442 2376 duximus
1456 2345 1722 2385 sequestrandos
1735 2359 1743 2382 3
1760 2354 1891 2381 verum,

361 2389 407 2414 sol·
517 2392 596 2431 quia
614 2393 773 2422 Decanus
791 2394 825 2421 et
844 2391 1042 2430 Capitulum
1061 2391 1213 2421 Ecclesie
1230 2393 1348 2421 nostre
1362 2390 1576 2427 Exoniensis‚
1590 2388 1764 2428 prefatam
1776 2387 1891 2418 Eccle-

361 2422 437 2448 1331).
517 2436 614 2473 siam,
630 2436 724 2466 salva
734 2435 895 2474 porcione
907 2435 1037 2465 Vicarii
1054 2435 1216 2474 Perpetui
1232 2435 1269 2464 in
1282 2435 1413 2471 eadem,
1431 2435 1466 2463 in
1479 2433 1635 2473 proprios
1651 2443 1734 2463 usus
1747 2431 1891 2462 Canoni-

516 2490 554 2510 ce
576 2480 782 2517 obtinentes,
808 2479 849 2509 de
874 2479 992 2509 decem
1009 2479 1107 2509 libris
1123 2489 1185 2518 pro
1208 2479 1369 2518 porcione
1394 2478 1505 2508 dictos
1529 2478 1708 2508 Decanum
1731 2478 1766 2507 et
1792 2475 1892 2515 Capi-

516 2524 639 2561 tulum,
653 2524 792 2553 nomine
810 2523 1042 2562 reparacionis
1059 2523 1259 2562 hujusmodi
1272 2522 1483 2560 defectuum,
1495 2521 1729 2560 contingente,
1743 2520 1891 2550 Domino

514 2568 692 2605 Nicholao,
711 2568 882 2606 Perpetuo
899 2567 1037 2597 Vicario
1066 2567 1218 2596 Ecclesie
1243 2566 1453 2596 Parochialis
1477 2565 1519 2595 de
1535 2564 1764 2602 Axemouthe,
1781 2565 1817 2594 ct
1833 2563 1890 2593 Ri-

515 2612 619 2642 cardo
636 2612 758 2649 Brode,
776 2611 819 2641 ad
836 2611 990 2641 construi
1008 2621 1068 2641 seu
1084 2610 1238 2649 reparari
1256 2610 1456 2640 Cancellum
1469 2609 1669 2649 hujusmodi
1690 2607 1889 2638 faciendum

514 2666 577 2695 per
601 2666 663 2686 nos
692 2655 888 2695 specialiter
915 2655 1101 2694 deputatis,
1128 2653 1374 2684 satisfecerunt
1401 2653 1630 2692 integraliter,
1647 2654 1687 2682 ut
1703 2653 1888 2688 tenentum

515 2701 647 2731 dietum
665 2700 889 2739 Sequestrum
906 2702 1063 2729 nostrum
1080 2698 1117 2728 in
1132 2698 1306 2728 fructibus
1323 2698 1413 2727 dicte
1431 2697 1593 2734 Ecclesie,
1618 2698 1789 2735 quatenus
1812 2704 1887 2734 por-

514 2745 647 2775 cionem
666 2745 818 2783 ipsorum
836 2743 966 2773 Decani
983 2745 1018 2773 et
1036 2742 1197 2782 Capituli,
1221 2741 1530 2781 proprietariorum
1546 2740 1792 2780 predictorum,
1810 2748 1886 2769 con-

514 2788 634 2826 cernit,
652 2788 893 2825 relaxavimus,
910 2787 1052 2827 justicia
1073 2787 1253 2825 exigente;
1277 2785 1442 2823 volentes,
1466 2787 1595 2823 tamen,
1612 2784 1759 2822 fructus,
1775 2782 1887 2813 reddi-

513 2834 580 2871 tus,
607 2835 641 2862 et
663 2834 853 2871 proventus
869 2831 1008 2862 Vicarie
1034 2831 1187 2861 Ecclesie
1210 2829 1346 2869 prefate
1371 2839 1478 2869 usque
1496 2829 1539 2859 ad
1556 2838 1729 2860 summam
1746 2828 1885 2858 eentum
