1987 3062
233 228 326 274 248
431 242 532 274 THE
566 243 810 277 REGISTER
845 244 904 276 OF
939 240 1115 275 BISHOP
1149 240 1549 275 BRANTYNGHAM.

232 343 308 403 ἓξὲξ
340 346 422 384 The
444 347 720 385 Procurations
749 349 789 385 of
818 348 885 385 the
915 347 1306 396 Cardinal-Legates;
1336 348 1570 385 Mandatum
1598 344 1762 384 Domini

230 411 294 436 Vol.
312 412 334 438 1.
395 400 713 447 Cantuariensisl,
736 409 769 438 et
788 401 1028 439 Beluacensis
1045 401 1236 449 Episcopi,
1263 402 1547 446 Cardinalz'um‚
1576 413 1648 448 pro
1671 412 1761 447 pro-

231 444 292 504 {0513
394 456 657 492 curaciom'bus
677 456 875 504 exigendis,
883 478 932 482 —

343 509 556 539 Miseracione
573 509 694 540 Divina
718 510 840 547 Simon,
860 509 965 540 Tituli
989 510 1103 540 Sancti
1127 509 1222 547 Sixti,
1248 512 1282 539 et
1306 509 1485 546 Johannes,
1503 508 1607 539 Tituli
1626 508 1761 537 Sancto-

384 562 459 582 rum
478 553 630 590 Quatuor
647 554 899 589 Coronatorum,
918 553 1097 584 Presbiteri
1116 553 1318 590 Cardinales,
1336 552 1526 592 Apostolice
1551 551 1644 582 Sedis
1668 550 1761 581 Nun-

385 595 435 633 cii,
454 596 649 633 Venerabili,
668 600 740 633 etc.,
762 597 913 636 Dompno
931 596 993 626 Dei
1009 597 1117 636 gracia
1142 596 1318 626 Exoniensi
1345 596 1516 635 Episcopm
1535 595 1586 625 vel
1610 593 1684 634 ejus
1707 593 1761 623 Vi-

386 639 473 669 cario
489 649 546 669 seu
563 639 701 669 Vicariis
719 639 751 669 in
771 639 1018 679 Spiritualibus,
1036 650 1094 670 seu
1120 640 1257 670 Officiali
1274 639 1325 669 vel
1343 639 1554 676 Officialibus,
1571 641 1631 668 aut
1654 637 1764 667 locum

386 682 581 712 tenentibus
604 683 798 720 eorundem,
823 693 861 713 ac
883 683 931 713 illi
954 684 1005 713 vel
1030 683 1094 713 illis
1118 684 1175 723 qui
1199 686 1289 720 sunt,
1307 683 1359 712 vel
1384 686 1494 720 erunt,
1519 692 1578 721 pro
1602 684 1762 720 tempore,

386 725 517 764 Vicarii,
537 726 706 764 Officiales,
725 726 774 756 vel
802 726 1100 757 Administratores
1124 726 1344 766 Episcopatus
1369 725 1573 763 Exoniensis,
1599 724 1640 754 ad
1664 733 1763 764 quem

387 769 438 799 vel
455 769 496 799 ad
515 779 597 808 quos
623 772 792 808 presentes
810 769 920 800 Litere
936 770 1160 809 pervenerint,
1181 770 1323 800 salutem
1340 769 1374 799 in
1394 766 1761 799 Domino.——Sanctissi·

387 822 461 842 mus
492 812 523 842 in
558 812 692 843 Christo
724 813 823 843 Pater
853 816 889 843 et
920 813 1083 843 Dominus
1114 817 1238 850 noster,
1271 812 1433 843 Dominus
1466 811 1644 851 Gregorius
1679 811 1766 849 l'apa

385 855 522 891 XImusf
543 856 585 885 ad
610 856 747 886 Francie
770 860 805 886 et
831 856 949 895 Anglie
973 857 1095 896 Regna,
1119 866 1178 896 pro
1204 856 1332 895 magnis
1356 859 1391 886 et
1413 855 1525 885 arduis
1541 854 1692 894 negociis,
1706 863 1766 883 nos

385 899 565 937 destinans,
585 902 623 929 ut
640 900 802 938 possimus
818 910 1039 939 expensarum
1056 910 1156 929 onera
1178 899 1272 929 nobis
1295 899 1525 929 incumbencia
1540 898 1670 928 facilius
1686 896 1762 926 sub-

386 945 530 981 portare,
548 952 623 972 suas
641 943 734 972 nobis
750 943 911 973 concessit
935 943 1064 973 Lite-ras
1088 943 1122 973 in
1146 943 1206 973 hac
1230 941 1585 982 forma—Gregorius,
1610 944 1684 977 etc.,
1713 939 1763 969 Si-

387 985 486 1023 moni,
504 988 578 1023 etc.,
595 986 748 1024 salutem,
767 987 960 1016 etc—Cum
979 997 1036 1016 vos
1052 986 1094 1016 ad
1113 986 1249 1016 Francie
1266 989 1300 1016 et
1319 986 1436 1025 Anglie
1456 986 1567 1024 Regna
1590 994 1650 1023 pro
1674 993 1764 1022 mag-

386 1029 437 1059 nis
454 1032 488 1060 et
504 1029 617 1059 arduis
634 1030 775 1069 negociis
799 1029 1013 1066 destinemus,
1031 1040 1100 1066 uos,
1122 1032 1161 1059 ut
1177 1029 1406 1059 incumbencia
1430 1028 1522 1058 vobis
1545 1036 1766 1067 expensarum

387 1082 486 1102 onera
502 1072 634 1112 possitis
649 1073 778 1103 facilius
794 1073 1001 1112 subportare,
1018 1073 1167 1102 volentes
1185 1072 1276 1102 vobis
1292 1072 1333 1102 de
1349 1074 1516 1111 oportuno
1533 1069 1766 1101 subvencionis

385 1115 509 1145 auxilio
539 1115 721 1155 providere,
747 1116 839 1146 vobis
871 1116 913 1146 ab
937 1116 1092 1146 omnibus
1115 1115 1304 1155 recipiendi,
1333 1114 1529 1155 hujusmodi
1555 1113 1767 1154 negociorum

388 1161 499 1189 vestra
522 1159 754 1198 prosecucione
778 1159 932 1197 durante,
957 1162 1027 1189 tam
1051 1159 1085 1189 in
1110 1159 1278 1199 presencia
1295 1169 1396 1198 quam
1413 1158 1447 1188 in
1464 1157 1616 1188 absencia
1640 1159 1760 1194 vestra,

387 1202 470 1232 duas
486 1206 597 1241 partes
614 1212 654 1232 ex
671 1203 962 1241 procuracionibus
979 1213 1061 1242 quas
1078 1213 1165 1232 unus
1182 1202 1223 1232 de
1236 1202 1468 1233 cardinalibus
1485 1202 1606 1231 Sancte
1621 1201 1766 1230 Romane

389 1245 543 1283 Ecclesia
562 1246 750 1285 Apostolice
775 1246 869 1276 Sedis
895 1246 1048 1285 LegatuS,
1076 1246 1108 1276 in
1133 1245 1242 1285 dignis
1266 1245 1387 1285 Regnis
1404 1255 1463 1284 pro
1479 1244 1546 1275 suis
1563 1243 1766 1284 procuracio-

386 1289 485 1319 nibus
501 1288 646 1328 recipere
662 1290 843 1327 consuevit,
856 1299 920 1328 que
939 1289 1093 1320 videlicet
1109 1289 1151 1319 ad
1165 1299 1331 1319 summam
1348 1289 1509 1328 majorem
1526 1287 1701 1318 ascendere
1718 1286 1765 1316 di-

388 1331 547 1370 noscitur,
565 1342 583 1362 a
599 1331 854 1363 Venerabilibus
878 1333 1053 1363 Fratribus
1077 1332 1209 1370 nostris,
1235 1332 1499 1372 Archiepiscopis
1523 1334 1558 1361 et
1584 1330 1764 1370 Episcopis‚

388 1386 424 1406 ac
441 1375 570 1405 dilectis
588 1375 661 1406 filiis
681 1376 812 1414 Electis,
838 1376 1036 1414 Abbatibus,
1061 1376 1240 1413 Prioribus,
1266 1375 1416 1412 Decanis,
1442 1374 1632 1414 Prepositis,
1650 1373 1768 1404 Archi—

389 1419 543 1457 diaconis,
572 1419 876 1459 Archipresbiteris,
902 1422 936 1449 et
959 1419 1031 1449 aliis
1056 1419 1277 1450 Ecclesiarum
1304 1419 1444 1449 I'relatis
1460 1421 1495 1448 et
1512 1417 1709 1448 Rectoribus
1732 1427 1769 1446 ac.

389 1462 627 1493 Ecclesiasticis
653 1463 813 1501 Personis,
838 1463 1010 1502 Religiosis
1034 1466 1069 1493 et
1093 1462 1315 1500 Secularibus,
1342 1471 1522 1501 earumque
1547 1460 1711 1501 Capitulis
1735 1463 1770 1490 et

389 1506 630 1540 Com-entibus,
649 1507 813 1546 exemptis
836 1510 871 1536 et
895 1516 961 1536 non
985 1506 1161 1546 exemptis,
1182 1505 1416 1543 Cisterciensis,
1437 1504 1671 1541 Cluniacensis,
1690 1504 1767 1534 Car-

389 1549 556 1587 tusiensis,
576 1550 906 1587 Premonstratensis,
926 1550 1125 1580 Sanctorum
1145 1549 1315 1579 Benedicti
1333 1552 1366 1579 et
1383 1548 1573 1587 Augustini,
1594 1546 1767 1578 camaldu-

390 1593 499 1630 lensis,
517 1593 632 1623 Sancti
650 1592 830 1624 Guillelmi.
850 1596 885 1623 et
901 1593 1042 1623 aliorum
1065 1593 1229 1623 Ordinum
1250 1603 1256 1629 3
1280 1602 1420 1630 necnon,
1447 1591 1626 1631 Magistris,
1648 1590 1768 1621 Priori-

390 1636 464 1673 bus,
492 1636 756 1675 PreceptoribuS,
774 1639 810 1666 et
827 1636 1002 1666 Fratribus
1023 1636 1137 1667 Sancti
1160 1636 1179 1666 ,J
1184 1635 1323 1665 ohannis
1346 1634 1615 1671 Ierosolimitani‚
1634 1636 1669 1664 et
1691 1633 1767 1663 alio-

390 1689 465 1709 rum
483 1689 772 1719 quorumcumque
790 1679 1015 1719 Hospitalium
1033 1690 1090 1709 seu
1110 1680 1293 1709 Domorum
1310 1679 1500 1718 Regnorum
1518 1677 1745 1717 predictorum
1762 1686 1768 1713 ;

390 1732 527 1760 necnon,
550 1722 810 1753 contradictores
834 1733 893 1762 per
918 1723 1099 1753 Censuram
1124 1722 1397 1760 Ecclesiasticam,
1423 1721 1656 1761 Appellacione
1679 1723 1768 1759 post-

390 1765 508 1804 posita,
525 1766 762 1804 compescendi,
780 1776 845 1796 nou
863 1766 1074 1796 obstantibus
1090 1766 1146 1795 illa
1162 1775 1262 1804 quam
1287 1765 1390 1795 felicis
1406 1763 1644 1794 recordacionis
1661 1763 1767 1794 Urba-

390 1807 468 1838 nus3
485 1809 574 1848 Papa
589 1808 675 1844 Vtus,
697 1809 912 1839 Predecessor
936 1812 1059 1845 noster,
1086 1811 1120 1839 et
1143 1808 1293 1848 qualibet
1316 1808 1379 1838 alia
1403 1807 1496 1838 Sedis
1520 1807 1668 1846 predicte
1686 1807 1769 1836 Con-

391 1852 637 1887 stitucionibus,
653 1862 710 1882 seu
727 1852 915 1892 quibusque
929 1852 1121 1891 Privilegiis,
1138 1851 1372 1891 lndulgenciis‚
1388 1854 1421 1881 et
1436 1851 1557 1881 Literis
1570 1850 1768 1890 Apostolicis

392 1895 565 1934 quibusvis
583 1895 743 1933 Personis,
764 1895 866 1932 Locis,
884 1899 918 1924 et
935 1894 1126 1933 Ordinibus,
1144 1895 1207 1925 sub
1227 1904 1438 1934 quacumque
1459 1894 1636 1924 verborum
1661 1893 1768 1923 forma

390 1939 432 1968 ab
448 1939 563 1968 eadem
581 1938 665 1968 Sede
687 1938 857 1976 concessis,
882 1938 923 1967 de
946 1938 1067 1978 quibus
1090 1947 1379 1977 quarumcumque
1403 1937 1484 1968 totis
1509 1937 1681 1967 tenoribus
1701 1936 1766 1976 ple-

392 1992 468 2011 nam
486 1984 520 2011 et
536 1991 724 2020 expressam
742 1981 811 2011 fieri
828 1984 981 2020 oporteat
996 1981 1029 2011 in
1047 1980 1169 2011 nostris
1192 1980 1314 2011 Literis
1337 1980 1554 2018 mencionem,
1571 1983 1605 2010 et
1621 1990 1680 2019 per
1703 1990 1768 2019 que

392 2024 585 2064 hujusmodi
602 2028 715 2055 nostre
732 2024 958 2055 Concessionis
973 2024 1112 2054 effectus
1138 2024 1293 2063 impediri
1315 2024 1425 2054 valeat
1441 2023 1692 2063 quomodolibet
1715 2023 1767 2053 vel

392 2068 529 2103 differri,
547 2067 676 2107 plenam
696 2071 730 2098 et
746 2068 884 2098 liberam
908 2067 1010 2105 vobis,
1034 2070 1069 2097 et
1091 2067 1271 2106 unicuique
1288 2071 1447 2103 vestrum,
1469 2067 1673 2097 auctoritate
1692 2067 1765 2096 Pre-

393 2111 541 2141 sencium
557 2110 767 2141 concedimus
783 2111 1027 2141 facultatem-
1039 2111 1126 2141 Data
1145 2110 1314 2147 Avinione,
1332 2110 1396 2150 vijo
1413 2110 1493 2140 Idus
1512 2110 1633 2148 Marcii,
1656 2109 1767 2140 Ponti-

391 2154 510 2185 ficatus
525 2155 632 2185 nostri
648 2157 746 2185 Anno
762 2155 869 2194 primo
886 2154 918 2192 [9
937 2153 1059 2192 March,
1073 2154 1364 2192 1370-1].—1tem‚
1379 2153 1559 2193 Gregorius
1578 2153 1768 2193 Episcopus,

393 2201 465 2236 etc.,
487 2198 658 2228 Fratribus
677 2197 937 2237 Arcbiepiscopis
956 2197 1033 2234 (eta,
1054 2201 1086 2227 ut
1103 2203 1226 2236 supra),
1244 2197 1364 2227 Sancte
1383 2197 1484 2227 Marie
1497 2197 1768 2234 Theaeomorum,

394 2241 694 2275 Calacranensium,
711 2244 746 2271 et
764 2241 793 2270 H
799 2240 1026 2271 umiliatorum
1051 2240 1227 2279 Magistris,
1254 2240 1433 2279 Prioribus,
1452 2243 1487 2270 et
1504 2239 1768 2279 PreceptoribuS,

379 2293 452 2324 'per
468 2285 581 2324 Regna
599 2284 734 2314 Francie
749 2287 784 2314 et
800 2284 919 2323 Anglie
941 2283 1145 2320 constitutis,
1165 2283 1318 2321 salutem,
1336 2283 1603 2314 etc.-—Amaram
1619 2283 1717 2313 nimis
1734 2285 1769 2313 et

392 2327 609 2367 periculosam
627 2327 822 2358 discordiam
840 2337 904 2366 que
920 2327 1008 2357 inter
1024 2326 1207 2357 carissimos
1230 2327 1264 2356 in
1288 2326 1422 2358 Christo
1445 2326 1528 2357 filios
1544 2329 1684 2363 nostros,
1702 2326 1766 2356 Ka-

393 2371 510 2407 rolum,
530 2371 742 2408 Francorum,
760 2374 795 2401 et
814 2370 1016 2400 Edwardum
1040 2369 1158 2409 Anglie
1184 2371 1286 2409 Reges
1302 2369 1458 2407 illustres,
1475 2370 1607 2400 inimico
1630 2368 1769 2399 humani

392 2414 521 2453 generis
536 2414 689 2451 faciente,
706 2414 740 2444 in
761 2415 785 2444 U
791 2413 960 2444 niversalis
974 2413 1126 2448 Ecclesie,
1145 2412 1312 2443 Catholice
1328 2413 1427 2450 Fidei,
1440 2413 1613 2453 tociusque
1625 2412 1673 2443 rei
1685 2412 1767 2452 pub-

392 2457 453 2487 lice
469 2457 568 2487 nimis
584 2457 706 2497 grande
722 2457 955 2497 prejudicium,
973 2456 1081 2496 viguit
1104 2461 1139 2486 et
1164 2456 1254 2495 viget
1277 2456 1318 2486 de
1341 2456 1499 2495 presenti,
1517 2466 1629 2486 amara
1653 2458 1766 2486 mente

393 2500 562 2537 deflentes,
580 2501 619 2530 ad
638 2510 751 2539 pacem
768 2504 803 2531 et
819 2499 1027 2530 concordiam
1051 2499 1139 2529 inter
1164 2500 1267 2538 Reges
1290 2499 1378 2538 ipsos
1396 2503 1430 2529 et
1447 2509 1563 2529 eorum
1580 2498 1764 2538 adjutores,

392 2543 546 2581 factores,
566 2544 791 2581 auxiliatores,
815 2543 1003 2581 familiares,
1022 2542 1184 2579 subditos,
1204 2545 1239 2572 et
1257 2543 1422 2580 vassallos,
1442 2546 1476 2572 et
1493 2542 1691 2572 adherentes
1708 2541 1767 2571 eis-

393 2587 478 2624 dem,
497 2586 600 2617 dante
618 2587 771 2621 Domino,
790 2586 1048 2623 reformandam,
1068 2585 1150 2615 duos
1167 2595 1206 2615 ex
1226 2585 1478 2615 Venerabilibus
1497 2585 1670 2615 Fratribus
1694 2594 1766 2614 nos-

393 2630 468 2666 tris,
493 2630 613 2660 Sancte
641 2631 786 2660 Romane
810 2629 954 2660 Ecclesie
980 2628 1221 2665 cardinalibus,
1249 2628 1403 2663 videlicet
1428 2629 1609 2665 Simonem,
1628 2630 1707 2665 (eta,
1732 2631 1769 2657 ut

391 2674 667 2712 311p⁷·a⁸‚quoi·um
680 2673 825 2703 virtutes
838 2675 873 2703 et
889 2672 1010 2702 merita
1026 2674 1106 2702 sunt
1118 2671 1265 2711 grandia,
1280 2674 1441 2711 tanquam
1455 2671 1624 2702 Ministros
1635 2671 1769 2701 idoneos

391 2718 426 2746 et
442 2716 637 2755 frequenter
653 2716 686 2746 in
703 2716 815 2746 arduis
832 2715 1073 2755 comprobatos,
1092 2714 1297 2754 providimus
1321 2714 1547 2745 destinandos.
1599 2714 1693 2752 Cum,
1711 2723 1766 2743 au-

238 2789 248 2808 1
276 2790 331 2820 See
346 2799 428 2830 page
441 2790 513 2827 221,
530 2793 599 2818 note
616 2790 644 2819 2.
886 2776 890 2779 Ἴ
1028 2786 1042 2806 ³
1066 2787 1243 2827 Gregorius
1260 2788 1334 2826 νῑῦὃ,
1354 2788 1422 2818 MS.
1443 2798 1450 2826 ;
1473 2798 1492 2817 a
1508 2787 1635 2818 clerical
1652 2796 1753 2817 error.

240 2832 252 2851 ²
276 2833 366 2873 vjtu³‚
385 2832 452 2863 MS.
472 2843 479 2869 ;
495 2843 514 2862 a
531 2832 659 2862 clerical
675 2842 775 2862 error.
