1987 3062
466 248 756 282 REGISTRUM
792 249 1250 283 OOMMUNE—ANNO
1289 240 1351 284 30.
1585 240 1678 283 289

145 347 220 398 ΑΒ·
292 352 411 381 notum
437 351 688 382 Procuratorem
713 351 909 391 generalem,
933 352 1093 392 recepisse
1117 354 1152 382 et
1186 350 1350 390 habuisse,
1377 351 1430 382 die
1461 351 1678 383 confeccionis

146 380 233 440 &3³¹1
296 394 517 432 Presencium,
541 394 583 424 de
610 395 773 435 Episcopo
801 395 990 435 Exoniensi,
1020 406 1078 436 per
1104 405 1222 425 manus
1253 395 1391 425 NValteri
1421 395 1462 425 de
1493 395 1676 435 Aldebury,

201 434 207 440 ”
238 434 244 441 ’
295 437 452 469 Canonici
477 438 591 468 Sancti
608 438 702 468 Pauli
720 438 977 476 Londoniarum,
994 439 1214 479 quadraginta
1230 442 1265 469 et
1281 449 1337 469 sex
1354 438 1462 475 libras,
1477 438 1561 478 xiijs.
1575 442 1608 469 et
1621 438 1676 469 xd.

296 480 542 520 sterlingorum,
559 481 600 511 de
619 482 905 521 procuracionibus
928 482 1094 512 dictorum
1121 483 1340 512 Domiuorum
1366 480 1592 512 Cardinalium
1617 492 1676 521 pro

296 524 404 565 primo
419 535 506 554 anno
522 524 757 555 Nunciacionis
772 535 840 563 sue,
858 529 925 556 tam
940 526 1050 565 ipsum
1068 525 1268 565 Episcopum
1285 535 1386 565 quam
1403 528 1514 556 totum
1541 525 1676 555 Clerum

297 567 444 600 Diocesis
468 578 536 606 sue,
561 578 620 608 pro
642 568 797 599 omnibus
821 569 1059 608 temporalibus
1083 572 1117 599 et
1143 568 1372 608 spiritualibus
1399 568 1468 599 suis
1495 568 1529 598 in
1561 568 1673 598 eadem

298 611 427 642 Diocesi
443 611 724 651 contingentibus,
741 611 774 642 in
800 612 1024 651 persolucione
1051 612 1221 651 octoginta
1241 615 1276 642 et
1304 611 1403 642 unius
1430 612 1599 650 librarum,
1630 611 1674 651 vij

297 654 488 692 solidorum,
517 657 551 684 et
574 652 606 694 xj
632 654 856 693 denariorum,
886 655 1041 686 videlicet
1067 656 1108 685 ad
1136 655 1322 695 quamlibet
1349 655 1467 685 libram
1495 655 1676 685 taxacionis

297 697 522 739 spiritualium
540 701 574 728 et
590 698 823 738 temporalium
849 699 1077 738 predictorum
1101 702 1247 739 quatuor
1270 699 1420 728 denarios
1438 708 1446 736 ;
1469 698 1560 729 salva
1581 697 1676 728 nobis

298 744 464 782 potestate
481 741 621 779 levandi,
638 741 800 781 exigendi,
818 746 853 771 et
869 742 1048 781 recipiendi
1063 742 1183 782 siquid
1196 745 1304 772 aretro
1317 741 1422 773 fuerit
1438 751 1503 772 non
1514 741 1674 772 solutum.

298 784 520 815 committens
543 785 649 815 eidem
668 785 814 815 Waltero
830 788 1030 825 potestatem
1048 785 1247 825 aggravandi
1271 795 1386 815 omnes
1409 795 1475 815 non
1498 784 1675 822 solventes,

297 828 532 868 solventesque
547 827 739 858 absolvendi
753 828 793 858 de
810 828 1079 868 quibuscumque
1103 828 1287 858 Sentenciis
1312 827 1677 859 Excommunicacionis

298 882 380 913 quas
396 871 598 902 incurrerint
614 874 750 911 propter
765 872 1026 902 retardacionem
1038 871 1233 911 hujusmodi
1247 871 1434 902 solucionis.
1481 872 1531 902 De
1543 871 1676 911 quibus,

297 915 447 955 quidem,
472 914 579 955 xlvjli.
598 914 683 954 xiijs‚
701 914 754 945 xd.
778 914 885 945 fateor
908 925 960 945 me
984 915 1118 945 nomine
1143 914 1363 945 Dominorum
1387 925 1538 946 meorum
1562 913 1677 954 supra-

297 959 465 989 dictorum
482 958 627 998 plenarie
643 958 712 988 fore
729 961 894 998 pacatum,
912 961 946 989 et
962 958 1091 989 dictum
1109 958 1321 998 Episcopum,
1336 957 1474 989 heredes
1491 968 1528 988 ac
1549 958 1676 988 Execu-

296 1004 385 1033 tores
400 1012 487 1039 suos,
504 1005 538 1032 et
556 1001 689 1032 Clerum
715 1001 861 1032 Diocesis
884 1012 943 1033 sue
970 1001 1128 1043 predicte,
1156 1002 1233 1032 inde
1258 1001 1329 1032 fore
1356 1002 1489 1042 quietos
1512 1001 1674 1042 imperpe-

296 1045 562 1077 tuum.—Dated
580 1045 728 1083 London,
748 1046 786 1076 15
804 1045 878 1077 Oct.

146 1120 221 1184 [2¹5ng
255 1122 603 1213 Chfiriton—Bishop
633 1120 868 1174 [Churitone
897 1122 1090 1173 Episcopi,
1121 1120 1250 1174 MS.];
1292 1122 1398 1160 John
1430 1122 1676 1173 Brymmour,

351 1206 372 1222 ’ἲ

256 1231 393 1262 Licence
424 1229 459 1260 of
485 1229 744 1268 non-residence,
774 1230 1089 1270 “contemplacione
1116 1230 1253 1261 Domini
1277 1230 1397 1271 Regis3
1426 1233 1461 1261 et
1483 1230 1680 1262 dimittendi

297 1272 494 1313 [Ecclesiam
511 1273 620 1312 suam]
644 1273 685 1304 ad
710 1273 852 1312 firmam,
870 1284 946 1304 cum
964 1273 1120 1304 clausulis
1142 1275 1342 1313 necessariis,
1360 1274 1521 1314 quamdiu
1545 1274 1679 1306 steterit

299 1317 332 1347 iu
349 1317 486 1347 servicio
502 1316 583 1347 dicti
600 1316 736 1347 Domini
753 1317 860 1357 Regis,
877 1317 961 1349 etc.'’
978 1317 1099 1357 (Clyst,
1116 1318 1157 1348 26
1174 1317 1276 1356 Oct.).

146 1393 224 1453 ἱξεῖ-
258 1393 671 1440 Excommunication3
698 1392 870 1430 Articuli
889 1406 966 1441 pro
993 1393 1129 1442 quibus
1148 1393 1366 1431 incurritur
1384 1393 1583 1432 Sentencia
1603 1393 1680 1431 Ex-

148 1461 229 1491 BERJ
312 1447 666 1484 communicacz‘onis
684 1447 766 1495 ipso
775 1448 954 1495 facto,—

147 1511 208 1542 μοι,
257 1501 411 1539 Thomas,
425 1504 497 1539 etc„
512 1500 752 1531 Archidiacono
765 1504 878 1532 nostro
894 1501 1060 1539 Tottonie,
1077 1500 1128 1532 vel
1146 1500 1219 1541 ejus
1237 1501 1384 1538 Officiali,
1402 1501 1557 1539 salutem,
1570 1504 1678 1533 etc.—

148 1546 222 1576 3612]
299 1545 392 1576 Inter
415 1547 540 1574 ceteras
567 1544 746 1574 Pastoralis
769 1554 846 1575 cure
873 1554 939 1584 que
963 1544 1057 1574 nobis
1080 1544 1283 1575 incumbunt
1306 1545 1557 1583 sollicitudines,
1581 1555 1679 1576 causa

299 1588 475 1618 Adventus
498 1587 604 1617 nostri
629 1587 871 1627 Redemptoris,
890 1587 954 1625 Qui
978 1598 1044 1618 non
1067 1591 1202 1618 tantum
1226 1598 1286 1628 pro
1308 1587 1409 1628 justis
1427 1591 1478 1618 set
1493 1588 1595 1618 eciam
1621 1599 1680 1628 pro

299 1631 417 1661 ovibus
433 1641 499 1670 que
515 1630 681 1670 perierant
698 1631 845 1661 venerati
863 1631 967 1661 Officii
985 1631 1090 1661 nostri
1111 1631 1265 1661 debitum
1287 1631 1490 1662 incessanter
1505 1632 1628 1662 excitat
1645 1635 1680 1662 et

298 1674 422 1705 invitat
445 1673 632 1704 animarum
656 1674 757 1704 saluti
781 1674 958 1713 diligenter
980 1674 1162 1714 invigilare,
1179 1684 1322 1715 ovesque
1340 1675 1456 1714 Gregis
1473 1674 1568 1705 nobis
1592 1685 1678 1705 com-

301 1717 393 1748 missi
416 1727 510 1747 sanas
533 1717 711 1747 salubriter
734 1717 907 1748 confovere
931 1720 966 1748 et
988 1717 1126 1748 erratice
1149 1717 1256 1757 lapsas
1282 1717 1324 1747 ad
1352 1717 1439 1748 viam
1468 1718 1618 1748 veritatis
1646 1722 1681 1749 et

300 1761 427 1799 salutis,
443 1770 520 1791 cum
545 1760 607 1791 Dei
630 1760 809 1801 adjutoriO,
826 1761 983 1791 reducere
1001 1770 1008 1798 3
1032 1771 1082 1799 ne,
1100 1762 1190 1800 quod
1214 1760 1310 1797 absit,
1329 1761 1423 1791 nobis
1440 1761 1678 1792 dissimulanti-

299 1804 372 1842 bus,
389 1806 536 1844 pereant,
553 1807 587 1834 et
610 1814 670 1834 nos
694 1814 753 1843 pro
769 1804 825 1842 eis,
842 1814 883 1835 ex
906 1807 1019 1834 nostra
1042 1804 1251 1844 necligencia,
1269 1804 1391 1834 Divino
1411 1804 1544 1835 Judicio
1562 1805 1678 1845 punia-

300 1857 384 1878 mur.
433 1847 527 1885 Sane,
545 1857 621 1877 cum
644 1847 780 1887 quidam
802 1847 991 1887 parochiani
1013 1847 1127 1886 nostri,
1146 1847 1364 1886 literaturam,
1381 1848 1526 1878 maxime
1544 1848 1680 1879 Statuta

302 1891 475 1922 Canonum
487 1894 522 1920 et
534 1890 732 1921 tradiciones
745 1891 943 1921 Sanctorum
961 1891 1113 1929 Patrum,
1130 1901 1189 1921 sua
1206 1891 1419 1930 simplicitate
1429 1891 1632 1930 ignorantes,
1643 1891 1677 1922 in

300 1933 663 1964 Excommunicaeionis
680 1934 882 1973 Sentencias,
897 1945 915 1964 a
931 1934 1028 1964 dictis
1045 1934 1175 1965 Sanctis
1192 1934 1346 1964 Patribus
1363 1945 1381 1964 a
1397 1935 1516 1965 diebus
1531 1934 1679 1974 antiquis

298 1978 392 2015 latas,
406 1975 631 2017 [incidentes],
645 1977 734 2017 quod
748 1977 899 2008 dolenter
909 1977 1095 2015 referimus,
1113 1977 1305 2017 frequenter
1319 1977 1364 2007 eis
1377 1987 1442 2018 que
1454 1978 1551 2008 licere
1563 1978 1678 2008 illicite

300 2021 437 2051 credant
453 2020 630 2051 indiscrete
648 2023 803 2058 utantur3
816 2023 855 2051 ut
866 2020 985 2051 talium
998 2020 1250 2052 Sentenciarum
1265 2020 1403 2060 laqueus
1417 2021 1600 2061 prudenter
1613 2021 1677 2051 evi-

300 2067 402 2101 tetur,
419 2066 454 2094 et
469 2063 656 2103 ignoraneie
669 2064 787 2094 cecitas
803 2063 1010 2101 excludatur,
1028 2063 1121 2094 vobis
1137 2064 1345 2102 mandamus,
1362 2064 1395 2094 in
1415 2064 1541 2094 virtute
1558 2065 1680 2095 Sancte

301 2107 499 2137 Obediencie
512 2110 546 2137 et
558 2107 621 2137 sub
634 2117 717 2147 pena
733 2107 899 2138 Canonica
912 2107 1051 2137 firmiter
1063 2107 1288 2147 injungentes
1302 2107 1462 2147 quatinus
1475 2107 1679 2147 subscriptos

299 2149 478 2188 Articulos,
509 2154 644 2190 propter
674 2160 757 2190 quos
790 2150 1153 2181 Excommunicacionis
1185 2150 1361 2180 Sentencia
1392 2151 1576 2181 incurritur
1606 2151 1677 2190 ipso

300 2193 400 2231 factu,
425 2193 458 2223 in
483 2193 620 2233 singulis
645 2193 835 2233 Collegiatis
866 2196 901 2224 et
924 2193 1170 2224 Parochialibus
1202 2193 1355 2223 Ecclesiis
1380 2194 1483 2224 vestri
1507 2194 1678 2224 Archidia-

300 2239 449 2274 conatus,
469 2236 596 2267 Diebus
614 2237 796 2267 Dominicis
812 2240 847 2267 et
863 2236 1106 2276 Solempnibus,
1125 2237 1166 2267 ad
1183 2237 1294 2267 minus
1310 2240 1430 2276 quater
1445 2237 1480 2267 in
1504 2247 1600 2274 anno,
1619 2247 1678 2276 per

302 2279 495 2310 Sacerdotes
513 2279 718 2310 Parochiales
735 2280 906 2319 publicari,
923 2283 956 2310 et
972 2279 1157 2310 incidentes
1181 2280 1215 2310 in
1239 2279 1371 2310 easdem
1395 2280 1587 2310 Sentencias
1612 2280 1675 2310 Ex-

302 2323 563 2353 communicatos
579 2323 772 2353 denunciari
789 2323 926 2361 faciatis,
943 2323 1145 2353 auctoritate
1161 2326 1274 2352 nostra
1288 2333 1296 2359 ς
1320 2322 1458 2362 singulis
1482 2323 1677 2363 hujusmodi

304 2365 524 2396 Ecclesiarum
553 2366 759 2404 Rectoribus,
785 2366 933 2404 Vicariis,
965 2369 998 2396 et
1029 2365 1264 2396 Sacerdotibus
1296 2365 1542 2396 parochialibus
1566 2366 1676 2406 injun-

301 2412 426 2448 gentes,
446 2412 484 2438 ut
500 2409 621 2448 singuli
645 2419 759 2440 eorum
783 2409 938 2440 articulos
963 2409 1158 2449 hujusmodi
1180 2409 1214 2439 in
1238 2409 1305 2438 suis
1330 2409 1491 2447 Ecelesiis,
1509 2409 1571 2439 sub
1596 2419 1679 2449 pena

302 2451 438 2482 arbitrio
473 2451 639 2483 Ordinarii
670 2453 824 2491 taxanda,
855 2452 1010 2489 habeant,
1042 2452 1129 2482 infra
1159 2462 1316 2490 mensem,
1348 2451 1380 2481 in
1413 2451 1483 2482 loco
1518 2453 1679 2483 eminenti

302 2498 456 2535 patenter
471 2495 595 2526 affixos.
643 2496 796 2534 Articuli,
813 2499 936 2534 autem,
954 2495 1149 2535 hujusmodi
1166 2494 1359 2525 scribuntur
1381 2494 1529 2533 inferius,
1547 2499 1581 2526 et
1597 2499 1678 2526 sunt

302 2537 443 2575 tales,—

260 2581 383 2612 Omnes
409 2581 457 2611 illi
481 2581 540 2621 qui
567 2581 728 2612 Ecclesias
755 2592 815 2612 suo
845 2581 920 2622 jure
945 2581 1110 2611 maliciose
1140 2580 1271 2621 privare
1303 2584 1511 2620 presumunt,
1536 2584 1596 2612 ant
1619 2593 1678 2622 per

303 2624 467 2654 maliciam
484 2624 670 2655 Libertates
686 2625 866 2655 earundem
883 2624 1063 2663 infringere
1078 2633 1136 2654 seu
1153 2623 1347 2663 perturbare
1368 2625 1579 2655 contendunt
1595 2635 1602 2662 ;
1628 2626 1680 2656 vel

303 2667 362 2707 qui
381 2667 508 2697 Literas
524 2667 706 2707 impetrant
722 2678 739 2698 a
756 2678 967 2708 quacumque
984 2667 1084 2698 Curia
1100 2667 1216 2704 laicali,
1236 2667 1277 2697 ad
1294 2666 1545 2707 impediendum
1568 2668 1678 2699 Eccle-

302 2710 509 2740 siasticorum
536 2710 696 2741 Judicum
726 2711 919 2741 Processum
951 2711 984 2741 in
1012 2710 1128 2742 Causis
1155 2714 1189 2740 et
1213 2710 1356 2749 negociis
1383 2720 1449 2750 que
1481 2721 1539 2751 per
1563 2711 1678 2742 Sacros

305 2753 455 2784 canones
472 2753 512 2783 ad
530 2753 653 2784 Forum
672 2754 940 2784 Ecclesiasticum
963 2756 1148 2784 noscuntur
1169 2753 1334 2793 pertinere
1350 2764 1358 2792 3
1382 2753 1449 2793 qui,
1467 2754 1580 2793 eciam,
1597 2755 1679 2786 false

303 2796 508 2836 excepcionis
538 2796 652 2835 titulo,
685 2797 915 2838 Episcopalem
946 2806 1003 2827 seu
1035 2796 1356 2836 Archiepiscopalem
1388 2797 1584 2829 Processum
1617 2798 1677 2830 im-

304 2839 447 2879 pediunt
461 2841 522 2870 aut
543 2839 798 2880 subterfugiunt
813 2839 1031 2881 disciplinatu.

288 2896 325 2930 U
