1987 3062
514 235 679 268 ROYAL
715 233 932 267 LETTERS
968 233 1071 266 AND
1106 232 1278 267 WRITS.
1570 221 1659 264 195

131 334 208 361 A·D·
242 337 405 369 -Dictus
423 338 526 376 Prior,
544 348 619 368 cum
638 338 720 378 iiijor
736 337 916 375 Monachis,
933 336 1057 367 residet
1072 336 1107 367 in
1124 336 1214 367 dicto
1238 335 1401 366 Prioratu.

131 368 359 428 {Jffi'4'Frater
376 381 563 412 Willelmus
580 381 747 419 Willelmi,
764 382 859 412 Prior
874 381 915 410 de
938 380 1089 418 Minstre,
1106 379 1237 420 optinet
1256 378 1435 409 Ecclesiam
1453 377 1494 407 de
1510 376 1660 415 Minstre,

130 435 171 461 Π,
286 425 452 455 valentem
470 436 527 465 per
543 435 669 455 annum
686 436 705 455 x
720 435 815 455 marc.
835 424 914 465 vijd.
932 424 975 455 ob.

241 468 336 499 Idem
369 468 499 508 optinet
524 468 692 508 Capellam
717 468 757 498 de
782 467 1016 498 Bodiscastelle
1039 466 1218 506 ffloscastle,
1243 465 1281 496 in
1306 463 1468 503 Minster]‚
1493 463 1661 494 valentem

280 522 338 551 per
353 522 478 542 annum
497 512 553 552 viij
572 521 668 542 marc.
690 512 756 541 ixd,
778 511 824 543 ob.

241 555 418 587 Abbatissa
441 555 483 585 de
507 555 621 585 Monte
646 554 782 585 Ebroldi
799 554 865 593 (sic,
878 553 936 594 for
953 554 971 568 “
982 554 1088 585 Fonte
1099 552 1385 591 '’—Fontevrault)
1403 551 1535 591 optinet
1552 550 1661 581 Eccle-

283 598 366 629 siam
386 598 499 629 Bocini
516 597 706 638 [Ti71ta9el].
725 598 891 628 valentem
910 608 967 638 per
984 607 1109 628 annum
1126 597 1160 627 xl
1173 606 1272 627 marc.

239 641 464 672 —Nicholaus
495 642 716 680 Tamworthe,
750 641 854 679 Miles,
885 641 987 671 habet
1017 641 1141 671 dictam
1169 639 1351 670 Ecclesiam
1378 638 1421 668 ad
1452 637 1593 673 firmam,
1622 639 1662 667 ut

282 685 414 724 dicitur,
432 688 466 715 et
482 685 602 715 habuit
618 695 675 724 per
692 685 775 715 duos
791 695 895 715 annos
912 688 946 714 et
963 684 1061 715 ultra.

282 728 442 768 Magister
459 728 487 758 N
492 728 638 759 icholaus
655 728 754 759 Terer
770 728 901 768 optinet
918 728 1097 758 Ecclesiam
1115 727 1236 758 Sancte
1253 725 1403 764 Mabene,
1420 724 1587 756 valentem
1605 733 1663 764 per

282 782 409 802 annum
427 771 496 802 xlle‘.

239 816 333 847 Idem
350 815 481 856 optinet
497 815 529 845 in
547 815 691 845 Ecclesia
706 814 895 846 cathedrali
911 814 1038 845 Exonie
1055 813 1263 844 Prebendam
1277 811 1443 843 valentem
1455 822 1512 852 per
1525 820 1662 849 annum,

281 859 315 888 in
340 858 480 898 pecunia
503 861 687 895 numerata,
706 858 737 898 vj
750 868 848 889 marc.

239 903 334 934 Idem
369 902 399 932 N
403 901 550 932 icholaus
584 901 725 942 percipit
758 901 940 932 cotidianas
975 899 1231 931 distribuciones
1265 901 1299 929 et
1333 898 1540 936 dividendas,
1576 897 1665 927 sicut

281 945 366 975 alius
391 945 578 977 Canonicus
602 945 750 976 residens
774 945 807 975 in
832 945 957 983 eadem,
975 953 1116 984 quarum
1141 943 1232 973 valor
1255 945 1306 973 est
1323 942 1488 979 incertus3
1512 945 1547 972 et
1562 941 1664 971 habet

281 988 392 1019 firmas
431 988 518 1019 sicut
556 988 640 1019 alius
679 988 876 1027 eanonicus,
908 988 1007 1027 juxta
1045 986 1304 1017 consuetudines
1342 985 1487 1016 Ecclesie
1525 984 1662 1025 prefate.

284 1032 457 1062 Predictus
475 1032 656 1062 Nicholaus
672 1031 824 1072 [residet]
841 1031 874 1062 in
901 1031 1048 1062 Ecclesia
1065 1029 1257 1061 Cathedrali
1283 1029 1440 1069 predicta,
1459 1031 1493 1059 et
1516 1027 1664 1058 ostendit

282 1075 376 1106 nobis
401 1075 528 1106 Literas
553 1075 672 1115 Regias
695 1086 778 1115 quas
803 1075 968 1105 Dominus
992 1075 1063 1105 Rex
1087 1073 1248 1104 concessit
1272 1073 1344 1110 sibi,
1362 1072 1452 1113 quod
1476 1072 1546 1112 ipse
1570 1071 1664 1111 quasi

282 1119 436 1158 indigena
454 1119 486 1149 in
505 1119 620 1159 Regno
636 1118 755 1159 Anglie
772 1118 946 1156 habeatur,
964 1121 998 1148 et
1014 1117 1111 1148 dictis
1136 1116 1309 1147 Beneficiis
1332 1116 1401 1146 suis
1424 1116 1569 1156 gaudere
1592 1124 1663 1155 per-

282 1162 451 1192 mittatur.

238 1206 288 1236 De
307 1205 554 1245 temporalibus,
572 1215 658 1242 vero,
676 1205 843 1235 dictorum
860 1205 1119 1244 alienigenarum
1137 1204 1177 1234 ad
1202 1213 1336 1243 presens
1360 1213 1425 1232 non
1450 1202 1590 1232 fecimus
1613 1202 1665 1232 in-

282 1249 380 1289 quiri,
397 1259 434 1278 eo
447 1249 535 1288 quod
549 1249 582 1278 in
601 1248 760 1278 Mandato
774 1251 883 1278 vestro
896 1248 989 1278 nulla
1001 1247 1128 1278 mencio
1141 1247 1182 1277 de
1195 1247 1317 1276 eisdem
1332 1246 1448 1276 extitit
1464 1249 1663 1285 expressata.

284 1293 337 1329 Et,
355 1292 383 1322 si
400 1302 533 1332 presens
551 1291 829 1322 Certificatorium
846 1291 938 1321 vobis
954 1291 1103 1321 sufficere
1119 1290 1256 1320 minime
1273 1290 1436 1328 videatur,
1454 1292 1533 1319 vota
1555 1292 1665 1319 vestra

283 1336 315 1365 in
342 1335 402 1365 hac
428 1338 520 1375 parte
547 1335 641 1365 nobis
670 1335 849 1365 rescribere
873 1334 1066 1375 dignemini,
1083 1337 1118 1365 et
1141 1344 1178 1364 ea
1201 1344 1266 1374 que
1283 1343 1342 1373 pro
1366 1343 1459 1373 posse
1482 1332 1664 1372 adimplere

283 1378 432 1409 celeriter
450 1378 640 1409 curabimus
657 1389 733 1409 cum
751 1378 880 1409 effectu.

238 1437 409 1473 54.—lee
426 1438 545 1478 Bishop
562 1443 592 1469 ιο
614 1438 664 1469 the
687 1438 775 1468 Lord
804 1438 974 1468 Twasurer
989 1437 1057 1468 (md
1080 1436 1130 1468 the
1157 1436 1280 1467 Bao-ons
1299 1436 1335 1475 of
1361 1435 1410 1467 the
1426 1435 1664 1476 Exckequer‚--

283 1481 331 1512 De
347 1482 467 1513 decima
486 1482 631 1512 Annuali
649 1484 714 1520 (see
731 1482 782 1512 No
802 1481 865 1519 52).
915 1482 964 1511 He
980 1481 1045 1511 had
1063 1480 1210 1520 deputed
1227 1490 1261 1510 as
1280 1479 1461 1510 Collectors
1476 1479 1534 1510 the
1552 1479 1665 1510 Abbat

281 1525 316 1555 of
333 1525 502 1563 Buckfast,
519 1525 571 1555 for
587 1525 714 1563 Devon,
734 1525 799 1555 and
815 1525 873 1555 the
890 1524 983 1555 Prior
999 1525 1033 1554 of
1049 1524 1201 1562 Bodmin,
1214 1523 1266 1554 for
1282 1522 1612 1554 Cornwall.—Dated
1629 1525 1666 1553 at

284 1569 365 1599 East
383 1568 532 1609 Horsley,
552 1569 569 1600 8
587 1569 673 1609 May,
693 1568 785 1601 1374.

239 1626 338 1662 55.—
346 1627 407 1659 The
423 1627 665 1667 precentorshz'p
688 1629 721 1657 in
747 1627 797 1658 the
822 1626 1116 1658 Cathedral.-lee
1132 1626 1170 1657 K
1168 1628 1224 1665 inq
1241 1630 1270 1656 ιο
1286 1625 1336 1656 the
1352 1624 1583 1665 Bislzop‚—He
1598 1625 1665 1657 had

284 1671 468 1709 recovered,
481 1671 592 1701 before
610 1671 755 1701 William
772 1671 895 1708 Tauke,
914 1670 1010 1701 Chief
1026 1670 1135 1700 Baron
1152 1670 1186 1700 of
1201 1669 1259 1700 the
1278 1669 1483 1708 Exchequer,
1497 1669 1615 1709 sitting
1631 1673 1666 1700 at

282 1715 443 1752 Honiton,
467 1715 519 1745 his
542 1714 633 1755 right
656 1718 691 1745 to
714 1718 849 1754 present
875 1717 910 1745 to
938 1713 996 1744 the
1025 1713 1288 1753 Precentorship,
1315 1712 1423 1743 which
1445 1723 1511 1743 was
1536 1716 1663 1744 vacant.

283 1758 352 1788 The
377 1758 500 1798 Bishop
521 1768 586 1788 was
610 1761 646 1788 to
669 1758 776 1788 admit
799 1758 850 1788 his
874 1757 1206 1788 nominee.-—Tested
1224 1759 1259 1787 at
1277 1756 1437 1794 Honiton,
1462 1756 1504 1797 by
1519 1756 1578 1787 the
1594 1757 1665 1787 said

283 1801 428 1832 william
446 1801 569 1839 Tauke,
587 1803 627 1833 29
644 1801 736 1842 July.

239 1860 387 1896 56.—To
404 1861 453 1892 the
469 1871 553 1892 same
569 1861 660 1901 effect,
675 1860 750 1892 with
774 1861 838 1892 this
863 1860 1357 1900 addition,——(recuperavimus
1375 1860 1663 1890 Presentacionem

282 1905 445 1944 nostram)
464 1905 482 1919 “
496 1915 608 1935 versus
625 1905 795 1936 Simonem
813 1905 1008 1943 Lamborne,
1022 1903 1378 1935 clericum.'’-Testcd
1395 1909 1430 1934 at
1447 1903 1608 1942 Honiton,
1620 1903 1665 1944 by

283 1948 342 1978 the
359 1958 458 1987 same,
476 1949 541 1978 and
558 1958 600 1978 on
618 1948 676 1979 the
692 1958 782 1978 same
799 1949 872 1988 day.

130 2005 177 2032 sol.
193 2007 216 2032 8.
249 2006 427 2043 57.—-THE
456 2008 739 2039 ARCHDEAOONRY
765 2015 808 2038 or
832 2007 971 2038 EXETER
997 2007 1188 2046 (8).—Cum
1212 2017 1329 2047 nuper,
1347 2006 1514 2046 pendente
1538 2006 1665 2037 Placito

283 2061 392 2082 coram
416 2052 437 2082 J
441 2051 616 2081 usticiariis
632 2051 755 2081 nostris
771 2052 812 2081 de
828 2051 937 2081 Banco
948 2051 1035 2081 inter
1051 2060 1110 2081 nos
1123 2054 1157 2080 et
1173 2060 1240 2089 vos,
1252 2060 1288 2081 ac
1306 2050 1443 2080 Petrum
1457 2050 1498 2080 de
1510 2050 1663 2089 Everino,

284 2094 493 2126 Cardinalem
512 2095 544 2124 in
563 2094 662 2125 Curia
678 2095 836 2132 Romana,
849 2093 1351 2135 possessioniArchidiaconatus
1365 2093 1561 2124 Exoniensis
1571 2096 1663 2132 tunc,

289 2141 328 2168 ut
358 2138 491 2176 dicitur,
515 2138 777 2176 incumbentem,
802 2138 843 2168 de
866 2148 903 2168 eo
927 2138 1017 2178 quod
1040 2148 1097 2168 vos
1128 2137 1367 2177 permitteretis
1390 2147 1449 2167 nos
1476 2139 1666 2177 presentare

282 2181 434 2211 idoneam
456 2191 629 2220 personam
653 2181 694 2211 ad
711 2181 1028 2212 Archidiaconatum
1052 2181 1253 2220 predictum,
1273 2180 1519 2210 consideratum
1543 2179 1664 2210 fuisset

281 2225 371 2265 quod
396 2235 454 2255 nos
479 2225 768 2255 Presentacionem
785 2227 934 2255 nostram
951 2225 992 2254 ad
1010 2224 1154 2254 eundem
1171 2223 1488 2254 Archidiaconatum
1512 2233 1662 2263 recuper-

282 2278 422 2306 aremus,
447 2278 504 2308 per
528 2269 618 2308 quod
642 2269 785 2298 eundem
811 2268 1127 2298 Archidiaconatum
1149 2267 1275 2297 Thome
1300 2266 1429 2305 vaaby,
1446 2266 1571 2304 clerico,
1587 2276 1662 2296 con-

281 2311 458 2342 tulerimus
482 2311 583 2351 Regio
596 2310 672 2351 jure
689 2314 822 2349 nostro3
849 2321 885 2342 ac
902 2311 1117 2351 postmodum
1134 2309 1284 2350 prefatus
1301 2309 1485 2340 Cardinalis
1498 2309 1592 2339 nobis
1606 2319 1664 2349 per

284 2355 536 2385 Procuratorem
559 2364 658 2385 suum
681 2354 920 2394 supplicaverit
944 2357 991 2392 ut,
1018 2363 1095 2384 cum
1118 2352 1282 2393 judicium
1308 2352 1496 2392 predictum
1519 2362 1577 2392 per
1607 2352 1662 2382 de-

281 2397 398 2427 faltam
421 2397 592 2428 redditum
617 2397 746 2436 fuisset,
774 2398 845 2437 ipso
869 2400 929 2427 aut
952 2397 1169 2427 Procuratore
1200 2406 1260 2426 suo
1292 2405 1357 2425 non
1382 2395 1584 2434 premunito,
1611 2398 1664 2427 set

282 2440 418 2471 omnino
442 2440 615 2480 ignorante
633 2441 828 2471 Processum
852 2440 1050 2480 predictum,
1069 2439 1231 2470 vellemus
1248 2439 1277 2469 ei
1293 2438 1470 2469 concedere
1487 2439 1577 2479 quod
1594 2439 1664 2479 ipse

282 2482 424 2514 titulum
441 2493 540 2523 quem
561 2483 679 2514 habuit
692 2484 726 2514 in
742 2483 1021 2513 Archidiaconatu
1035 2482 1185 2523 predicto
1202 2492 1309 2512 coram
1329 2482 1445 2522 peritis
1461 2482 1501 2512 de
1519 2482 1664 2513 Consilio

282 2529 405 2565 nostro,
423 2526 476 2556 vel
498 2526 586 2564 alibi,
603 2529 704 2566 prout
727 2526 823 2556 nobis
846 2526 1000 2566 placeret,
1017 2536 1075 2566 per
1099 2526 1351 2556 Procuratorem
1375 2535 1473 2556 suum
1499 2525 1664 2556 declarare

281 2574 401 2610 posset,
431 2572 465 2599 et
488 2569 629 2600 ulterius
653 2569 715 2600 sibi
740 2569 808 2599 fieri
831 2569 949 2609 jubere
971 2569 1104 2609 justicie
1128 2568 1410 2608 complementum
1432 2578 1439 2606 3
1474 2571 1663 2608 protestans

281 2613 364 2643 velle
389 2623 422 2643 se
447 2612 646 2643 submittere
667 2613 701 2643 in
725 2612 785 2642 hac
808 2615 902 2652 parte
918 2612 1055 2642 arbitrio
1081 2612 1179 2642 Curie
1202 2614 1338 2649 nostre3
1363 2615 1397 2642 et
1422 2622 1490 2650 nos,
1505 2612 1663 2652 premissa

282 2656 539 2694 considerantes,
557 2656 683 2686 evocari
706 2656 881 2686 fecerimus
905 2655 1072 2695 prefatum
1097 2655 1259 2685 'rhomam
1283 2654 1412 2685 essendi
1435 2665 1544 2686 coram
1568 2655 1664 2686 nobis

282 2700 316 2730 in
341 2699 545 2730 Cancellaria
560 2702 674 2730 nostra
691 2699 733 2729 ad
749 2699 994 2729 ostendendum
1008 2697 1064 2738 jus
1081 2698 1170 2738 quod
1187 2697 1282 2728 nobis
1298 2698 1508 2738 competebat
1531 2709 1662 2739 presen-

281 2742 376 2773 tandi
399 2743 439 2773 ad
464 2742 777 2773 Archidiaconatum
802 2742 1000 2782 predictum.
1061 2742 1115 2780 Et,
1133 2742 1210 2782 quia
1233 2741 1381 2772 nondum
1406 2741 1541 2773 videtur
1564 2742 1664 2773 Ourie

279 2788 393 2816 nostre
410 2786 452 2816 ad
468 2786 716 2825 procedendum
732 2785 772 2816 ad
790 2785 955 2826 judicium
980 2795 1081 2826 super
1096 2784 1272 2825 propositis
1289 2787 1323 2816 et
1338 2784 1488 2825 allegatis
1505 2796 1544 2815 ex
1569 2788 1663 2825 parte

282 2829 461 2869 utriusque
477 2829 603 2869 absque
620 2839 740 2870 magna
756 2828 1005 2867 deliberacione,
1024 2828 1175 2859 nolentes
1200 2828 1291 2869 quod
1306 2828 1438 2860 fructus
1455 2828 1663 2860 Archidiaco-

265 2871 311 2919 02
