1987 3062
289 219 382 261 410
503 232 603 264 THE
628 232 872 266 REelsTER
896 232 955 265 or
979 232 1159 267 BISHOP
1184 233 1587 267 BRANTYNGHAM.

286 329 362 387 Αἲξ-713·
430 335 575 370 pareant
594 343 707 364 coram
729 332 874 364 Officiali
895 333 1081 375 Principali
1104 334 1299 374 Exoniensi,
1325 345 1383 366 seu
1406 334 1656 372 commissario,
1681 336 1760 371 etc,
1784 332 1820 362 in

290 381 360 422 vois
371 397 393 422 L
430 375 583 406 Ecclesia
598 376 795 408 Catliedrali
812 377 952 416 Exonie‚
972 378 1025 409 die
1040 378 1136 409 Lune
1152 379 1308 420 proximo
1324 382 1402 420 post
1420 379 1560 410 Festum
1577 375 1819 417 Concepcionis

433 418 538 450 Beate
561 419 670 450 Marie
694 421 850 461 proximo
874 421 1040 461 futurum,
1068 426 1131 452 etc.
1180 422 1227 453 Et
1250 421 1379 453 habent
1403 422 1445 453 ad
1470 420 1727 452 certificandum
1751 419 1817 450 dic-

435 466 510 492 tum
529 461 727 502 Officialem,
749 467 827 503 eto,
850 464 894 495 ad
913 464 1021 496 dictos
1041 465 1131 496 diem
1149 469 1183 496 ct
1201 464 1323 505 locum,
1345 469 1409 497 etc.

398 520 644 558 Parliament
658 535 667 567 3
696 522 777 558 Pro
796 522 1137 568 Parliamemo,--

391 573 490 615 Item,
514 574 651 616 ibidem,
672 576 752 607 xv¹00
773 575 838 614 die,
861 577 1035 608 emanavit
1054 576 1259 608 Mandatum
1281 576 1449 608 directum
1470 575 1614 608 Officiali
1636 573 1823 616 Principali

434 618 630 659 Exoniensi,
665 630 736 659 seu,
769 620 845 661 ipso
878 619 1028 658 absente,
1064 620 1258 651 Presidenti
1293 619 1494 652 Consistorii
1529 619 1742 656 Exoniensis,
1778 617 1821 649 ad

431 662 664 702 exequendum
684 662 796 694 Breve
815 663 961 704 Regium
982 674 1043 704 pro
1064 663 1296 694 Parliamento
1318 664 1465 694 Domino
1488 663 1665 701 directum,
1690 667 1753 693 etc.

1772 499 1787 516 b

394 722 450 758 St.
476 720 680 757 German’s
697 721 862 772 Priory3
892 722 1049 759 Manda
1068 737 1136 759 um
1150 737 1225 772 pro
1249 723 1450 768 Garatom,
1474 722 1551 759 sive
1568 721 1814 771 Coadjutore,

448 774 609 812 Priorz's
629 775 768 812 ›S'ancti
791 776 1067 821 Germana—c

388 827 488 867 Item,
509 827 646 869 ibidem,
666 829 762 869 xvjto
781 829 847 869 die,
868 830 1042 862 emanavit
1061 829 1267 861 Mandatum
1286 829 1453 861 directum
1472 827 1617 860 Officiali
1636 827 1823 859 Peculiaris

432 871 693 904 Jurisdiccionis
710 873 746 904 in
766 872 950 913 Cornubia,
973 873 1016 904 ad
1035 872 1262 904 amovendum
1283 873 1441 904 Fratrem
1460 872 1482 903 J
1486 872 1653 903 ohannem
1672 871 1819 911 Averey,

433 913 709 947 Concanonicum
736 915 916 948 Prioratus
943 916 1061 948 Sancti
1089 915 1261 954 Germani,
1292 916 1327 946 in
1356 914 1539 952 Cornubia‚
1571 925 1672 955 quem
1702 914 1824 945 Frater

431 957 635 999 Willelmus‚
662 958 762 990 Prior
784 958 963 991 Prioratus
986 959 1142 1000 predicti,
1170 959 1204 990 in
1228 958 1484 999 Coadjutorem,
1511 959 1582 990 sive
1608 957 1820 994 Curatorem,

431 1000 543 1042 elegit,
572 1000 615 1032 ab
639 1002 730 1033 omni
757 1002 1055 1034 administracione
1081 1001 1313 1043 spiritualium
1339 1006 1374 1033 et
1399 1000 1640 1042 temporalium
1666 1000 1820 1040 ejusdem

428 1044 628 1083 Priorat-us3
657 1048 691 1076 et
711 1045 754 1076 ad
774 1045 967 1086 eligendum
990 1050 1023 1077 et
1044 1045 1191 1077 fideliter
1211 1044 1456 1086 preficiendum
1477 1055 1581 1075 unum
1603 1044 1716 1074 virum
1735 1043 1816 1083 ydo-

428 1098 528 1119 neum
550 1088 590 1119 de
611 1087 850 1120 Confratribus
872 1088 1025 1128 ejusdem
1047 1088 1236 1123 I'rioratus,
1262 1092 1296 1119 et
1318 1088 1361 1119 ad
1383 1088 1615 1128 recipiendum
1636 1086 1679 1118 ab
1701 1086 1817 1118 eodem

283 1130 330 1158 fol,
345 1130 404 1156 76b.
431 1130 585 1162 debitum
601 1131 644 1162 ad
659 1142 698 1162 ea
712 1132 946 1172 juramentum
963 1131 1054 1172 quod
1069 1131 1204 1163 inutilia
1220 1131 1321 1162 dictis
1338 1130 1524 1168 Prior-atui,
1542 1130 1665 1169 Priori,
1685 1133 1718 1161 et
1735 1129 1819 1161 Con-

428 1175 546 1206 ventui
571 1174 766 1206 nullatenus
792 1173 982 1206 excercebit
1006 1185 1066 1205 nec
1092 1173 1302 1215 procurabit,
1330 1184 1390 1205 nec
1416 1173 1585 1205 excerceri
1610 1173 1809 1214 permittet;

429 1217 538 1258 fidele,
564 1218 714 1258 insuper,
742 1217 979 1249 Inventarium
1002 1227 1063 1257 per
1086 1217 1320 1256 Indenturam,
1348 1217 1556 1257 quamcicius
1580 1216 1653 1247 fieri
1678 1216 1817 1257 poterit,

430 1260 596 1299 conficiet,
619 1261 711 1302 quod
730 1261 764 1291 in
785 1261 850 1292 fine
872 1260 1058 1301 cujuslibet
1077 1261 1154 1292 anni
1178 1260 1336 1295 Domino,
1361 1264 1420 1290 aut
1442 1259 1637 1300 deputando
1659 1269 1719 1299 per
1740 1269 1818 1289 eun-

426 1304 512 1344 dem,
537 1308 571 1336 et
592 1304 796 1344 Gonventui,
821 1304 983 1345 quamdiu
1005 1305 1040 1335 in
1062 1304 1259 1344 hujusmodi
1283 1303 1401 1335 Officio
1425 1304 1570 1339 steterit,
1595 1303 1635 1333 de
1657 1300 1814 1333 omnibus

428 1348 574 1388 receptis
598 1350 632 1378 et
656 1348 813 1388 expensis
836 1347 956 1378 reddet
979 1347 1171 1385 racionem3
1204 1346 1473 1377 contradictores
1497 1348 1532 1377 et
1555 1344 1708 1385 rebelles,
1728 1348 1815 1386 etc,

428 1391 596 1421 Canonice
618 1391 871 1430 compescendi).
921 1391 967 1421 Et
987 1389 1091 1421 habet
1114 1390 1156 1421 ad
1179 1389 1436 1420 certificandum
1457 1389 1653 1425 Dominum,
1677 1392 1737 1418 aut
1759 1388 1815 1417 Οἱ-

426 1433 569 1465 ficialem
590 1433 829 1475 Principalem,
850 1431 941 1464 infra
958 1434 1084 1475 viginti
1102 1433 1173 1464 dies
1193 1436 1273 1473 post
1290 1433 1523 1473 recepcionem
1543 1431 1625 1463 dicti
1646 1431 1814 1467 Mandati,

428 1488 495 1507 una
512 1487 587 1507 cum
606 1477 705 1508 modo
723 1481 757 1507 et
774 1478 879 1507 forma
901 1477 1113 1507 execucionis
1131 1488 1168 1507 ac
1187 1481 1303 1507 tenore
1323 1477 1446 1517 prioris
1464 1475 1620 1506 Mandati
1640 1474 1721 1505 alias
1741 1473 1813 1503 Ma-

427 1520 534 1561 gistro
552 1519 627 1551 Ade
647 1519 777 1561 Sparke
794 1520 889 1551 missi
907 1520 942 1550 in
958 1519 1022 1550 hac
1041 1523 1150 1561 parte,
1171 1529 1233 1561 per
1249 1519 1384 1551 Literas
1402 1530 1480 1550 suas
1498 1522 1667 1559 patentes,
1689 1522 1752 1549 ete.

387 1584 535 1633 Chapel
550 1597 559 1630 3
589 1584 748 1620 Liccnce
769 1590 803 1620 to
824 1583 1069 1627 celebrate,—

383 1638 484 1679 Item,
508 1637 635 1669 eisdem
657 1638 711 1669 die
734 1641 768 1669 et
789 1637 874 1675 loco,
900 1637 1068 1669 Dominus
1092 1636 1258 1667 concessit
1282 1636 1474 1667 Licenciam
1498 1635 1645 1666 Domino
1668 1635 1814 1666 Ricardo

430 1682 609 1720 Sereeaux,
627 1681 744 1720 Militi,
765 1684 799 1712 et
816 1682 890 1721 ejus
906 1681 1014 1715 uxori,
1035 1679 1125 1720 quod
1141 1679 1273 1720 possint
1292 1679 1412 1717 facere,
1433 1682 1496 1710 etc.
1515 1691 1521 1716 ;
1546 1689 1687 1715 necnon,
1707 1679 1741 1709 in
1760 1677 1815 1709 ab·

428 1725 541 1756 sencia
559 1724 754 1761 eorundem,
775 1734 836 1764 pro
854 1723 970 1755 liberis
989 1728 1023 1755 et
1042 1722 1172 1754 familia
1191 1722 1395 1759 eorundem3
1422 1722 1456 1752 in
1475 1720 1614 1762 Capella
1633 1722 1721 1753 infra
1741 1721 1812 1752 Ma-

426 1769 557 1799 nerium
584 1768 735 1808 ipsorum
761 1767 801 1799 de
828 1766 991 1808 Kilquide
1018 1766 1191 1807 [Kilquita
1218 1776 1256 1797 01·
1285 1765 1468 1807 Colqzfflv]
1497 1766 1588 1796 infra
1613 1763 1817 1796 Parochiam

427 1812 553 1844 Sancte
578 1809 735 1851 Mabene,
766 1811 801 1841 in
829 1808 1012 1848 cornubia,
1043 1810 1220 1848 situatum,
1253 1813 1341 1846 etc.;
1378 1808 1542 1850 quamdiu
1569 1808 1716 1839 Domino
1744 1806 1813 1848 pla-

427 1855 548 1895 cuerit,
571 1857 635 1886 etc.

390 1921 421 1957 A
448 1918 656 1956 rebellious
682 1918 796 1955 Friar
813 1931 821 1963 3
840 1918 1080 1955 fllemdatmn
1100 1931 1175 1965 pro
1201 1916 1458 1953 abusionibus
1481 1916 1716 1965 perpetratis
1739 1930 1812 1965 per

442 1974 623 2009 Fratrem
653 1972 882 2009 illm-tinum
907 1971 1142 2017 Ilctlscombc,
1176 1970 1341 2008 Ordinis
1370 1971 1562 2007 Fratrum
1590 1970 1811 2007 Predicato-

439 2041 596 2072 rum,—

383 2081 540 2113 'l'lwmas⁸
559 2084 637 2115 etc,
655 2078 904 2109 Archidiacono
921 2078 1061 2111 Exonio.
1079 2077 1133 2107 vel
1148 2078 1222 2117 ejus
1238 2076 1393 2111 Officiali,
1412 2076 1567 2115 salutem,
1586 2076 1818 2117 etc—Nuper

427 2123 680 2161 Sanctissimus,
700 2125 780 2159 etc„
798 2121 966 2152 Dominus
983 2119 1156 2161 Urbanus,
1176 2121 1303 2152 Divina
1321 2120 1546 2151 Providencia
1564 2120 1660 2161 Papa
1677 2119 1812 2156 Sextus,

426 2166 543 2198 volens
565 2165 735 2206 Populum
755 2164 984 2205 Anglicanum
1006 2164 1046 2195 de
1067 2162 1238 2195 erroribus
1260 2162 1453 2194 enormibus
1476 2173 1537 2203 per
1558 2162 1727 2203 quendam
1748 2162 1812 2192 Ro-

422 2209 569 2245 bertum,
590 2208 812 2250 Antipapam,
835 2207 892 2247 qui
912 2217 997 2238 ausu
1012 2207 1193 2238 temerario
1213 2218 1247 2238 se
1266 2206 1474 2238 Clementem
1494 2207 1623 2247 Papam
1643 2206 1808 2240 nominat,

424 2257 544 2285 contra
567 2252 687 2285 Sedem
707 2251 943 2293 Apostolicam
965 2254 1000 2282 et
1021 2249 1164 2281 eundem
1187 2249 1372 2281 Dominum
1394 2248 1586 2287 Urbanum,
1612 2249 1742 2280 dudum
1763 2251 1811 2279 at-

424 2296 612 2337 temptatis,
633 2295 793 2327 devocius
810 2294 999 2332 informari,
1018 2293 1237 2325 Reverendis.
1258 2296 1335 2327 eto,
1354 2290 1621 2333 Archiepiscopo
1635 2292 1811 2324 Cantuari-

422 2340 505 2376 ensi,
533 2339 723 2380 Episcopis,
752 2342 787 2370 et
812 2338 932 2369 ceteris
958 2337 993 2368 in
1017 2337 1136 2377 Regno
1162 2334 1287 2375 Anglie
1314 2335 1472 2375 Prelatis,
1502 2336 1571 2367 suis
1597 2336 1751 2376 precepit
1776 2339 1810 2366 et

424 2383 519 2415 dedit
550 2383 676 2414 Literis
708 2383 743 2413 in
774 2380 947 2413 mandatis
979 2380 1021 2411 ad
1054 2379 1299 2421 predicandum
1331 2383 1449 2410 contra
1482 2380 1676 2420 iniquitatis
1708 2379 1805 2411 filios,

422 2425 622 2461 Robertum,
644 2425 854 2465 Antipapani
875 2423 1122 2464 supradictum,
1144 2427 1178 2454 et
1197 2423 1271 2463 ejus
1291 2421 1471 2462 complices
1491 2425 1524 2453 et
1544 2432 1713 2462 sequaces,
1735 2431 1808 2452 nec-

420 2480 487 2501 non
513 2468 700 2506 credentes,
727 2470 970 2508 receptatores,
997 2470 1030 2498 et
1056 2466 1207 2497 fautores
1233 2475 1360 2505 eorum,
1390 2475 1586 2505 erroresque
1613 2475 1739 2497 eorum.
1769 2475 1806 2496 ac

422 2511 602 2544 nonnullos
631 2511 826 2549 Processus,
860 2509 1066 2547 Sentencias,
1099 2513 1133 2540 et
1162 2508 1342 2543 Censuras
1374 2518 1436 2549 per
1463 2508 1593 2540 dictum
1623 2508 1808 2539 Dominum

420 2554 599 2588 Urbanum
618 2557 737 2585 contra
754 2553 846 2593 ipsos
865 2551 1001 2584 habitos
1020 2556 1054 2583 et
1073 2550 1236 2592 prolatos,
1257 2549 1501 2590 publicandum
1520 2555 1554 2582 et
1572 2551 1806 2592 exponendum

422 2598 655 2639 sollempniter
669 2597 705 2627 in
719 2596 855 2637 vulgari
870 2607 877 2634 ;
901 2594 1024 2636 quibus
1040 2595 1166 2626 Literis
1182 2598 1216 2626 et
1232 2593 1408 2625 Mandatis
1422 2597 1493 2625 tam
1512 2593 1623 2625 dictus
1641 2593 1807 2625 Dominus

424 2640 711 2681 Archiepiscopus
740 2649 843 2680 quam
871 2649 932 2670 nos
960 2642 995 2670 et
1022 2637 1219 2670 Confratres
1246 2637 1354 2668 nostri
1384 2636 1560 2669 humiliter
1587 2637 1621 2668 in
1651 2634 1805 2668 omnibus

418 2683 654 2725 obsequentes,
672 2682 857 2714 devocione
872 2685 906 2713 et
922 2680 1102 2721 diligencia
1118 2678 1242 2721 quibus
1258 2680 1433 2720 potuimus
1450 2684 1483 2711 et
1500 2678 1677 2710 debuimus
1694 2678 1806 2709 onmia

421 2726 517 2758 nobis
539 2727 573 2757 in
595 2737 633 2757 ea
653 2729 750 2766 parte
771 2724 977 2756 demandata.
989 2733 1048 2764 pei·
1064 2734 1124 2753 nos
1137 2727 1171 2753 et
1183 2726 1317 2753 nostros
1330 2722 1372 2753 ad
1386 2722 1523 2762 plenum
1536 2723 1668 2753 executi
1682 2721 1806 2752 fuimus

419 2772 624 2808 reverenter,
653 2767 869 2809 populusque
895 2765 993 2798 nobis
1019 2765 1177 2798 subditus
1203 2769 1238 2797 et
1264 2765 1439 2806 subjectus
1466 2766 1584 2797 eadem
1609 2764 1805 2797 obedienter

421 2812 663 2845 intellexerunt
690 2815 725 2844 et
751 2811 896 2843 firmiter
924 2809 1151 2849 crediderunt,
1184 2809 1313 2841 dictum
1342 2809 1528 2841 Dominum
1558 2812 1713 2840 nostrum
1740 2806 1804 2839 Ur-
