1987 3062
149 394 183 421 A.
189 395 224 422 D.

151 429 223 454 1384.

153 461 211 487 Vol.
234 461 256 487 1.

148 2729 194 2755 fol.

149 2764 205 2789 130.

464 293 748 327 REGISTRUM
790 293 1240 327 OOMMUNE-——ANNO
1270 285 1360 328 150.
1592 284 1684 331 547

304 400 423 429 mento
440 399 588 431 firmiter
604 409 639 431 se
656 399 829 435 astrinxit,
846 401 926 439 post
941 400 977 429 et
993 400 1115 430 contra
1131 398 1385 430 Inhibicionem
1398 401 1553 430 nostram
1565 400 1683 440 hujus-

304 443 408 481 modi,
422 443 488 473 sibi
505 444 621 475 debite
636 444 847 482 intimatam,
860 453 930 473 non
940 443 1053 473 solum
1065 443 1085 473 J
1088 453 1160 481 ura,
1171 443 1375 482 Libertates,
1387 446 1422 474 et
1434 444 1620 483 Privilegia
1631 454 1683 474 su-

303 487 471 526 pradicta,
496 488 561 518 sibi
584 490 678 527 nota,
703 489 869 526 minuere,
894 497 1012 528 ymmo
1036 487 1176 517 omnino
1201 487 1389 526 destruere,
1414 489 1606 527 satagebat,
1632 490 1684 518 set

304 531 424 570 eciam,
442 532 486 561 ad
503 542 544 562 ea
560 542 625 572 que
643 533 687 562 ad
702 542 765 562 nos
783 533 824 563 de
839 532 916 572 jure
934 531 1120 569 communi,
1138 531 1231 561 dicta
1247 534 1367 562 nostra
1384 532 1596 562 Visitacione
1621 533 1683 561 ini-

305 575 341 605 bi
356 576 512 606 nondum
536 577 683 616 expleta,
701 577 811 607 solum
836 578 872 606 et
895 576 931 605 in
955 576 1103 606 solidum
1127 575 1261 606 notorie
1285 576 1460 615 pertinere
1482 578 1683 614 noscuntur,

305 620 509 650 temerarias
524 631 649 651 manus
665 630 853 661 apponens,
870 620 968 650 vobis
984 622 1080 650 certa
1096 620 1204 659 ipsius
1229 620 1395 650 Mandata
1419 630 1522 660 super
1545 621 1683 660 quibus-

306 662 387 693 dam
418 665 566 695 notoriis
597 665 805 703 excessibus,
837 667 909 694 tam
940 664 976 694 in
1009 664 1164 694 Ecclesia
1188 664 1381 703 Collegiata
1406 664 1532 695 Sancte
1565 664 1686 695 Crucis

306 707 497 739 Criditonie
510 711 546 739 et
562 709 599 738 111
609 709 702 740 Villa
714 709 881 749 ejusdem,
895 718 998 749 quam
1008 709 1045 738 in
1057 708 1207 739 Civitate
1221 708 1352 738 Exonie
1363 709 1530 748 predicta,
1547 709 1685 739 noviter

304 753 524 792 perpetratis,
548 763 610 792 per
632 763 695 784 nos
726 753 968 783 tantummodo
999 753 1091 782 dicte
1123 752 1347 782 Visitacionis
1378 755 1496 783 nostre
1527 755 1683 792 tempore

304 796 498 835 puniendis,
515 797 652 836 publice
669 798 869 837 exequenda
885 797 1022 835 direxit,
1039 797 1075 826 in
1091 797 1203 826 nostri
1220 799 1460 836 contemptum
1478 799 1513 827 et
1531 797 1683 827 Ecclesie

304 843 432 879 nostre,
450 851 490 871 ac
506 841 731 872 Visitacionis
746 841 1008 872 Jurisdiccionis
1032 840 1168 880 prefate
1192 841 1368 871 notorium
1392 841 1684 880 impedimentum

303 893 344 914 ac
359 884 524 925 injuriam
539 886 763 916 manifestam
772 899 779 923 ;
804 895 950 925 quorum
965 887 1129 924 pretextu
1144 885 1236 915 idem
1254 885 1445 924 Episcopus
1458 887 1531 915 tam
1548 887 1685 915 reatum

303 928 449 968 perjurii
471 939 574 969 quam
591 929 682 960 dicte
700 928 1081 960 Excommunicacionis
1100 928 1321 959 Sentenciam
1344 939 1407 968 per
1430 939 1492 959 nos
1516 929 1624 959 latam
1649 939 1684 960 se

304 972 491 1004 incurrisse
528 974 658 1013 poterit
688 984 757 1004 non
788 974 965 1004 immerito
996 973 1204 1010 formidare;
1236 983 1309 1011 nos,
1341 973 1450 1004 tantis
1481 973 1617 1004 malicie
1649 976 1685 1003 et

304 1016 422 1055 errori,
447 1017 506 1056 qui
536 1017 573 1047 in
603 1018 750 1048 aliorum
781 1017 977 1048 redundare
1007 1019 1174 1056 poterunt
1204 1017 1436 1056 perniciosum
1477 1018 1684 1057 exemplum,

304 1060 461 1091 volentes
485 1064 655 1101 quatenus
678 1072 863 1101 possumus
887 1061 1036 1099 obviare,
1060 1071 1132 1099 vos,
1157 1071 1276 1091 omnes
1301 1063 1336 1091 et
1360 1061 1524 1101 singulos,
1549 1064 1584 1092 et
1608 1062 1685 1091 illos

305 1104 349 1134 ad
380 1114 525 1144 quorum
550 1106 717 1137 noticiam
748 1108 927 1145 presentes
960 1106 1095 1135 Literas
1119 1108 1257 1135 nostras
1281 1106 1462 1144 pervenire
1487 1106 1684 1145 contigerit,

304 1148 426 1187 primo,
444 1150 605 1188 secundo,
622 1152 658 1180 et
673 1151 781 1181 tercio
798 1160 838 1181 ac
850 1150 1093 1190 peremptorie,
1112 1150 1335 1180 Presencium
1352 1152 1473 1180 tenore
1492 1160 1684 1187 monemus,

304 1193 470 1232 vobisque
487 1194 635 1224 firmiter
650 1195 858 1232 inhibemus,
876 1204 916 1224 ac
943 1204 1005 1233 per
1020 1203 1081 1224 vos
1108 1193 1372 1224 Archidiaconis
1395 1196 1457 1224 aut
1475 1194 1686 1224 Officialibus

304 1236 480 1275 predictis,
498 1238 648 1268 subditis
664 1239 800 1276 vestris,
815 1239 976 1269 similiter
991 1238 1151 1268 volumus
1175 1238 1335 1275 inhiberi,
1360 1248 1403 1267 ne
1427 1238 1503 1278 quis
1527 1240 1685 1268 Vestrum

306 1282 368 1310 aut
391 1290 511 1311 eorum
536 1282 702 1312 Mandata
733 1283 817 1313 dicti
849 1282 1021 1322 Episcopi,
1052 1282 1161 1319 vobis,
1186 1283 1226 1311 ut
1256 1281 1442 1321 prefertur,
1468 1282 1609 1320 directa,
1625 1292 1685 1312 5011

306 1324 545 1364 imposterum,
562 1327 719 1365 predicta
734 1329 854 1357 nostra
865 1326 1076 1357 Visitacione
1090 1326 1248 1363 durante,
1262 1326 1298 1355 in
1309 1326 1480 1356 similibus
1493 1326 1684 1364 dirigenda,

307 1378 382 1407 que,
415 1371 450 1399 et
481 1370 598 1400 omnia
628 1370 709 1401 iude
740 1373 869 1409 secuta,
901 1380 1047 1407 exnunc,
1080 1372 1200 1400 tenore
1224 1370 1447 1400 Presencium
1471 1380 1684 1408 revocamuS,

307 1422 494 1451 cassamus,
519 1414 750 1453 annullamus,
768 1417 803 1445 et
819 1415 1009 1452 irritamus,
1027 1424 1066 1444 ac
1082 1414 1214 1444 Viribus
1238 1423 1356 1444 carere
1381 1414 1609 1452 decernimus,
1624 1424 1686 1454 per

307 1465 342 1486 se
358 1457 413 1487 vel
430 1457 537 1487 alium
554 1459 675 1498 exequi
692 1459 916 1498 quovismodo
932 1460 1121 1498 presumat,
1139 1468 1199 1488 seu
1224 1458 1341 1488 tradat
1357 1458 1458 1488 alteri
1475 1459 1684 1498 exequenda,

305 1502 366 1530 aut
383 1501 536 1540 publicet
553 1512 614 1532 seu
630 1503 738 1533 faciat
753 1503 932 1542 publicari,
951 1503 1014 1533 sub
1038 1512 1128 1542 pena
1153 1502 1416 1532 Sentenciarum
1442 1503 1684 1532 Excommuni-

305 1545 456 1575 cacionis
488 1546 640 1586 Majoris,
672 1557 774 1586 quam
806 1548 842 1577 in
873 1550 1030 1577 vestrum
1061 1548 1097 1577 et
1127 1546 1265 1576 illorum
1296 1547 1490 1585 singulares
1520 1556 1686 1586 personas

306 1589 519 1619 contrarium
536 1591 716 1629 facientes,
734 1601 868 1622 necnon
885 1594 921 1621 et
945 1591 1129 1621 Interdicti
1154 1600 1257 1630 quam
1282 1590 1318 1620 111
1343 1591 1534 1621 Ecclesiam
1560 1591 1683 1621 Cathe-

307 1633 438 1663 dralem
452 1636 487 1664 et
502 1634 691 1665 Civitatem
707 1636 892 1674 predictas,
904 1645 944 1666 ac
961 1635 1077 1665 onmia
1094 1638 1129 1664 et
1145 1635 1283 1673 singula
1300 1635 1473 1665 Ecclesias
1490 1637 1525 1665 et
1543 1635 1633 1665 Loca
1648 1635 1685 1665 in

306 1677 431 1716 quibus
456 1678 622 1708 Mandata
646 1679 730 1709 dicti
754 1679 915 1719 Episcopi
940 1679 1139 1718 supradicta
1162 1679 1349 1718 contigerit
1372 1679 1552 1718 publicari,
1577 1689 1684 1717 mora,

307 1721 395 1758 (1010,
413 1731 474 1751 seu
490 1723 591 1762 culpa
607 1724 733 1754 vestris
750 1726 811 1753 aut
827 1724 898 1754 suis
914 1724 950 1753 in
967 1733 1007 1753 ea
1023 1726 1122 1762 parte
1146 1723 1424 1762 precedentibus,
1449 1726 1484 1753 et
1510 1723 1685 1753 Canonica

306 1767 426 1795 nostra
450 1766 649 1806 hujusmodi
675 1768 869 1798 Monicione
899 1768 1077 1807 premissa,
1102 1767 1248 1797 ferimus
1272 1767 1307 1796 in
1333 1767 1398 1797 hiis
1424 1767 1580 1806 Scriptis.
1628 1767 1683 1804 Et,

305 1809 386 1848 quia
402 1818 563 1840 excessus
579 1812 732 1842 notorios
749 1812 943 1842 antedictos
959 1811 1073 1851 parati
1098 1821 1227 1848 sumus,
1251 1815 1354 1850 prout
1377 1811 1434 1851 jus
1458 1811 1565 1850 exigit
1582 1814 1617 1841 et
1641 1811 1685 1841 ad

305 1862 369 1883 nos
384 1854 547 1892 pertinet,
561 1855 732 1886 Canonice
746 1857 918 1895 corrigere
930 1858 965 1886 et
978 1856 1111 1895 punire,
1122 1855 1229 1892 vobis,
1244 1856 1476 1885 communiter
1487 1859 1522 1885 et
1535 1855 1683 1893 divisim,

304 1898 556 1929 committimus
581 1902 626 1937 et,
658 1900 694 1929 in
725 1900 856 1930 virtute
889 1900 1015 1930 Sancte
1048 1899 1255 1930 Obediencie
1281 1899 1428 1929 firmiter
1458 1899 1683 1939 injungendo,

304 1941 511 1972 mandamus
524 1944 688 1982 quatinus
705 1944 747 1974 de
764 1944 962 1974 nominibus
979 1947 1015 1974 et
1032 1943 1295 1983 cognominibus
1312 1944 1591 1983 delinquencium
1608 1953 1683 1982 pre-

305 1984 479 2015 dictorum
496 1987 684 2026 diligenter
700 1990 735 2018 et
752 1989 885 2019 solicite
902 1988 1097 2028 inquiratis,
1115 1998 1155 2018 ac
1172 1987 1213 2017 de
1231 1987 1285 2017 die
1310 1987 1523 2027 recepcionis
1540 1988 1683 2017 Presen-

304 2029 407 2067 cium,
425 2032 460 2060 et
478 2031 559 2070 quid
576 2032 731 2062 feceritis
747 2033 783 2062 in
800 2033 988 2072 premissis,
1006 2042 1069 2062 nos
1086 2032 1174 2062 citra
1192 2032 1333 2062 Festum
1357 2031 1483 2062 Sancte
1501 2032 1683 2062 Trinitatis

302 2074 458 2111 proximo
489 2075 659 2114 futurum,
690 2086 761 2106 una
798 2087 876 2107 cum
908 2076 1107 2106 nominibus
1138 2078 1173 2106 et
1197 2076 1460 2115 cognominibus
1484 2076 1683 2115 hujusmodi

303 2116 591 2158 delinquencium,
617 2121 817 2151 certificetis
842 2121 968 2150 Literis
989 2121 1115 2150 vestris
1136 2120 1337 2159 patentibus
1358 2120 1566 2149 habentibus
1590 2120 1682 2150 hunc

302 2161 470 2192 tenorem.
502 2162 644 2194 Proviso
652 2165 742 2204 quod
751 2165 826 2204 quis
837 2167 992 2194 vestrum
1003 2174 1146 2204 presens
1156 2164 1359 2193 Mandatum
1369 2164 1481 2202 primo
1500 2164 1681 2203 receperit,

302 2207 440 2234 retenta
455 2205 535 2236 inde
553 2207 618 2236 sibi
636 2209 743 2247 copia,
761 2209 795 2238 id
809 2209 867 2238 alii
881 2219 950 2238 non
960 2209 1103 2238 habenti
1113 2208 1332 2237 transmittat
1341 2208 1500 2237 celeriter
1512 2218 1680 2247 exequen-

302 2247 571 2279 dum.-—Datum
602 2252 694 2290 apud
719 2252 916 2291 Honytonc,
941 2253 1032 2281 dicte
1058 2252 1262 2282 Exoniensis
1294 2252 1458 2289 Diocesis,
1482 2252 1602 2291 xiiijwo
1626 2252 1681 2282 die

301 2292 432 2322 mensis
446 2293 537 2331 Maii,
555 2295 656 2324 Anno
674 2296 811 2325 Domini
830 2296 891 2325 Mo.
910 2296 1040 2326 CCCmo
1057 2296 1181 2324 lxxxnw
1205 2298 1337 2334 quarto,
1355 2298 1391 2325 et
1415 2298 1532 2325 nostre
1557 2295 1680 2325 Trans-

302 2335 445 2366 lacionis
461 2338 667 2368 tercio—In
685 2340 784 2379 cujus
800 2340 849 2369 rei
873 2340 1112 2370 testimonium
1137 2339 1289 2377 sigillum
1314 2342 1472 2369 nostrum
1496 2349 1680 2370 commune

303 2379 527 2412 Presentibus
544 2382 704 2412 (luximus
721 2384 1151 2422 apponendum.—Datum
1167 2383 1203 2412 in
1223 2383 1333 2413 Domo
1350 2386 1469 2413 nostra
1487 2383 1678 2422 Capitulari

302 2423 426 2454 ultimo
443 2425 497 2454 die
514 2427 644 2457 mensis
662 2427 743 2457 Maii
759 2427 925 2466 predicto,
943 2428 1044 2457 Anno
1062 2427 1201 2457 Domini
1219 2427 1428 2466 supradicto

306 2466 498 2505 Appellacio
510 2470 647 2499 Domini
663 2471 861 2501 Eromssesnsis
878 2472 917 2501 ab
934 2471 1043 2501 eodem
1061 2482 1116 2508 9111
1126 2481 1159 2500 ra
1167 2471 1253 2500 mine
1272 2469 1328 2510 [in
1344 2481 1361 2499 (1
1382 2471 1465 2500 Inter
1483 2469 1648 2510 hand]—

322 2512 388 2541 DEI
406 2512 566 2551 NOMINE,
583 2514 741 2544 AMEN.->
750 2515 873 2545 Coram
890 2515 997 2553 vobis,
1010 2515 1188 2545 autentica
1198 2525 1355 2554 persona,
1367 2515 1512 2545 Notario
1526 2515 1677 2553 Publice,

302 2557 337 2584 et
354 2556 502 2586 testibus
518 2557 702 2597 fidedignis
718 2559 773 2589 hic
788 2559 1018 2598 presentibus,
1036 2569 1109 2598 ego,
1128 2559 1319 2589 Vv'illelmus
1337 2559 1490 2595 Uoltone,
1503 2559 1544 2589 de
1557 2559 1676 2597 Ledcs,

302 2599 457 2637 clericus,
475 2600 702 2632 Eboracensis
719 2603 882 2641 Diocesis,
900 2604 1108 2633 Procurator
1136 2605 1171 2632 et
1188 2603 1430 2632 Procuratorio
1447 2603 1586 2633 nornine
1611 2603 1675 2633 Ve-

302 2643 476 2681 nerabilis,
499 2647 575 2683 eto,
600 2646 738 2675 Domini
763 2647 903 2684 Thonie,
929 2648 991 2677 Dei
1015 2647 1131 2685 gracia
1154 2647 1358 2676 Exoniensis
1393 2647 1564 2686 Episcopi,
1590 2647 1676 2684 (1100,

301 2687 422 2726 allegO,
436 2690 471 2717 et
488 2688 523 2718 in
540 2689 606 2720 hiis
619 2690 763 2729 Scriptis
776 2701 929 2729 propono
942 2691 1032 2729 quod
1047 2691 1139 2720 idom
1152 2690 1369 2720 Venerabilis
1383 2691 1496 2727 Pater,
1509 2691 1677 2721 Dominus

304 2731 462 2769 Thomas,
482 2732 686 2764 Exoniensis
710 2734 910 2773 Episcopus,
927 2735 996 2764 fuit
1013 2738 1048 2764 et
1065 2737 1117 2764 est
1134 2735 1265 2764 (lictum
1287 2734 1533 2773 Episcopatum
1552 2735 1675 2764 Exoni-

303 2785 431 2813 ensem,
457 2786 535 2806 cum
560 2778 720 2808 omnibus
745 2779 816 2808 suis
838 2778 974 2818 juribus
998 2782 1033 2808 et
1056 2778 1282 2816 pertinenciis
1305 2778 1485 2815 universis,
1504 2778 1675 2808 Canonice

302 2821 492 2858 assecutus,
500 2821 681 2861 ipsumque
693 2822 740 2852 sic
749 2826 947 2853 assecutum
955 2832 1017 2861 per
1025 2832 1093 2851 non
1104 2822 1239 2851 modica
1250 2824 1408 2861 tempora
1420 2822 1574 2861 possedit
1584 2823 1675 2861 paci-

302 2863 365 2893 fice
381 2866 416 2893 et
433 2864 564 2903 quiete;
582 2866 750 2907 quodque,
767 2869 840 2897 tam
858 2866 899 2897 de
915 2866 992 2908 jure
1009 2875 1171 2897 commun
1184 2866 1300 2907 iquain
1311 2866 1420 2897 eciam
1432 2866 1473 2897 de
1485 2866 1675 2897 Consuetu-

282 2906 394 2955 2M2
