1987 3062
353 230 447 273 434
563 240 661 272 THE
695 239 934 272 REGISTER
972 238 1030 270 or
1067 237 1242 271 BIsHOP
1278 235 1675 270 BRANTYNGHAM.

352 342 429 402 &31³0-
519 358 629 392 super
647 344 925 392 decapitacz'one
944 343 1153 381 Presbiteri
1174 343 1214 381 in
1232 343 1437 388 Cornubz'a,
1456 342 1576 379 tribus
1591 338 1883 378 Archidz'ctconz's

354 410 457 436 V01.1.
519 399 771 444 directum,—

464 451 616 491 Thomas,
634 456 706 491 etc„
724 452 859 491 Exonie,
877 452 1043 488 Tottonie,
1062 454 1096 482 et
1120 451 1376 491 Barnastapolie,
1400 451 1434 481 in
1458 449 1603 481 Ecclesia
1626 450 1739 479 nostra
1761 447 1881 478 Exoni-

507 497 576 526 ensi
607 496 863 533 Archich'aoonis,
897 498 956 526 aut
987 506 1101 526 eorum
1128 495 1340 533 Officialibus,
1367 495 1519 532 salutem,
1547 496 1606 524 etc.
1616 492 1729 522 —Non
1757 491 1882 530 absque

507 540 613 570 cordis
645 539 755 569 dolore
788 543 822 569 et
854 539 1046 569 tm-bacione
1073 539 1275 578 gravissima,
1308 538 1437 568 sceleris
1468 536 1668 567 notorietate
1706 534 1882 565 manifeste

506 582 683 612 didicimus
700 583 789 622 quod
813 582 951 622 quidam
973 583 1143 613 Johannes
1166 582 1349 619 Browdrer,
1365 591 1512 611 asserens
1536 590 1570 610 se
1594 579 1800 610 Servientem
1818 577 1881 607 Do-

507 626 589 656 mini
613 627 717 656 nostri
742 626 839 665 Regis
863 626 903 656 ad
927 636 1029 663 arma,
1055 635 1130 656 cum
1154 625 1322 655 nonnullis
1346 624 1418 654 aliis
1445 623 1549 664 ipsius
1576 621 1738 654 Johannis
1761 621 1793 651 in
1822 620 1882 650 hac

508 672 602 709 parte
619 669 844 708 complicibus,
865 679 1008 708 quorum
1025 669 1158 699 nomina
1175 672 1211 699 et
1227 678 1380 709 personas
1396 668 1437 698 ad
1456 677 1588 707 presens
1606 666 1739 705 penitus
1755 664 1881 703 ignora-

509 723 593 749 mus,
608 713 697 752 apud
711 713 833 743 Villam
850 713 891 742 de
907 712 1146 752 Trevarthyan,
1161 712 1247 742 infra
1266 711 1456 741 Parochiam
1475 710 1589 741 Sancti
1606 708 1737 739 Hillarii
1754 708 1786 738 in
1805 708 1881 738 Cor-

508 756 610 786 nubia
635 756 806 793 situatam,
826 756 993 796 quendam
1020 755 1199 786 Dominum
1224 755 1410 785 Walter-um
1433 754 1563 791 Sancre,
1581 753 1615 783 in
1638 751 1881 783 Presbiteratus

509 799 633 829 Ordine
649 799 777 830 notorie
794 799 1028 836 constitutum,
1048 802 1220 839 vestesque
1243 803 1277 829 et
1301 802 1471 828 tonsuram
1488 796 1650 827 clericales
1675 795 1805 835 publice
1828 794 1882 824 de-

508 843 682 880 ferentem,
699 843 823 883 absque
840 853 937 873 causa
952 842 1150 880 racionabili,
1168 842 1255 882 cepit
1270 842 1440 879 violenter,
1457 841 1490 870 in
1507 850 1583 870 casu
1600 839 1662 870 sibi
1685 849 1703 868 a
1726 838 1800 878 jure
1817 847 1882 867 non

509 886 679 925 permisSO,
695 890 729 917 et
745 887 849 916 sciens
866 896 943 916 eum
966 896 1035 916 esse
1059 886 1223 923 clericum,
1249 895 1433 924 manusque
1456 894 1531 914 suas
1556 883 1597 913 ad
1621 883 1757 912 dorsum
1781 881 1885 921 ipsius

509 929 736 959 inhumaniter
752 929 876 969 ligavit,
895 932 929 959 et
945 930 1158 969 postmodum
1177 929 1249 969 ejus
1265 928 1372 968 capud
1389 937 1464 958 cum
1482 927 1599 967 gladio,
1617 936 1700 956 ausu
1717 925 1882 964 sacrilegO,

508 973 720 1012 amputavit;
745 983 782 1003 ac
805 973 941 1003 demum
965 973 1075 1012 ipsum
1098 973 1214 1012 capud,
1239 982 1275 1002 ac
1298 972 1325 1002 si
1348 971 1468 1002 fuisset
1491 969 1751 1010 nephandissimi
1775 967 1883 1007 prodi-

509 1016 599 1053 toris,
624 1016 776 1056 quamvis
799 1026 898 1056 super
921 1016 1013 1046 nullo
1037 1016 1173 1045 crimine
1197 1016 1346 1045 irretitus
1370 1018 1420 1045 set
1443 1014 1527 1044 bone
1550 1013 1637 1043 fame
1661 1014 1695 1042 et
1720 1011 1883 1051 opinionis

508 1059 598 1089 illese
614 1059 797 1089 secundum
815 1059 1061 1099 reputacionem
1078 1059 1246 1098 vulgarem
1270 1058 1437 1095 extiterat,
1454 1067 1554 1096 supra
1578 1056 1708 1086 hastam
1731 1055 1772 1085 ad
1798 1054 1883 1086 Civi-

510 1105 614 1132 tatem
633 1103 879 1133 Londoniarum
898 1102 976 1132 fecit
993 1102 1123 1142 publice
1139 1105 1173 1132 et
1189 1102 1392 1131 horribiliter
1415 1100 1590 1140 deportari.
1637 1099 1735 1130 Unde
1752 1108 1817 1128 non
1835 1101 1885 1127 est

509 1146 650 1176 dubium
669 1146 797 1176 dictum
815 1144 1002 1175 Johaunem
1020 1146 1203 1183 Browdrer,
1220 1155 1296 1175 cum
1314 1144 1468 1174 omnibus
1485 1147 1518 1173 et
1535 1143 1672 1182 singulis
1689 1141 1757 1172 suis
1773 1141 1806 1171 in
1825 1141 1885 1171 hac

511 1192 604 1229 parte
635 1189 861 1229 complicibus,
889 1188 1090 1225 consiliariis,
1120 1191 1154 1219 et
1184 1188 1370 1218 fautoribus
1402 1187 1679 1227 quibuscumque,
1710 1195 1785 1215 cum
1818 1195 1884 1215 nou

510 1235 644 1263 careant
655 1233 810 1272 scrupulo
821 1232 987 1262 societatis
1000 1232 1128 1262 occulte
1145 1232 1203 1272 qui
1220 1231 1397 1261 manifesto
1413 1230 1551 1261 facinori
1562 1230 1693 1259 obviare
1704 1228 1835 1266 desunt,
1850 1228 1884 1258 iu

512 1276 647 1316 Majoris
680 1275 1042 1305 Excommunicacionis
1065 1275 1285 1313 Sentenciam,
1310 1275 1381 1314 ipso
1404 1274 1501 1312 facto,
1527 1272 1783 1312 dampnabiliter
1806 1271 1884 1301 inci-

511 1320 606 1349 disse.
657 1320 718 1357 Ne,
737 1319 852 1358 igitur,
865 1319 1034 1349 temeritas
1051 1319 1204 1348 facinoris
1222 1322 1290 1348 tam
1308 1317 1475 1357 nephandi
1492 1317 1555 1347 sub
1571 1316 1704 1346 silencio
1721 1314 1886 1355 pallietur,

510 1367 561 1393 set
577 1363 619 1392 ab
636 1362 830 1402 hujusmodi
846 1362 983 1392 ausibus
995 1362 1160 1401 sacrilegis
1171 1361 1389 1392 cohibeantur
1405 1361 1560 1400 deinceps
1573 1369 1691 1390 manus
1704 1358 1887 1395 temerarie,

509 1406 686 1436 formidine
703 1406 852 1443 ulcionis,
871 1416 952 1445 quas
970 1406 1032 1435 Dei
1048 1405 1235 1435 reverencia
1258 1415 1322 1435 non
1341 1404 1500 1442 cohercet,
1518 1403 1692 1443 presertim
1717 1412 1793 1432 cum
1817 1411 1887 1441 pre-

510 1450 599 1479 dicta
611 1449 722 1479 onmia
738 1449 819 1479 adeo
836 1449 941 1486 nobis,
961 1452 994 1478 et
1009 1449 1222 1479 subditorum
1239 1451 1430 1478 nostrorum
1449 1446 1658 1477 universitati
1674 1450 1742 1476 tam
1760 1445 1888 1475 notoria

509 1493 660 1523 existunt
677 1493 767 1532 quod
792 1492 884 1523 nulla
906 1492 1178 1531 tergiversacione
1202 1491 1297 1522 celari
1322 1494 1482 1531 poterunt
1505 1501 1564 1520 nec
1587 1489 1783 1526 debebunt;
1807 1498 1886 1528 quo-

510 1537 594 1566 circa
610 1536 702 1566 vobis
719 1536 972 1573 committimus,
991 1538 1064 1574 etc„
1082 1536 1242 1575 quatinus
1259 1535 1446 1575 predictum
1463 1534 1708 1571 ‚Jol1a11nen]‚et
1724 1541 1837 1562 omnes
1854 1534 1888 1562 et

510 1580 656 1619 singulos
669 1589 745 1609 suos
756 1579 789 1609 in
808 1579 868 1609 hac
882 1582 974 1618 parte
985 1579 1168 1618 complices,
1183 1578 1392 1613 consiliarios
1408 1582 1441 1608 et
1454 1578 1610 1614 fautores,
1628 1576 1660 1606 111
1675 1575 1809 1615 Majoris
1822 1575 1885 1605 Ex-

510 1622 821 1653 communicacionis
837 1622 1047 1653 Sentenciam
1062 1622 1265 1662 hujusmodi,
1280 1621 1504 1651 occasionibus
1518 1620 1694 1661 premissis,
1707 1618 1887 1657 [incidisse]

512 1666 545 1696 111
563 1666 718 1696 omnibus
732 1670 765 1696 et
781 1665 919 1704 singulis
937 1665 1091 1696 Ecclesiis
1111 1665 1197 1695 infra
1221 1665 1518 1695 Archidiaconatus
1537 1668 1663 1694 vestros
1676 1661 1818 1699 situatis,
1832 1662 1888 1691 ubi

513 1710 689 1749 expediens
706 1709 818 1747 fuerit,
835 1712 1002 1749 quatenus
1019 1710 1059 1739 ad
1077 1712 1226 1739 vestrum
1250 1708 1397 1748 singulos
1420 1707 1552 1745 attinet,
1570 1718 1628 1747 per
1651 1707 1816 1742 Rectores,
1834 1705 1888 1735 Vi-

513 1753 625 1791 carios,
642 1763 678 1783 ac
695 1752 909 1790 Presbiteros,
927 1752 1026 1782 saeris
1043 1752 1178 1782 indutos
1196 1752 1413 1788 vestimentis,
1431 1751 1569 1790 singulis
1594 1749 1718 1780 Diebus
1741 1748 1889 1779 Domini·

514 1796 558 1826 cis
581 1799 615 1826 et
640 1796 791 1833 Festivis,
821 1795 909 1826 intra
934 1795 1110 1825 Missarum
1136 1795 1326 1835 solempnia,
1354 1795 1436 1825 dum
1468 1794 1574 1834 major
1603 1793 1754 1823 intererit
1777 1792 1892 1832 populi

515 1840 710 1877 multitudo,
727 1839 867 1879 pulsatis
883 1839 1060 1878 campanis,
1078 1839 1222 1869 candelis
1238 1838 1380 1869 accensis
1397 1841 1431 1868 et
1447 1838 1487 1868 ad
1506 1838 1645 1868 humum
1665 1835 1891 1875 extinguendo

518 1883 682 1922 projectis,
702 1882 873 1922 Cruceque
890 1885 1006 1920 erecta,
1021 1893 1057 1912 ac
1073 1882 1163 1912 omni
1179 1882 1413 1922 solempnitate
1430 1884 1463 1911 et
1479 1881 1597 1911 rubore
1613 1879 1780 1916 adhibitis,
1795 1878 1890 1908 facia-

515 1927 558 1956 tis
590 1926 720 1966 publice
750 1936 786 1955 ac
817 1925 1032 1964 solempniter
1059 1925 1209 1955 nunciari
1225 1935 1231 1962 3
1270 1936 1288 1954 a
1319 1924 1576 1954 denunciacione
1607 1922 1802 1963 hujusmodi
1825 1932 1891 1952 non

517 1972 681 1999 cessantes
698 1979 871 2008 quousque
888 1968 1027 2008 predicti
1043 1968 1191 2007 sacrilegi
1214 1978 1312 2008 super
1336 1968 1503 2008 premissis
1527 1967 1638 1997 debite
1661 1965 1892 1997 Absolucionis

514 2012 709 2042 beneficium
726 2012 909 2042 meruerint
932 2012 1089 2051 optinere,
1108 2014 1141 2042 et
1164 2012 1253 2041 aliud
1278 2012 1355 2041 inde
1378 2022 1396 2041 a
1419 2011 1514 2041 nobis
1537 2011 1719 2041 habueritis
1742 2009 1776 2039 in
1800 2019 1891 2039 man-

519 2056 615 2086 datis.
662 2056 712 2085 De
736 2055 797 2093 die,
824 2065 911 2093 verO,
935 2055 1133 2094 recepcionis
1158 2055 1380 2093 Presencium,
1405 2065 1532 2084 necnon
1557 2055 1597 2084 de
1614 2054 1712 2084 modo
1729 2056 1763 2083 et
1786 2052 1892 2082 forma

519 2099 724 2129 execucionis
749 2098 900 2128 Maudati
924 2098 1029 2128 nostri
1053 2098 1247 2138 hujusmodi
1271 2108 1329 2138 per
1354 2108 1410 2128 vos
1433 2097 1528 2135 facte,
1553 2108 1623 2135 nos,
1649 2097 1731 2127 citra
1755 2096 1892 2126 Festum

518 2142 648 2172 Natalis
666 2142 800 2172 Domini
818 2141 968 2181 proximo
985 2152 1073 2171 nunc
1089 2142 1255 2179 futurum,
1274 2141 1417 2171 dilucide
1434 2141 1621 2171 certificetis
1632 2140 1749 2171 vestris
1762 2139 1891 2177 Literis,

519 2186 742 2216 etc.—Dated
761 2185 908 2223 Loudon‚
928 2186 967 2215 12
986 2185 1137 2216 October.
1186 2185 1254 2224 [See
1267 2195 1346 2224 page
1365 2185 1435 2222 156,
1451 2185 1511 2214 No.
1531 2183 1646 2222 111.]->-
1663 2183 1764 2220 Item,
1777 2183 1892 2212 eodem

519 2229 582 2266 die,
606 2229 775 2259 consimile
800 2228 997 2258 Mandatum
1021 2228 1188 2258 emanavit
1212 2228 1343 2258 Decano
1360 2231 1395 2258 et
1412 2228 1567 2267 Capitulo
1592 2227 1728 2265 Exonie,
1752 2227 1892 2256 mutatis

520 2272 846 2310 mutandis—Item,
871 2271 977 2302 simile
1001 2271 1211 2309 Mandatum,
1238 2272 1353 2301 eodem
1382 2271 1443 2307 die,
1471 2271 1538 2301 fuit
1565 2270 1730 2301 directum
1756 2270 1893 2300 Officiali

519 2316 750 2346 Archidiaconi
769 2315 944 2353 Cornubie,
963 2325 1022 2354 pro
1038 2315 1233 2345 execuclone
1256 2314 1451 2354 hujusmodi
1468 2314 1617 2344 facienda
1632 2314 1665 2344 in
1684 2314 1837 2344 omnibus
1860 2316 1894 2343 et

519 2359 658 2398 singulis
675 2358 828 2389 Ecclesiis
844 2359 878 2388 in
898 2358 1074 2397 cornubia,
1091 2361 1160 2388 tam
1176 2356 1366 2397 Collegi-atis
1382 2357 1587 2388 secularium
1605 2360 1639 2387 et
1654 2357 1894 2396 Religiosorum

521 2412 621 2442 qnam
640 2402 887 2432 Parochialibus
903 2412 910 2439 ;
935 2405 1004 2431 tam
1027 2401 1276 2432 Jurisdiccionis
1294 2400 1472 2431 Peculiaris
1489 2411 1590 2441 quam
1607 2400 1893 2431 Archidiaconalis

477 2474 533 2510 St.
557 2473 692 2510 Neot's
712 2473 858 2522 Chapel
876 2485 886 2519 3
915 2472 1067 2509 Licence
1087 2479 1123 2510 to
1142 2473 1385 2518 celebrate,—

478 2528 575 2565 Item,
593 2527 726 2565 ibidem,
744 2527 833 2566 xiiijo
849 2527 902 2556 die
918 2526 1041 2556 mensis
1058 2526 1211 2557 Octobris
1234 2526 1384 2566 predicti,
1403 2526 1566 2556 Dominus
1590 2526 1758 2557 Johannes
1777 2526 1890 2565 [Treu-

521 2569 601 2610 gof],
620 2571 806 2609 Perpetuus
823 2570 972 2600 vicarius
996 2570 1139 2600 Ecclesie
1164 2569 1362 2600 Parochialis
1386 2570 1499 2600 Sancti
1523 2570 1632 2607 Neoti,
1659 2570 1692 2600 in
1718 2569 1892 2606 Cornubia,

520 2614 639 2644 habuit
656 2613 839 2644 Licenciam
857 2613 1044 2643 celebrandi
1058 2613 1188 2651 Divina,
1206 2617 1240 2643 et
1256 2613 1397 2643 faciendi
1410 2613 1574 2651 celebrari,
1590 2613 1622 2642 in
1637 2613 1770 2653 Capella
1783 2612 1894 2643 Sancti

521 2657 622 2687 Neoti
653 2656 802 2696 predicti,
830 2656 955 2697 absque
985 2655 1169 2697 prejudicio
1198 2656 1326 2693 alieno;
1369 2656 1528 2696 quamdiu
1558 2656 1701 2686 Domino
1734 2655 1893 2696 placuerit

522 2700 728 2730 duraturam.

478 2765 702 2802 Lawhitton
719 2778 730 2812 3
758 2765 935 2802 Licencz'a
955 2765 1178 2802 dimittendi
1197 2766 1250 2802 acl
1259 2765 1776 2814 firmam—Lanyeleylze,—

479 2818 575 2857 Item,
593 2819 728 2858 ibidem,
745 2818 833 2860 xvth
846 2819 899 2849 die
916 2819 996 2849 dicti
1012 2819 1144 2858 mensis,
1162 2819 1326 2850 Dominus
1344 2819 1512 2851 Johannes
1536 2819 1751 2860 Langeleghe,
1776 2819 1894 2850 Rector
