1987 3062
105 319 177 344 AD.

104 352 176 378 1372.

106 386 164 412 Vol.
181 386 203 412 Ῑ.

104 856 164 896 2513.

431 213 718 248 REGISTRUM
755 212 1209 247 COMMUNE--ANNO
1249 203 1310 246 3⁰.
1538 201 1631 246 279

260 319 380 349 Literis
397 319 595 359 Apostolicis
619 319 793 357 attribute,
813 319 914 357 vobis,
933 321 967 350 et
984 321 1094 350 vestro
1118 318 1213 349 Clero
1237 320 1271 348 et
1295 316 1531 348 Ecclesiasticis
1555 317 1631 347 Per-

259 362 346 393 sonis
375 365 560 393 vestrarum
588 363 773 393 Civitatum
801 366 835 393 et
862 362 1060 399 Dimesium,
1085 362 1204 392 damus
1228 364 1262 391 et
1285 361 1502 400 assignamus,
1529 359 1577 390 ita
1599 362 1634 390 et

261 406 373 436 taliter
388 406 478 445 quod
495 416 562 441 vos,
583 410 617 436 et
634 406 734 436 vestri
759 406 920 437 Officiales
943 409 977 436 et
1001 405 1131 443 Vicarii‚
1148 405 1270 445 quibus
1293 415 1393 444 super
1415 403 1477 434 hoc
1501 403 1634 443 plenam

264 449 474 479 concedimus
491 452 604 479 tenore
622 450 830 479 Presencinm
850 450 1051 487 facultatem,
1071 449 1234 488 predictos
1251 451 1433 478 trescentos
1450 449 1484 477 et
1496 446 1635 486 triginta

256 495 324 522 tres
337 492 476 522 florenos
491 492 563 522 auri
581 493 620 522 de
635 492 781 530 Camera,
798 503 817 522 a
832 493 980 532 predicto
997 492 1140 522 Domino
1152 491 1406 530 Archiepiscopo
1423 490 1631 528 Eboracensi,

256 546 314 574 pro
339 545 373 565 se
396 539 430 565 et
453 535 675 575 Suffraganeis
699 536 766 565 suis
794 546 830 565 ac
857 536 951 566 Olero
978 546 1114 566 suarum
1145 535 1330 565 Civi'tatum
1358 537 1392 564 et
1419 532 1633 570 Diocesium3

256 579 436 615 residuum,
466 588 551 615 ver0,
580 578 734 608 videlicet
769 579 859 608 Mille
890 578 1028 608 florenos
1055 578 1128 608 anri
1154 579 1195 608 de
1224 578 1371 614 Camera,
1398 576 1450 606 vel
1475 576 1630 614 valorem,

255 632 274 651 a
291 621 442 651 Dominis
460 621 629 661 Episcopis
646 621 867 661 Suffraganeis
884 622 1002 652 vestris
1018 632 1055 651 ac
1069 622 1164 652 Clero
1180 624 1215 651 et
1230 619 1465 651 Ecclesiasticis
1480 619 1632 650 Personis

256 668 364 695 vestre
382 665 562 701 Provincie,
581 665 800 703 Secularibus,
819 668 890 703 etc„
908 677 925 694 a
942 665 1081 703 singulis
1098 675 1212 695 eorum
1237 675 1294 704 pro
1310 666 1382 694 rata,
1406 666 1632 703 proventuum

256 708 412 747 ipsorum,
430 711 465 738 et
487 708 702 738 consideratis
726 708 943 738 facultatibus
967 708 1159 745 eorundem,
1179 718 1279 747 snper
1302 717 1369 747 quo
1386 709 1531 737 vestram
1556 716 1629 736 con-

256 751 427 781 scienciam
457 762 642 789 oneramus,
670 755 780 791 petere
808 754 842 781 et
872 752 1010 790 exigere,
1035 754 1069 781 et
1092 751 1180 791 ipsos
1204 751 1243 780 ad
1272 750 1333 780 hoc
1364 761 1422 789 per
1447 750 1630 780 censuram

258 794 520 825 Ecclesiasticam
553 805 667 834 cogere
697 797 731 825 et
762 795 966 833 compellere,
995 798 1029 824 et
1059 805 1077 824 a
1103 794 1221 824 vestris
1253 793 1438 824 Sentenciis
1461 793 1630 822 absolvere

256 838 391 868 valeatis
408 840 442 869 et
459 838 600 877 possitis.
646 838 689 867 Et
704 837 803 868 simili
822 838 919 867 modo
936 837 1042 867 eidem
1060 837 1262 875 Reverendo,
1281 841 1356 875 etc.,
1376 835 1630 875 Archiepiscopo

256 881 463 919 Eboracensi,
488 881 708 911 contributori
733 881 890 920 predicto.
916 881 1095 911 rehabendi
1119 884 1151 911 et
1176 880 1312 920 petendi
1335 891 1353 909 a
1377 879 1528 909 Dominis
1552 879 1628 918 Epi-

255 924 360 964 scopis
377 925 597 964 Suffraganeis
617 924 696 961 suis,
715 925 854 964 aliisque
870 924 995 954 clericis
1011 934 1147 954 suarum
1166 924 1350 955 Civitatum
1368 926 1402 953 et
1426 922 1627 959 Diocesium,

254 968 419 1007 exemptis
449 971 484 998 et
513 978 579 998 non
611 968 782 1007 exemptis,
814 968 937 997 dictam
969 978 1134 998 summam
1166 970 1392 997 trecentorum
1427 968 1462 995 et
1492 965 1630 1005 triginta

255 1011 359 1041 trium
384 1011 593 1049 florenorum,
620 1014 719 1050 prout
742 1011 894 1050 superins
918 1011 1126 1051 exprimitur,
1153 1021 1218 1040 una
1241 1020 1317 1041 cum
1340 1009 1441 1049 justis
1464 1009 1627 1048 expensis,

255 1057 290 1084 et
307 1054 452 1085 Censura
475 1054 574 1085 simili
598 1054 816 1093 compellendi
840 1055 958 1084 damus
983 1058 1016 1084 et
1040 1054 1251 1084 concedimus
1276 1057 1390 1083 tenore
1414 1052 1627 1083 Presencinm

255 1097 461 1128 facultatem.
522 1098 561 1128 In
585 1108 739 1137 quorum,
765 1100 837 1135 etc„
864 1101 1049 1137 presentem
1073 1100 1225 1127 nostrum
1250 1097 1444 1127 Processum
1480 1106 1537 1135 per
1560 1095 1628 1126 No-

255 1140 378 1171 talium
411 1144 562 1171 nostrum
601 1141 847 1190 infrascriptum
879 1141 979 1171 scribi
1016 1145 1051 1171 et
1089 1140 1247 1180 publicari
1278 1139 1427 1177 fecimus,
1459 1142 1494 1169 et
1524 1138 1630 1168 nostri

255 1183 353 1223 sigilli
384 1184 582 1224 appensione
613 1184 745 1214 muniri.
752 1185 831 1213 -D-
826 1187 919 1214 itum
951 1184 984 1214 in
1012 1184 1155 1215 Civitate
1180 1182 1421 1220 Oantuariensi,
1446 1182 1499 1212 die
1523 1181 1628 1222 prima

256 1227 379 1257 mensis
409 1227 512 1265 ιΙιιηίἰ,
547 1228 643 1257 Anno
673 1238 691 1257 a
726 1227 915 1258 Nativitate
949 1227 1084 1257 Domini
1119 1227 1179 1257 M0.
1214 1227 1342 1257 CCCmo
1373 1222 1502 1265 lxxijdo,
1551 1225 1625 1255 Pre-

256 1270 407 1300 sentibus
434 1270 576 1300 Domino
606 1270 759 1301 Johanne
792 1270 1164 1308 Peresselli,C1nonico
1196 1273 1230 1299 et
1263 1268 1500 1299 Elemosinario
1528 1268 1626 1298 Yam-

259 1314 415 1351 tonensis,
441 1317 474 1343 et
502 1313 683 1353 Regin-aldo
710 1314 751 1344 de
779 1313 968 1349 Roffuhaco,
997 1314 1112 1344 clerico
1147 1312 1388 1343 Lemovicensis
1427 1311 1625 1349 Diocesium‚

257 1356 400 1387 testibus
442 1357 483 1387 ad
525 1357 681 1396 premissa
718 1357 841 1387 vocatis
873 1359 906 1387 et
944 1357 1169 1394 rogatis—Et
1199 1367 1267 1396 egO,
1305 1355 1466 1386 Ricardus
1498 1355 1624 1393 Donne,

258 1400 428 1439 presbiter,
469 1400 734 1430 Constanciensis
774 1400 928 1438 Diocesis,
969 1400 1125 1430 Publicus
1159 1399 1347 1439 Apostolica
1386 1401 1420 1428 et
1458 1398 1626 1437 Imperiali

258 1443 467 1474 Auctoritate
491 1443 659 1481 Notarius,
685 1443 850 1483 premissis
874 1443 1037 1481 omnibus,
1056 1443 1136 1473 dnm
1161 1443 1207 1473 sic
1230 1445 1331 1482 prout
1354 1452 1454 1481 supra
1476 1441 1624 1471 scribun-

256 1489 314 1516 tur
344 1497 403 1526 per
430 1487 671 1524 Reverendum,
699 1490 771 1524 etc.‚
789 1486 959 1517 Nuncium
987 1486 1216 1526 supradictum
1240 1488 1416 1525 agerentur
1441 1488 1475 1515 et
1498 1484 1625 1521 fierent,

257 1539 324 1560 una
355 1540 430 1560 cum
460 1530 698 1569 prenominatis
726 1530 878 1567 testibus,
911 1540 1044 1569 presens
1082 1529 1140 1560 fui.
1202 1529 1358 1569 Ideoque,
1391 1529 1432 1558 de
1467 1527 1627 1558 Mandato

255 1573 360 1612 ipsius
377 1573 509 1603 Domini
534 1573 696 1613 Episcopi,
715 1573 803 1603 hunc
826 1576 1011 1611 presentem
1038 1573 1240 1609 processum,
1259 1583 1316 1612 per
1339 1582 1392 1601 me
1414 1571 1576 1610 scriptum
1593 1573 1625 1600 et

258 1616 476 1656 publicatum,
507 1617 600 1656 signo
632 1627 705 1646 meo
737 1619 896 1646 consueto
927 1616 1063 1655 signavi,
1097 1626 1162 1646 una
1193 1626 1269 1645 cum
1300 1614 1499 1654 appensione
1527 1613 1626 1653 sigilli

256 1659 407 1699 ejusdem
425 1660 560 1690 Domini
578 1659 741 1700 Episcopi,
759 1670 811 1689 me
834 1659 1081 1697 subscribendo,
1099 1662 1243 1698 rogatus,
1260 1659 1292 1688 in
1306 1658 1536 1688 testimonium
1555 1668 1624 1696 pre-

255 1703 437 1733 missorum
444 1703 997 1752 —Quarum‚qui-dem,L1te1(num
1006 1706 1075 1733 tam
1087 1702 1291 1742 Apostollcai
1294 1711 1350 1732 um
1360 1711 1460 1741 quam
1474 1701 1624 1739 aliarum,

256 1746 376 1786 vigor,e
401 1746 578 1782 artacione,
602 1750 636 1776 et
660 1744 794 1783 vir'tute,
812 1746 910 1783 dicto,
928 1749 1005 1783 etc.,
1023 1746 1154 1776 Nuncio
1178 1745 1377 1784 Apostolico,
1402 1745 1567 1775 instanter
1589 1748 1625 1774 et

253 1789 363 1829 sepius
379 1800 437 1830 per
459 1790 603 1820 eundem
627 1790 667 1820 ad
692 1789 753 1819 hoc
776 1790 966 1829 requisitus,
984 1789 1024 1819 de
1048 1789 1146 1819 dictis
1170 1789 1260 1819 Mille
1286 1785 1393 1819 CCCis
1409 1791 1444 1818 et
1466 1785 1626 1827 xxxiijbus

253 1832 393 1869 florenis,
412 1836 511 1873 prout
533 1833 693 1871 oportuit,
716 1832 937 1863 satisfecimus
961 1835 1196 1872 competenter.
1244 1832 1323 1869 Nos,
1340 1831 1453 1870 igitur,
1470 1831 1622 1870 indemp-

253 1876 353 1906 nitati
376 1879 487 1907 nostre
511 1876 543 1906 in
569 1876 736 1916 premissis
767 1876 959 1916 prospicere,
984 1886 1020 1906 ac
1051 1886 1134 1906 onus
1157 1856 1394 1905 satisfaccionis
1417 1873 1623 1914 hujusmodi,

253 1919 398 1959 aliasque
415 1930 575 1959 expensas
592 1919 788 1950 necessarias
805 1919 838 1949 in
857 1919 917 1950 hac
940 1922 1033 1959 parte
1049 1919 1082 1949 in
1102 1918 1219 1949 Partes
1237 1922 1271 1948 et
1288 1917 1448 1948 Personas
1465 1917 1621 1955 dividere,

251 1962 350 2002 J'uxta
362 1963 527 1993 dictarum
543 1963 731 1993 Literarum
744 1963 945 2002 exigenciam
960 1965 994 1993 et
1006 1963 1171 2000 effectum,
1184 1961 1427 1992 racionabiliter
1439 1961 1621 2000 cupientes,

253 2005 294 2036 de
309 2006 449 2045 singulis
465 2006 583 2036 marcis
608 2006 770 2036 bonorum
794 2006 1085 2046 Suffraganeorum
1109 2008 1311 2042 nostrorum,
1329 2008 1362 2035 et
1378 2004 1529 2034 omnium
1548 2004 1621 2034 Pre-

252 2049 395 2079 latorum
413 2060 450 2079 ac
468 2050 695 2088 Personarum,
714 2053 748 2080 et
768 2050 1004 2080 Beneficiorum
1025 2049 1340 2086 Ecclesiasticorum‚
1358 2050 1427 2078 tam
1452 2050 1620 2087 exempto-

251 2103 325 2122 rum
346 2102 446 2132 quam
471 2103 536 2123 non
561 2096 803 2132 exemptorum,
830 2103 1128 2132 quorumcumque,
1153 2095 1354 2127 nostrarum,
1374 2094 1570 2129 vestrarum,
1589 2093 1623 2121 et

251 2139 435 2166 ceterorum
453 2136 741 2175 Suffraganeorum
760 2139 950 2166 nostrornm
976 2135 1159 2166 Civitatum
1177 2138 1210 2166 et
1228 2134 1426 2171 Diocesium,
1444 2137 1623 2174 nostreque

253 2179 502 2210 Cantuariensis
520 2179 698 2217 Provincie,
713 2182 812 2219 prout
828 2182 988 2209 taxantur
1003 2179 1045 2209 ad
1063 2179 1242 2215 Decimam,
1260 2177 1407 2217 singulos
1421 2177 1623 2217 quadrantes

250 2222 484 2261 sterlingorum
503 2222 659 2253 levandos
676 2226 711 2252 et
726 2223 925 2262 colligendos
941 2232 1010 2252 esse
1033 2222 1238 2252 decrevimus
1255 2231 1262 2258 ;
1280 2231 1430 2260 onusque
1447 2220 1623 2250 solucionis

251 2265 417 2296 dictorum
434 2266 671 2305 quadr-dutum,
688 2266 722 2295 in
746 2265 947 2296 solucionem
972 2265 1062 2295 Mille
1086 2264 1285 2295 florenorum
1311 2263 1545 2302 predictorum,
1564 2273 1622 2293 nos

251 2311 286 2339 et
308 2309 536 2348 Snffraganeos
560 2312 691 2339 nostros
715 2319 750 2339 ac
782 2309 917 2339 Clerum
942 2312 1054 2338 nostre
1079 2307 1326 2338 Cantuariensis
1351 2306 1521 2336 Provincie
1545 2317 1620 2336 con-

250 2352 446 2391 tingentem,
458 2352 541 2382 utin
558 2352 677 2382 Literis
693 2352 773 2382 dicti
792 2352 913 2382 Nuncii
929 2351 1059 2391 plenius
1075 2351 1275 2388 continetur,
1289 2349 1383 2380 bonis
1400 2353 1434 2379 et
1451 2349 1621 2380 Beneficiis

250 2405 288 2425 ac
305 2395 456 2425 Personis
473 2393 674 2434 hujusmodi,
693 2405 732 2425 ex
748 2394 854 2425 causis
879 2394 1055 2434 premissis,
1074 2394 1243 2424 moderate
1258 2392 1471 2432 imponimus,
1485 2392 1621 2432 justicia

251 2438 422 2468 suadente.
479 2438 638 2475 Quocirca
656 2438 871 2468 Frater-nitati
886 2441 995 2468 vestre
1013 2437 1223 2467 Auctoritate
1239 2436 1341 2466 eciam
1354 2435 1543 2475 Apostolica
1556 2446 1622 2475 qua

251 2481 424 2521 fungimur
447 2481 480 2511 in
505 2481 565 2511 hac
588 2484 690 2521 parte,
708 2491 745 2511 ac
767 2481 800 2510 in
825 2481 951 2511 virtute
974 2481 1095 2512 Sancte
1119 2479 1317 2510 Obediencie
1340 2489 1407 2519 qua
1431 2479 1519 2509 dicte
1543 2479 1621 2509 Sedi

251 2524 440 2563 Apostolice
463 2527 498 2554 et
521 2524 614 2554 nobis
637 2524 807 2562 tenemini,
832 2523 971 2554 firmiter
1000 2523 1217 2563 injungendo,
1241 2522 1439 2552 mandamus
1461 2522 1622 2562 quatinus

250 2567 336 2597 infra
353 2567 451 2598 xxxta
465 2567 594 2598 dierum
619 2568 776 2607 spacium,
793 2578 812 2597 a
834 2570 984 2606 tempore
1008 2566 1204 2605 recepcionis
1228 2565 1440 2596 Presencium
1463 2565 1622 2595 continuo

251 2611 507 2649 numerandum,
521 2611 562 2641 de
572 2611 710 2650 singulis
723 2610 839 2640 marcis
853 2610 1015 2640 bonorum
1028 2613 1062 2639 et
1070 2609 1307 2639 Beneficiorum
1316 2608 1622 2639 Ecclesiasticorum

251 2657 447 2691 vestrorum,
464 2658 498 2684 et
521 2654 661 2684 aliorum
680 2654 886 2684 Prelatorum
912 2656 946 2683 et
972 2654 1190 2683 Personarum
1209 2651 1513 2682 Ecclesiasticarum
1537 2662 1617 2691 quo-

251 2707 482 2737 rumcumque,
500 2700 685 2728 vestrarum
704 2697 857 2728 Civitatis
874 2699 907 2726 et
924 2696 1078 2734 Diocesis,
1095 2699 1165 2726 tam
1181 2698 1412 2735 exemptorum
1435 2705 1536 2734 quam
1554 2705 1619 2725 non

251 2743 494 2779 exemptorum,
523 2743 562 2770 ut
594 2740 767 2780 prefertur,
800 2745 900 2779 prout
930 2740 1045 2769 eadem
1077 2739 1162 2769 bona
1189 2741 1349 2769 taxantur
1372 2738 1413 2769 ad
1437 2738 1619 2776 Decimam,

251 2782 398 2823 singulos
421 2784 634 2824 quadrantes,
659 2783 825 2814 occasione
849 2782 1016 2823 premissa,
1047 2782 1174 2821 levetis,
1202 2781 1374 2822 colligatis,
1406 2784 1440 2812 et
1470 2781 1619 2821 exigatis,
