1987 3062
405 218 696 254 REGISTRUM
734 222 1197 257 COMMUNE—ANNO
1236 214 1296 258 5⁰.
1541 217 1634 259 349

98 314 173 356 ΑΡ·
257 321 359 352 Beate
383 322 495 362 Marie,
514 324 601 355 infra
624 326 809 357 Manerium
835 327 982 367 ipsorum
1007 328 1048 358 de
1072 328 1253 368 Helygane,
1279 329 1312 359 in
1337 329 1497 360 Parochia
1521 330 1635 361 Sancti

97 349 172 409 {5214
185 382 208 409 1·
256 364 390 396 Mabani
406 366 465 404 [St.
488 368 625 407 Mabyn]
641 370 776 408 situata,
794 371 827 401 in
846 371 1014 410 presencia
1029 372 1212 402 eorundem
1229 373 1281 402 vel
1298 372 1447 412 ipsorum
1470 373 1609 404 alterius
1627 385 1633 411 ;

255 409 416 447 quamdiu
440 410 583 441 Domino
600 412 761 451 placuerit
777 414 986 445 duraturam.

210 451 308 489 Item,
337 452 460 483 eisdem
490 454 552 492 die,
581 455 660 493 loco,
689 460 723 487 et
752 467 849 494 anno,
879 458 1043 488 Dominus
1074 459 1236 489 concessit
1268 459 1453 490 Licenciam
1485 459 1633 491 ‚Iohanni

252 494 395 534 Pybowe
423 501 458 527 et
482 497 555 537 ejus
580 499 684 537 uxori,
702 510 830 530 necnon
855 501 1083 541 Burgensibus
1100 502 1186 532 ville
1203 502 1244 532 de
1262 503 1479 542 Grauntpont
1503 502 1631 542 [Gram-

246 538 384 577 pomum,
401 539 543 571 faciendi
560 542 725 572 celebrare
743 543 873 581 Divina,
891 544 922 574 in
942 545 1120 584 presencia,
1145 548 1207 576 etc.
1225 545 1302 584 [z‘.e.,
1327 557 1442 577 eorum
1466 556 1523 577 seu
1548 547 1631 586 ipso-

251 590 326 611 rum
343 582 500 623 alicujus]
518 594 525 621 ;
550 586 711 622 quamdiu
729 586 874 617 Domino
890 587 1064 626 placuerit.

207 623 304 661 Item,
322 624 457 664 ibidem,
477 627 589 668 xxvth
605 628 658 659 die
683 630 803 660 mensis
827 633 862 660 et
884 631 963 661 anni
987 631 1265 671 supradictorum,
1284 633 1448 663 Dominus
1471 634 1632 665 concessit

247 667 394 698 Roberto
412 670 586 701 Marchant
603 671 789 703 Licenciam
806 673 959 709 faciendi,
981 677 1057 711 etc.,
1070 675 1103 704 in
1122 676 1291 714 presencia
1307 686 1366 706 sua
1383 680 1417 706 et
1433 677 1545 707 uxoris
1561 688 1629 715 sue,

248 709 281 740 in
310 711 443 751 Capella
467 714 519 744 vel
543 714 696 746 Oratorio
720 716 807 746 infra
831 717 979 747 Maneria
1002 728 1061 748 sua
1085 718 1126 748 de
1150 719 1389 759 Esttodeleghe
1412 722 1447 750 et
1472 720 1569 761 Leye,
1597 721 1630 751 in

248 753 407 785 Parochia
423 756 464 786 de
481 757 710 799 Uppetonpyn
728 759 854 790 situata
872 770 878 798 ;
902 761 1063 800 quamdiu
1080 761 1225 792 Domino
1243 762 1418 802 placuerit.

203 810 258 848 St.
283 811 620 864 Columb—Maj0r3
649 815 889 864 Sequestrum
899 819 1105 866 fiacetuum
1134 825 1167 856 et
1191 827 1446 867 proventuum
1466 821 1629 859 Ecclesie

255 865 300 902 (Ie
320 865 462 905 Sancta
485 868 669 906 Columba
688 871 907 919 Illajoreff—

203 917 301 956 Item,
319 920 443 952 eisdem
460 922 522 961 die,
539 923 619 961 loco,
637 927 671 955 et
694 935 790 962 anno,
808 926 976 956 emanavit
993 936 1099 956 unum
1124 927 1343 966 Sequestrum
1368 938 1427 968 per
1445 928 1626 960 Dominum

244 962 494 1004 interpositum,
513 966 681 998 directum
701 968 840 999 Officiali
864 969 1043 1000 Peculiaris
1067 970 1318 1001 Jurisdiccionis
1342 971 1375 1001 in
1402 972 1568 1003 Cornubia
1592 978 1626 1004 et

245 1006 485 1039 Archidiacono
502 1009 635 1047 ibidem,
653 1021 780 1042 necnon
798 1012 932 1042 Rectori
956 1013 997 1042 de
1022 1013 1144 1044 Sancta
1169 1014 1331 1044 Columba
1356 1015 1493 1055 Majore,
1512 1016 1555 1046 ad
1578 1027 1624 1047 se-

245 1052 487 1088 questrandum
504 1054 615 1084 omnia
631 1054 716 1084 bona
733 1065 797 1095 que
814 1056 955 1086 fuerunt
973 1057 1105 1086 Domini
1124 1057 1265 1088 W'asteri
1279 1058 1505 1099 [Aldesbyryl
1519 1069 1626 1099 nuper

245 1092 396 1125 Rectoris
412 1096 453 1125 de
470 1096 593 1127 Sancta
610 1098 774 1128 Columba
798 1099 969 1138 predicta3
995 1110 1133 1138 necnon,
1158 1101 1199 1130 ad
1224 1101 1482 1132 custodiendum
1507 1103 1623 1142 hujus-

245 1136 334 1166 modi
351 1138 580 1178 Sequestrum,
598 1146 699 1180 prout
715 1142 864 1181 ipsorum
882 1143 1026 1182 periculo
1041 1143 1072 1173 in
1085 1148 1209 1174 eventu
1220 1145 1388 1175 voluerint
1401 1146 1600 1185 respondere
1617 1158 1623 1184 ;

243 1178 347 1210 donec
379 1181 635 1214 Testamentum
670 1185 752 1215 dicti
788 1186 923 1216 Domini
949 1186 1095 1224 Walteri‚
1120 1187 1147 1216 si
1178 1188 1268 1227 quod
1291 1188 1488 1226 condiderit,
1513 1200 1623 1220 coram

244 1221 314 1261 ipso
343 1223 486 1255 Domino
507 1227 564 1256 >vel
590 1227 664 1267 ejus
696 1228 899 1259 Cancellario
925 1229 1103 1268 probatum
1126 1230 1240 1268 fuerit,
1266 1236 1300 1261 et
1324 1231 1415 1261 aliud
1439 1242 1539 1271 super
1562 1233 1623 1264 hoc

240 1264 420 1298 habuerint
437 1269 470 1298 in
487 1270 663 1301 mandatis.
713 1271 759 1301 Et
775 1271 901 1302 habent
917 1272 1004 1302 diem
1029 1273 1071 1302 ad
1095 1274 1349 1305 certificandum
1373 1275 1458 1305 citra
1483 1276 1621 1307 Festum

241 1308 354 1340 Sancti
377 1311 521 1350 Andree,
540 1314 701 1353 Apostoli,
719 1315 870 1353 proximo
892 1315 961 1355 jam
978 1315 1145 1347 futurum.

89 1361 150 1386 No·

87 1402 164 1420 vm·
201 1365 396 1405 Oratories
414 1382 423 1415 3
451 1370 604 1407 Licence
625 1377 660 1407 to
680 1372 922 1417 celebrate,—

90 1413 155 1454 1;g}<‚
201 1419 299 1458 Item,
316 1423 403 1461 apud
425 1423 518 1461 Clist,
536 1423 616 1464 iiijto
639 1425 692 1455 die
716 1426 838 1456 mensis
862 1426 1070 1465 Novembris,
1089 1427 1253 1459 Dominus
1277 1430 1438 1461 concessit
1455 1431 1622 1461 &Villelmo

238 1463 459 1503 Lambmune,
486 1467 528 1497 de
552 1468 729 1506 Cornubia,
756 1469 941 1499 Licenciam
965 1470 1117 1508 faciendi,
1143 1474 1219 1509 ete,
1250 1472 1284 1502 iu
1309 1474 1479 1512 presencia
1502 1485 1561 1505 sua
1585 1479 1619 1506 et

239 1508 352 1538 uxoris
383 1519 451 1547 sue,
483 1510 517 1540 in
550 1511 693 1550 Capellis
724 1512 949 1542 Maneriorum
981 1523 1119 1544 suorum
1150 1515 1183 1544 in
1217 1515 1385 1546 Cornubia
1418 1517 1621 1558 ubicumque

237 1550 372 1581 situatis
390 1561 397 1589 ;
422 1554 583 1592 quamdiu
600 1555 745 1585 Domino
762 1555 926 1595 placuerit
942 1558 1180 1588 tantummodo
1197 1558 1405 1590 duraturam.

194 1605 430 1647 Bridestowe
445 1623 455 1656 ς
484 1611 563 1648 Pro
586 1611 747 1659 Capella
766 1613 811 1649 cle
831 1613 1083 1655 Sam-cone,—

199 1659 297 1699 Item,
315 1663 417 1702 xiiijto
433 1664 496 1701 die,
510 1666 793 1706 contemplacione
810 1667 968 1698 Willelmi
984 1668 1114 1706 Talbot,
1133 1669 1298 1700 Dominus
1321 1671 1482 1702 concessit
1504 1672 1618 1703 Licen-

237 1705 321 1736 ciam
351 1706 619 1739 inhabitantibus
649 1710 739 1749 apud
772 1710 948 1748 Sourtone,
974 1711 1009 1741 in
1037 1712 1195 1742 Parochia
1222 1713 1264 1743 de
1288 1714 1501 1753 Brfflestowe,
1529 1717 1619 1756 quod

236 1749 365 1787 possint
387 1750 509 1781 habere
526 1752 742 1783 Sacramenta
758 1756 794 1784 et
811 1754 1072 1785 Sacramentalia
1089 1755 1129 1785 int
1141 1756 1275 1795 Capella
1291 1757 1425 1795 ibidem,
1443 1759 1618 1798 sepultura

236 1791 415 1824 dumtaxat
431 1798 570 1834 excepta
586 1806 592 1833 ;
617 1796 777 1835 quamdiu
796 1797 940 1827 Domino
956 1797 1119 1837 placuerit
1136 1798 1335 1831 duraturam
1353 1811 1360 1838 3
1385 1802 1476 1840 dum,
1494 1805 1618 1844 tamen,

234 1845 294 1874 per
324 1835 386 1867 hoc
411 1837 544 1877 juribus
574 1839 722 1870 Matricis
746 1840 891 1870 Ecclesie
921 1841 962 1871 de
986 1841 1192 1872 Bridestowe
1215 1843 1364 1883 predicta
1391 1845 1617 1885 prejudicium

239 1879 370 1910 nullum
386 1880 455 1911 fiat.

81 1933 133 1993 23¹5
191 1935 358 1986 Chapels
378 1938 454 1975 and
478 1938 674 1976 Oratories
691 1953 701 1986 ,·
731 1940 883 1978 Licence
904 1948 940 1978 to
960 1942 1204 1988 celebrate,—

139 1987 145 1994 ‘
187 1989 286 2027 Item,
304 1990 438 2030 ibidem,
463 1992 519 2032 xxj
545 1993 598 2023 die
623 1994 744 2024 mensis
768 1997 803 2024 et
825 1995 904 2025 anni
928 1996 1243 2036 suprascriptorum,
1264 1998 1429 2029 Dominus
1454 2001 1617 2031 concessit

235 2033 423 2065 Licenciam
451 2035 597 2066 Johanni
622 2036 663 2067 de
688 2037 815 2068 Mohun
844 2038 996 2077 faciendi,
1024 2042 1101 2077 etc.,
1132 2040 1166 2070 in
1197 2040 1331 2080 Capella
1361 2042 1430 2072 sive
1462 2043 1615 2074 Oratorio

233 2076 373 2107 Manerii
390 2078 431 2108 de
449 2078 625 2110 Bodeneke
642 2079 866 2120 [Bodinniclcl
884 2081 918 2112 in
937 2082 1097 2112 Parochia
1113 2083 1154 2112 de
1173 2084 1350 2124 Lenteglos
1373 2085 1472 2125 juxta
1490 2087 1589 2127 Fawy
1609 2098 1616 2125 ;

233 2120 394 2159 quamdiu
412 2122 555 2152 Domino
572 2123 734 2162 placuerit
758 2125 995 2155 tantummodo
1012 2126 1221 2157 duraturam.

189 2162 288 2199 Item,
305 2163 429 2194 eisdem
453 2165 516 2203 die,
534 2166 613 2204 loco,
630 2169 665 2196 et
687 2177 784 2205 anno,
810 2168 973 2199 Dominus
996 2170 1157 2200 concessit
1184 2171 1368 2201 Licenciam
1392 2171 1522 2202 villanis
1546 2173 1614 2203 sive

231 2205 500 2238 inhabitantibus
531 2209 653 2239 Villam
684 2209 725 2240 de
758 2210 944 2249 Polruwan,
969 2212 1002 2242 in
1037 2213 1194 2243 Parochia
1224 2213 1266 2244 de
1297 2214 1486 2253 Lenteglos,
1522 2217 1614 2256 quod

232 2249 370 2288 possint,
395 2254 467 2289 etc„
495 2251 528 2282 in
556 2252 690 2292 Capella
717 2253 832 2284 Sancti
860 2255 1041 2285 Salvatoris
1068 2256 1156 2286 infra
1182 2257 1374 2287 Parochiam
1402 2258 1612 2297 predictam;

228 2293 390 2331 quamdiu
408 2294 551 2325 Domino
571 2296 735 2335 placuerit
760 2298 997 2328 tantummodo
1013 2299 1222 2330 duraturam.

188 2334 287 2373 Item,
306 2336 387 2376 xxiij
413 2337 466 2367 die
489 2339 611 2369 mensis
634 2340 786 2378 predicti,
805 2341 969 2371 Dominus
993 2342 1154 2372 concessit
1179 2342 1363 2373 Licenciam
1388 2344 1532 2374 Domino
1556 2345 1611 2375 Jo-

229 2377 332 2408 hanni
356 2379 586 2419 Tycheburne,
605 2382 714 2421 Militi,
733 2387 768 2414 et
792 2383 865 2423 ejus
888 2384 996 2420 uxori,
1017 2385 1105 2424 quod
1130 2386 1268 2424 possint,
1294 2389 1367 2423 etc.,
1384 2387 1418 2417 in
1442 2389 1612 2426 presencia

228 2422 410 2452 eorundem
434 2433 492 2454 seu
516 2435 630 2455 eorum
653 2426 806 2463 alterius,
823 2427 856 2457 in
881 2427 1015 2467 Capella
1038 2428 1080 2457 de
1104 2428 1304 2468 Breyntone,
1329 2429 1362 2460 in
1388 2430 1546 2462 Parochia
1569 2431 1611 2463 de

228 2464 303 2494 Ken
321 2475 329 2502 3
353 2466 513 2505 quamdiu
530 2468 674 2499 Domino
691 2469 854 2508 placuerit
870 2472 1107 2501 tantummodo
1124 2472 1332 2502 duraturam.
1537 2486 1544 2492 ⁴

188 2506 285 2545 Item,
312 2507 436 2539 eisdem
468 2510 532 2547 die,
561 2511 643 2549 loco,
673 2515 707 2542 et
732 2523 830 2551 anno,
859 2513 1023 2544 Dominus
1054 2515 1215 2545 concessit
1246 2515 1431 2547 Licenciam
1463 2517 1611 2548 Roberto

229 2550 404 2591 Topclyve‚
422 2552 463 2582 de
482 2553 643 2592 Lynham,
661 2556 750 2594 quod
772 2556 884 2595 possit,
903 2559 976 2594 etc.,
993 2557 1027 2587 in
1044 2557 1212 2596 presencia
1228 2568 1287 2588 sua
1303 2561 1338 2589 et
1362 2559 1473 2590 uxoris
1489 2570 1557 2598 sue,
1575 2561 1607 2591 in

228 2593 363 2633 Capella
378 2594 420 2625 de
437 2596 599 2635 Lynham,
617 2598 652 2628 iu
668 2598 828 2629 Parochia
852 2599 893 2629 de
909 2599 1134 2640 Yalymptone
1153 2599 1374 2641 [Yealmpton]
1391 2612 1398 2640 ;
1422 2613 1481 2643 per
1503 2613 1609 2635 unum

231 2646 357 2667 annum
374 2638 581 2670 duraturam.

182 2693 363 2743 Glasney,
385 2695 454 2732 the
474 2695 688 2746 Collegiate
711 2698 871 2736 Church
892 2700 933 2736 of
949 2714 957 2744 ;
988 2699 1296 2748 Sequestrum,—-

184 2746 284 2785 Item,
312 2747 436 2779 eisdem
463 2749 525 2787 die,
555 2750 635 2789 loco,
663 2755 698 2782 et
725 2762 823 2790 anno,
853 2753 1018 2784 Dominus
1042 2755 1267 2793 sequestravit
1293 2755 1404 2787 omnia
1430 2757 1517 2788 bona
1543 2768 1608 2798 que

224 2790 428 2830 Reginaldus
453 2793 551 2832 Cane,
575 2794 770 2834 Prepositus
793 2796 827 2826 in
853 2796 998 2827 Ecclesia
1023 2797 1205 2838 Collegiata
1229 2799 1343 2830 Sancti
1366 2799 1502 2840 Thome,
1521 2801 1606 2832 Mar-
