1987 3062
450 231 738 265 REGISTRUM
774 232 1230 266 OOMMUNE-ANNO
1269 224 1330 267 2⁰.
1566 219 1659 265 257

125 335 202 362 A·D·
236 335 333 376 It'em,
349 337 362 378 J'
379 348 467 378 capa,
486 339 527 370 de
543 350 646 379 aspyn
667 340 770 378 viridi,
788 351 863 370 cum
881 340 1008 381 aquilis.

125 364 330 428 ἓξὲξ-ΜΘΗ),
344 381 357 420 j
376 382 494 420 casula,
512 384 553 413 de
568 384 642 413 albo
659 384 822 421 camacha,
839 394 915 414 cum
932 384 1063 414 duobus
1080 385 1203 416 tunicis
1220 383 1302 414 albis
1319 383 1360 412 de
1377 382 1521 413 samitto.

182 423 187 429 '
216 423 332 462 'Item,
349 424 372 464 ij
392 426 516 464 tunice,
535 427 576 456 de
593 437 702 466 panno
720 428 760 457 de
777 427 936 458 VenetiiS.

236 467 333 505 Item,
350 468 362 507 J'
381 469 499 508 casula,
518 480 594 500 cum
612 470 742 500 duabus
760 470 892 509 tunicis,
911 471 952 500 de
968 470 1043 500 albo
1060 470 1208 512 sustayn.

235 510 332 547 Item,
361 512 396 551 iij
425 513 506 551 albe,
535 524 611 543 cum
638 514 772 552 amiciis,
802 514 905 552 stolis,
934 518 968 545 et
994 515 1181 555 manipulis,
1210 524 1286 545 cum
1316 512 1443 553 parui-is
1471 513 1511 542 de
1539 511 1656 551 glauco

278 554 403 585 taffato.

236 596 333 635 Item,
351 609 369 628 v
386 599 468 635 albe,
487 610 563 630 cum
581 600 719 640 parui-is.

234 639 330 677 Item,
347 641 360 681 J‘
378 643 488 673 casula
506 643 628 682 viridis,
647 644 687 673 de
705 644 799 674 viridi
818 644 981 681 camacha,
998 644 1126 682 debilis,
1144 645 1248 675 linata
1265 653 1342 674 cum
1360 643 1472 673 rubeo.

235 683 332 723 Item,
349 685 412 715 alia
428 686 537 716 casula
554 687 680 725 debilis,
698 688 739 717 de
757 687 851 717 viridi
868 688 1015 718 sindone.

236 726 332 766 Item,
350 728 396 768 iiij
416 740 503 769 cape,
521 730 646 761 debiles
663 731 764 761 valde.

236 770 333 809 Item,
352 772 364 811 j
389 773 475 803 bona
498 784 586 813 capa,
604 775 644 804 de
669 784 778 813 panno
800 774 880 812 auri,
897 784 937 804 ex
961 773 1141 804 ‹lonacione
1160 774 1295 804 Domini
1321 773 1428 804 David
1446 773 1486 802 de
1504 772 1658 810 Wollore,

278 824 353 844 cum
371 816 463 855 agnis
479 818 600 848 diversi
624 818 749 848 eoloris.

236 856 332 895 Item,
349 858 360 898 J'
382 860 466 890 bona
481 871 559 900 capa
577 862 617 902 de
634 872 743 901 panno
761 861 929 897 deaurato,
948 860 1121 899 pulverato
1137 870 1213 890 cum
1238 860 1436 890 draconibus
1460 862 1495 889 et
1519 859 1658 889 diversis

280 901 402 941 bestiis,
421 914 459 933 ex
477 905 658 935 don-acione
675 904 825 941 Magistri
842 904 995 934 Nicholai
1015 904 1211 944 Braybroke.

238 943 289 982 Et,
315 955 356 974 ne
383 947 515 986 Capella
543 948 670 987 prefata
698 948 920 985 Ornamentis,
948 947 1064 984 Libris,
1093 947 1267 984 Calicibus,
1293 950 1327 977 et
1351 946 1568 977 Vestimentis
1603 957 1656 976 ex-

278 990 433 1027 pressatis
449 992 601 1030 superius
625 992 853 1029 defraudetur,
871 994 922 1020 set
939 994 978 1021 ut
995 990 1139 1021 Sacrista
1155 995 1360 1021 memoratus
1384 990 1581 1029 respondeat
1600 1000 1657 1029 pro

278 1031 411 1071 eisdem,
430 1034 466 1064 fit
485 1045 617 1073 presens
642 1035 826 1065 Indentura
849 1035 938 1064 inter
956 1034 1183 1064 Venerabilem
1211 1034 1353 1072 Patrem,
1372 1033 1555 1064 Dominum
1580 1033 1656 1072 Epi-

278 1084 424 1115 scopum,
438 1081 472 1107 et
489 1079 665 1108 Sacristam
679 1079 831 1118 superius
849 1080 1057 1114 memoratos,
1075 1078 1138 1107 sub
1153 1077 1269 1116 sigillis
1287 1078 1318 1107 in
1337 1088 1409 1108 cera
1424 1076 1520 1106 viridi
1538 1087 1655 1106 eorun-

277 1117 496 1151 dem-——Data
513 1121 546 1151 in
565 1122 697 1161 Capella
714 1122 850 1161 prefata,
864 1121 961 1151 Anno
978 1121 1113 1151 Domini
1129 1121 1329 1160 supra-licto,
1342 1124 1376 1151 et
1394 1120 1658 1151 Consecracionis

281 1163 464 1200 supradicti
481 1165 616 1195 Domini
634 1165 787 1204 Episcopi
805 1164 1001 1195 Exoniensis
1018 1164 1116 1194 Anno
1133 1165 1287 1195 secundo.

238 1202 336 1242 Item,
355 1205 366 1245 J'
385 1208 496 1237 casula
512 1208 645 1248 duplex,
663 1208 759 1248 cujus
777 1209 879 1239 altera
898 1218 970 1246 pars
994 1207 1141 1248 fust-ayn,
1160 1218 1199 1238 ex
1223 1208 1311 1238 dono
1336 1207 1471 1237 Domini
1494 1206 1658 1238 <Iohannis

280 1247 321 1277 de
340 1249 565 1281 Grandissono
581 1252 773 1291 supradicti.

235 1302 318 1338 —I
316 1305 551 1351 ajunccz'ones
571 1313 604 1343 et
627 1306 899 1344 Ordinacz'ones
919 1306 1051 1342 Libere
1073 1305 1225 1352 Capelle
1244 1306 1289 1342 (Ie
1308 1305 1559 1350 Boseham,—

237 1355 390 1397 Thomas,
416 1363 487 1397 etc.,
515 1360 669 1400 Capitulo
694 1360 811 1391 Libere
840 1360 971 1399 Capelle
999 1359 1099 1399 Regie
1122 1359 1163 1389 de
1188 1360 1363 1397 Boseham,
1393 1362 1425 1389 et
1454 1359 1592 1399 singulis
1617 1360 1658 1389 de

279 1399 445 1441 Capitulo,
463 1403 615 1441 salutem,
633 1404 904 1434 etc.——Devotan1
922 1403 1116 1433 filiacionem
1136 1407 1278 1434 vestram
1303 1403 1404 1433 latere
1421 1413 1485 1432 non
1503 1403 1659 1433 convenit

277 1445 421 1482 qualiter
437 1446 515 1476 olim
534 1447 618 1477 bone
634 1447 792 1478 memorie
816 1447 984 1487 quondam
1009 1446 1153 1476 Thomas
1170 1446 1224 1485 [de
1250 1445 1422 1487 Byttone],
1446 1446 1659 1476 Predecessor

281 1492 393 1519 noster
412 1490 607 1521 Exoniensis
632 1491 824 1531 Episcopus,
849 1490 889 1520 ad
912 1493 1107 1530 perpetuam
1135 1490 1181 1519 rei
1208 1490 1414 1527 memoriam,
1438 1489 1659 1520 Consuetudi-

278 1541 335 1561 nes
352 1536 385 1562 et
403 1533 635 1564 Ordinaciones
652 1534 808 1574 antiquas
823 1534 911 1564 dicte
935 1533 1068 1573 Capelle
1091 1533 1124 1563 in
1149 1537 1273 1564 certam
1291 1533 1443 1572 formam,
1462 1536 1561 1572 prout
1576 1533 1658 1563 infe-

278 1575 347 1605 rius
365 1576 501 1616 patebit,
520 1577 553 1608 in
571 1577 709 1617 Scriptis
726 1578 904 1615 redactam,
924 1587 966 1607 ne
983 1587 1040 1616 per
1063 1586 1204 1606 crassam
1222 1579 1257 1607 et
1273 1576 1426 1616 supinam
1455 1577 1658 1607 Presidentis

277 1618 511 1659 ignoranciam,
542 1623 580 1651 ut
606 1621 778 1659 hactenus,
796 1620 973 1651 tenderent
1000 1620 1032 1650 in
1058 1620 1211 1657 abusum,
1236 1620 1365 1650 utiliter
1388 1619 1525 1659 collegit
1552 1623 1586 1650 et
1609 1631 1656 1650 re-

277 1662 457 1701 formavit3
490 1674 581 1704 quas,
610 1675 696 1703 vero,
726 1664 963 1695 Ordinaciones
994 1666 1028 1693 et
1060 1663 1338 1701 Consuetudines,
1367 1663 1413 1694 sic
1443 1662 1599 1694 collectas
1624 1667 1659 1694 et

277 1705 482 1745 reformatas,
508 1708 676 1738 Walterus
707 1707 762 1746 [de
789 1705 1015 1747 Stapeldone],
1043 1710 1115 1745 etc.,
1145 1707 1359 1737 Predecessor
1383 1710 1506 1745 noster,
1531 1707 1656 1738 dictam

279 1749 445 1788 Capellam
471 1750 645 1790 visitando,
670 1751 842 1781 inveniens
865 1751 933 1790 juri
956 1754 991 1780 et
1014 1750 1135 1780 racioni
1160 1753 1388 1788 consonantes,
1407 1750 1503 1789 plena
1527 1754 1560 1781 et
1583 1751 1655 1781 dili-

276 1793 368 1831 genti
384 1803 484 1833 super
499 1794 561 1824 hiis
578 1794 817 1825 deliberacione
833 1794 957 1832 habita,
971 1793 1181 1824 confirmavit
1195 1804 1202 1831 ;
1220 1804 1364 1834 quarum
1381 1796 1478 1824 tenor
1493 1795 1656 1834 sequitur,

276 1836 309 1865 in
339 1835 398 1866 hec
423 1837 755 1875 verbm—walterus,
780 1843 853 1876 etc.‚
879 1837 1034 1878 Capitulo
1064 1837 1179 1867 Libere
1205 1837 1336 1877 Capelle
1360 1838 1400 1867 de
1426 1838 1597 1876 Boseham,
1623 1842 1658 1869 et

275 1879 414 1918 singulis
430 1881 470 1911 de
489 1881 655 1921 capitulo,
671 1881 823 1920 salutem,
835 1881 1083 1919 etc.,—Literas
1097 1880 1181 1910 bone
1195 1881 1352 1911 memorie
1368 1881 1503 1911 Domini
1519 1881 1656 1919 Thome,

276 1925 349 1961 etc,
368 1922 610 1955 Predecessoris
626 1925 743 1963 nostri,
764 1925 908 1964 integras
925 1928 960 1955 et
975 1924 1092 1962 illesas,
1110 1926 1144 1954 et
1167 1924 1200 1954 in
1225 1924 1316 1954 nulla
1332 1924 1384 1954 sui
1400 1928 1494 1964 parte
1510 1925 1656 1964 viciatas,

127 1966 176 2016 {ex-
279 1976 356 1997 vero
372 1967 475 2007 ipsius
492 1968 598 2007 sigillo
614 1969 770 2008 signatas,
789 1968 1003 2008 inspeximus,
1020 1968 1052 1997 in
1079 1967 1137 1998 hec
1155 1967 1464 2006 verba,——Thomas,
1481 1971 1554 2006 etc.,
1571 1969 1656 1999 salu-

126 1999 358 2050 Tssgssssltem,
375 2012 607 2050 etc.,—Pridie
623 2013 664 2042 ad
683 2012 851 2052 Capellam
869 2012 910 2042 de
935 2011 1096 2041 Boseham
1121 2011 1305 2051 predictam
1329 2011 1546 2050 personaliter
1568 2022 1656 2042 acce·

278 2053 404 2093 dentes,
418 2055 481 2085 sub
496 2055 615 2095 quinto
629 2055 796 2086 Kalendas
812 2055 958 2095 Augusti
971 2055 1026 2093 [28
1040 2054 1146 2094 July]‚
1159 2054 1244 2084 A.D.
1262 2055 1320 2085 M0.
1336 2054 1436 2086 CCmo
1447 2056 1658 2094 nonagesimo

276 2100 405 2136 quartO,
423 2101 467 2136 et,
483 2102 585 2138 prout
600 2099 723 2129 nostris
739 2099 886 2129 humeris
902 2097 1126 2136 incumbebat,
1143 2098 1255 2128 debite
1271 2098 1482 2129 visitacionis
1504 2098 1657 2129 Officium

277 2144 466 2172 exercentes
482 2142 617 2180 ibidem,
637 2146 707 2173 tam
730 2142 764 2172 in
789 2142 936 2182 personis
959 2141 1225 2171 niinistrancium
1243 2141 1275 2171 in
1294 2141 1384 2172 dicta
1407 2141 1540 2181 Capella
1556 2152 1656 2182 quam

277 2183 375 2214 rebus
391 2185 621 2225 spectantibus
637 2186 679 2216 ad
695 2186 844 2224 eandem,
863 2185 1024 2215 nonnulla
1039 2184 1228 2215 invenimus
1245 2184 1340 2215 celeri
1364 2185 1566 2215 correccione
1583 2196 1657 2216 con-

277 2227 386 2267 digna.
431 2228 510 2267 Nos,
528 2229 640 2269 igitur,
665 2229 751 2260 circa
774 2228 1045 2259 reformacionem
1070 2238 1184 2258 eorum
1209 2238 1247 2257 eo
1271 2228 1431 2258 libencius
1455 2228 1657 2259 desudantes

274 2280 341 2310 quo
358 2271 460 2311 magis
478 2283 518 2302 ex
534 2282 572 2302 eo
588 2273 678 2312 quod
695 2273 806 2312 agitur
818 2282 990 2312 speramus
1004 2271 1121 2301 mereri
1134 2271 1167 2301 in
1181 2271 1335 2309 Domino,
1350 2274 1384 2301 et
1401 2281 1501 2310 penas
1514 2282 1573 2311 pro
1586 2273 1657 2312 qui>

277 2314 339 2344 bus
353 2314 495 2354 quilibet
504 2315 655 2346 Prelatus
667 2316 831 2355 necligens
844 2326 877 2345 se
889 2315 1027 2355 dignum
1042 2314 1142 2345 efficit
1152 2314 1310 2351 devitare,
1319 2314 1382 2344 sub
1394 2314 1508 2345 Divini
1519 2318 1656 2346 attesta-

276 2357 369 2388 cione
385 2358 511 2389 Judicii
527 2359 737 2399 injungimus
754 2362 788 2389 et
803 2359 1000 2389 mandamus
1017 2361 1057 2388 ut
1072 2358 1193 2388 Vicarii
1211 2357 1334 2387 Divino
1351 2357 1516 2397 Obsequio
1540 2358 1658 2389 intitu-

275 2400 336 2430 lati
352 2402 471 2431 amodo
489 2403 587 2432 modo
611 2403 725 2433 debito
748 2402 966 2442 frequentent
994 2401 1162 2441 Capellam
1186 2400 1422 2440 supradictam,
1439 2402 1598 2432 distincte
1625 2406 1659 2433 et

277 2447 404 2483 aperte,
432 2445 556 2485 absque
586 2446 678 2476 omni
704 2446 933 2486 sincopacione
960 2448 995 2475 et
1022 2444 1285 2484 precipitacione,
1310 2444 1458 2483 legendo,
1482 2445 1658 2484 psalmodi-

278 2487 390 2526 tando,
421 2491 457 2518 et
483 2490 658 2527 cantando,
687 2489 788 2520 nichil
815 2489 948 2529 penitus
975 2488 1226 2519 committentes
1253 2487 1342 2527 quod
1368 2487 1488 2518 Divine
1513 2488 1660 2519 offendat

278 2531 390 2561 oculos
407 2531 603 2572 Majestatis,
621 2533 712 2563 omni
735 2533 787 2563 vel
815 2532 971 2563 omnibus
995 2530 1224 2570 negociacione
1246 2530 1363 2560 illicita
1386 2534 1421 2561 et
1445 2531 1553 2571 turpis
1576 2532 1660 2562 lucri

276 2577 399 2613 questu
418 2575 463 2605 eis
480 2586 615 2615 prorsus
632 2575 846 2606 manentibus
862 2575 1062 2611 interdictis;
1079 2573 1246 2610 canonici,
1265 2584 1407 2614 quoque,
1425 2574 1466 2604 de
1483 2575 1577 2605 bonis
1593 2585 1659 2615 que

273 2617 320 2647 ibi
339 2618 530 2658 percipiunt
548 2619 622 2658 plus
639 2619 737 2649 solito
754 2619 975 2659 hospitalitati
999 2618 1167 2655 insistant,
1186 2617 1310 2648 Christi
1334 2627 1494 2657 pauperes
1510 2617 1659 2658 ejusdem

280 2661 438 2691 Parocbie
456 2662 509 2701 pia
525 2663 760 2700 consolacione,
773 2665 813 2693 ut
829 2662 993 2699 convenit,
1005 2661 1196 2696 visitantes;
1214 2671 1250 2690 ac
1268 2660 1395 2690 edificia
1414 2661 1660 2693 prebendarum

282 2714 419 2734 suarum
437 2705 567 2735 dirruta
590 2706 782 2736 reedificent
800 2709 834 2735 et
851 2705 1049 2735 deteriorata
1066 2706 1230 2743 reparent,
1250 2706 1290 2733 ut
1312 2706 1481 2736 tenentur.
1528 2705 1661 2745 Nullus,

276 2747 422 2787 insuper,
442 2749 638 2786 Canonicus,
655 2749 817 2787 vicarius,
834 2751 895 2779 aut
911 2748 1020 2788 quivis
1037 2747 1121 2778 alius
1138 2746 1270 2787 Capelle
1286 2747 1484 2787 supradicte,
1502 2749 1663 2780 terminos

283 2790 368 2830 juris
385 2791 483 2821 alieni
500 2791 649 2831 invadat,
665 2796 716 2823 set
731 2792 874 2832 quilibet
890 2791 1002 2822 debita
1017 2791 1080 2821 sibi
1096 2790 1258 2831 porcione,
1272 2790 1313 2820 ab
1326 2791 1465 2831 antiquo
1477 2793 1663 2823 secundum

279 2833 568 2865 Consuetudinem
582 2835 715 2876 Capelle
727 2835 888 2866 hactenus
901 2834 1071 2873 usitatam,
1083 2836 1262 2865 contentus
1273 2833 1405 2866 existat.
1432 2835 1546 2866 Cesset
1556 2836 1665 2866 omnis

257 2890 282 2925 S

125 2649 174 2676 fol.
187 2651 228 2677 19.
