1987 3062
129 390 162 416 A.
168 391 202 417 D.

130 425 203 451 1384.

133 457 191 484 Vol.
206 458 227 484 I.

430 293 718 327 REGISTRUM
766 292 1222 327 ooMMuNE———ANNO
1269 282 1362 326 15⁰.
1571 285 1663 327 557

285 397 482 437 solidorum,
512 409 616 439 quam
643 409 705 438 pro
732 398 894 438 porcione
917 397 1049 429 Vicarii
1066 397 1157 427 dicte
1174 396 1328 426 Ecclesie
1346 396 1390 426 ad
1406 396 1665 435 reparacionem

284 440 485 481 hujusmodi
502 442 704 473 defectuum
722 443 1010 473 contribuendam
1033 441 1134 481 juxta
1158 450 1377 471 communem
1402 440 1664 470 estimacionem

283 485 513 517 sufficientem
542 490 755 526 reputamus,
785 487 848 517 sub
876 487 1061 527 Sequestro
1091 487 1211 515 nostro
1243 484 1443 524 hujusmodi
1474 494 1664 514 remanere.

283 528 400 568 Vobis,
429 531 546 569 igitur,
576 531 724 561 firmiter
760 531 995 571 injungentes,
1024 529 1276 559 committimus
1301 530 1336 558 et
1360 528 1568 558 mandamus
1584 538 1665 567 qua-

283 573 379 603 tinus
397 574 529 605 dictum
548 574 772 615 Sequestrum
796 578 964 612 nostrum,
990 575 1025 604 in
1049 573 1224 603 fructibus
1248 573 1401 603 Ecclesie
1418 572 1573 611 predicte
1591 582 1665 611 por-

284 617 419 648 cionem
443 619 575 649 Vicarii
599 619 757 659 ejusdem
781 618 1075 658 contingentibus,
1100 620 1140 647 ut
1164 617 1391 656 premittitur,
1420 616 1666 655 interpositum

283 660 392 692 fuisse
420 664 456 692 et
482 673 567 701 esse,
594 673 634 694 ac
659 673 849 699 remanere,
877 663 1014 702 publice
1041 664 1076 692 et
1103 661 1329 700 solempniter
1352 660 1536 697 nuncietis‚
1554 662 1589 690 et
1606 670 1668 699 per

284 705 369 735 alios
386 705 526 738 faciatis
542 707 644 738 modo
662 708 768 738 simili
785 707 944 738 nunciari
959 721 966 744 ;
984 706 1094 736 dictos
1112 708 1253 736 centum
1279 705 1406 735 solidos
1428 705 1470 734 de
1494 704 1668 734 fructibus

285 749 442 789 ejusdem
471 751 624 782 Ecclesie
648 752 846 791 porcionem
864 751 994 782 Vicarii
1012 749 1310 786 concernentibus,
1329 758 1475 788 quorum
1492 759 1561 778 non
1579 749 1666 778 solu-

285 794 393 825 cionis
410 795 589 826 occasione
606 796 822 826 construccio
838 798 874 826 et
890 795 1067 835 reparacio
1083 793 1211 833 prefati
1237 793 1389 823 Cancelli
1407 792 1617 822 differuntur
1633 795 1668 822 et

285 839 446 877 nequiter
472 840 706 877 retardantur,
729 840 942 879 quamcicius
967 838 1145 870 commode
1173 837 1344 877 poteritis,
1369 837 1477 866 levari
1501 839 1535 866 et
1553 836 1668 875 colligi

285 881 455 913 facientes
467 897 474 920 ;
499 884 705 923 eosdemque
722 886 863 914 centum
877 884 1002 914 solidos
1015 881 1161 922 prefatis
1175 881 1323 911 Domino
1337 881 1515 919 Nicholao,
1530 881 1669 911 Vicario

287 926 453 965 predicte,
483 929 518 957 et
545 927 692 958 Ricardo
719 928 831 958 Brode
860 928 995 958 concito
1011 926 1259 966 persolventes,
1276 935 1339 964 per
1355 925 1447 964 ipsos
1463 925 1500 954 in
1516 935 1600 955 usus
1617 935 1667 954 re-

287 970 482 1009 paracionis
498 971 699 1012 hujusmodi
717 972 929 1009 defectuum,
946 981 1008 1011 pro
1024 970 1187 1011 porcione
1211 970 1321 1010 ipsius
1345 969 1476 999 Vicarii
1500 969 1615 999 debite
1633 971 1668 999 et

287 1014 447 1045 celeriter
472 1016 734 1046 convertendos.
789 1016 845 1046 Ad
869 1016 943 1053 hec,
969 1025 1040 1052 vos,
1070 1015 1249 1044 Decanum
1278 1014 1320 1043 de
1338 1014 1535 1052 Honytone,
1554 1023 1594 1043 ac
1610 1013 1667 1043 Vi-

288 1058 399 1088 carios
432 1059 666 1090 Ecclesiarum
699 1060 741 1090 de
782 1059 908 1090 Setone
947 1062 981 1090 et
1013 1060 1258 1098 Axemynstre,
1291 1060 1411 1088 tenore
1444 1057 1668 1087 Presencium

287 1103 520 1142 peremptorie
538 1104 686 1134 citamus
704 1105 795 1144 quod
811 1104 1052 1143 compareatis,
1070 1105 1105 1133 et
1122 1103 1267 1142 quilibet
1284 1104 1440 1132 vestrum
1458 1104 1668 1141 compareat,

288 1155 405 1176 coram
434 1147 636 1178 Presidente
669 1148 873 1178 Consistorii
898 1148 1009 1178 nostri
1037 1147 1252 1183 Exoniensis,
1284 1146 1396 1185 primo
1429 1146 1483 1175 die
1514 1145 1669 1176 Juridico

288 1191 437 1229 proximi
455 1191 660 1222 Consistorii
688 1192 725 1222 in
743 1192 898 1222 Ecclesia
914 1194 1034 1222 nostra
1052 1191 1252 1221 Cathedrali
1270 1190 1411 1227 Exonie,
1429 1192 1507 1229 post
1526 1190 1668 1220 Festum

290 1234 455 1265 Omnium
485 1235 691 1266 Sanctorum
717 1237 874 1276 proximo
901 1246 994 1266 nunc
1019 1236 1190 1272 futurum,
1215 1234 1442 1271 celebrando,
1471 1244 1574 1273 super
1591 1243 1668 1264 con-

289 1280 428 1318 temptu
453 1282 488 1309 et
514 1279 763 1317 inobediencia,
792 1290 832 1310 eo
858 1280 949 1320 quod
977 1279 1155 1310 consimile
1185 1278 1391 1308 Mandatum
1415 1288 1477 1318 per
1492 1288 1555 1307 nos
1571 1278 1669 1308 vobis

290 1322 471 1361 directum,
498 1326 533 1354 et
558 1334 620 1363 per
644 1334 705 1354 vos
730 1324 921 1354 admissum
946 1326 980 1353 et
996 1326 1186 1363 receptum,
1203 1323 1291 1353 citra
1310 1323 1452 1352 Festum
1471 1321 1589 1352 Sancti
1606 1322 1668 1351 Mi-

289 1366 417 1396 chaelis
430 1368 587 1406 proximo
600 1369 818 1408 preteritum,
832 1370 935 1408 prout
951 1367 1123 1398 habuistis
1136 1367 1172 1396 in
1185 1367 1361 1396 mandatis
1374 1366 1512 1403 nostris,
1526 1366 1669 1396 minime

289 1411 480 1441 certificare
497 1413 656 1450 curastis,
674 1413 790 1442 debite
806 1412 1016 1452 responsuri,
1031 1414 1066 1441 et
1080 1411 1121 1441 de
1132 1411 1280 1441 veritate
1292 1410 1448 1447 dicenda,
1461 1411 1489 1440 si
1500 1412 1668 1449 oporteat,

288 1455 519 1493 personaliter
543 1456 713 1496 juraturi3
741 1456 939 1496 facturique
967 1456 1124 1492 ulterius,
1153 1458 1217 1485 etc.
1267 1455 1311 1484 Et
1337 1454 1419 1494 quid
1450 1454 1605 1484 feceritis
1633 1455 1670 1484 in

288 1499 477 1537 premissis,
505 1510 578 1537 nos,
607 1510 668 1530 seu
693 1501 777 1531 dicti
801 1500 1005 1531 Consistorii
1022 1500 1133 1530 nostri
1150 1499 1390 1529 Presidentem
1407 1508 1669 1538 quemcumque,

289 1542 377 1572 citra
396 1543 538 1574 Festum
555 1544 691 1574 Natalis
709 1545 849 1575 Domini
866 1544 1023 1584 proximo
1039 1554 1132 1574 nunc
1148 1544 1318 1580 futurum,
1331 1543 1445 1573 debite
1459 1543 1670 1580 certificetis,

289 1587 522 1618 communiter
538 1597 599 1618 seu
615 1589 763 1627 divisim,
781 1589 1004 1619 Presencium
1022 1598 1101 1619 cum
1119 1590 1238 1618 tenore
1259 1586 1423 1627 (without
1440 1587 1545 1624 date).

137 1625 211 1656 [N0·
249 1627 571 1676 Confessions,—

136 1666 201 1685 vEM

139 1694 220 1723 BER]
246 1684 347 1723 Item,
375 1685 572 1724 Londoniis,
599 1686 733 1716 decimo
757 1686 812 1716 die
841 1686 1058 1724 Novembris,
1084 1685 1253 1715 Dominus
1277 1685 1448 1715 concessit
1473 1684 1671 1715 Licenciam

294 1728 409 1758 Fratri
426 1730 578 1760 Johanni
591 1730 748 1768 Suttone,
761 1730 871 1761 Priori
889 1731 1067 1761 Prioratus
1081 1730 1122 1760 de
1136 1729 1292 1765 Suttone,
1303 1729 1404 1769 juxta
1414 1729 1670 1767 Plummouthe,

293 1772 337 1802 ad
354 1773 566 1804 audiendum
584 1774 828 1805 Confessiones
853 1775 1071 1805 subditorum
1096 1774 1235 1803 Domini
1260 1783 1554 1813 quorumcumque
1578 1773 1672 1803 infra

292 1816 626 1848 Archidiaconatum
644 1818 814 1857 Tottonie,
833 1819 877 1849 ad
893 1818 1151 1858 beneplacitum
1163 1818 1303 1848 Domini
1321 1818 1525 1847 duraturam
1538 1831 1545 1854 ;
1562 1827 1670 1848 reser-

292 1861 384 1891 vatis
401 1862 538 1892 casibus
559 1863 745 1893 consuetis.

244 1913 301 1950 St.
320 1913 503 1952 Phillack
525 1913 687 1967 [Sancte
708 1916 940 1961 Felicitatis,
960 1913 1064 1968 MS]
1075 1928 1085 1962 ,·
1107 1915 1262 1952 Master
1277 1914 1432 1952 Robert
1445 1914 1669 1965 Trethewy,

301 1967 421 2013 R„-

248 2021 394 2054 Licence
411 2023 447 2054 of
463 2024 727 2055 non-residence
744 2024 799 2055 for
815 2035 835 2055 a
851 2035 936 2065 year
956 2022 1126 2065 (London,
1145 2025 1185 2054 13
1202 2022 1320 2065 Nov.).

250 2074 492 2114 Colebrooke
509 2091 519 2124 3
548 2078 708 2115 Licence
729 2085 764 2115 to
784 2079 1031 2124 celebrate,——

252 2130 354 2169 Item,
372 2132 569 2171 Londoniis,
585 2134 779 2172 penultimo
797 2134 852 2164 die
868 2134 1086 2172 Novembris,
1104 2134 1273 2164 Dominus
1290 2133 1461 2163 concessit
1478 2133 1675 2164 Licenciam

296 2174 371 2205 Ade
390 2175 596 2215 Coplestone
613 2180 648 2207 et
665 2178 774 2207 Alicie
791 2178 889 2208 uxori
914 2178 1091 2218 ejusdem,
1115 2187 1262 2216 necnon,
1279 2178 1431 2207 «Iohanni
1457 2178 1674 2217 Coplestone,

296 2219 367 2248 filio
384 2220 583 2258 eorundem,
601 2223 635 2250 et
653 2222 762 2252 Alicie
779 2222 877 2252 uxori
895 2222 978 2251 dicti
995 2221 1176 2259 Johannis‚
1194 2222 1284 2261 quod
1308 2222 1452 2260 possint,
1471 2224 1505 2251 et
1529 2222 1675 2261 quilibet

296 2272 415 2292 eorum
446 2274 509 2302 per
539 2274 575 2294 se
607 2265 726 2303 possit,
757 2265 873 2295 facere
906 2266 1032 2295 Divina
1064 2265 1241 2303 celebrari,
1266 2271 1342 2303 ete,
1368 2266 1403 2294 in
1437 2265 1579 2304 Capella
1603 2266 1674 2296 sive

298 2306 458 2338 Oratorio
476 2308 666 2339 Mansionis
684 2309 725 2338 de
744 2308 960 2348 Coplestone‚
978 2309 1014 2339 in
1032 2309 1201 2340 Parochia
1219 2310 1260 2339 de
1279 2309 1447 2339 Colbroke
1465 2310 1592 2340 situate
1607 2324 1614 2348 3
1631 2310 1676 2340 ad

296 2350 554 2390 beneplacitum
572 2352 710 2382 Domini
728 2353 944 2384 duraturam.

140 2401 220 2462 ‘1:133‘-
251 2404 627 2442 Brent—Buckfast
647 2405 853 2456 Abbey,—

142 2469 223 2498 BER]
254 2458 414 2497 Thomas,
446 2462 523 2498 ete,
555 2461 737 2500 cujusdam
771 2461 893 2492 Gracie
924 2462 1122 2501 Apostolice
1155 2462 1304 2492 Domino
1336 2462 1487 2492 Roberto
1520 2462 1675 2502 Knythe,

297 2503 500 2542 presbitero,
518 2507 635 2535 nostre
653 2505 818 2544 Diocesis,
836 2506 877 2536 de
895 2506 1070 2536 Beneficio
1088 2506 1334 2537 Ecclesiastico
1358 2509 1523 2537 consueto
1547 2507 1675 2537 abolim

299 2547 443 2578 Clericis
461 2547 681 2579 Secularibus
698 2549 879 2588 assignari,
897 2550 940 2580 ad
965 2550 1279 2588 Presentacionem,
1299 2550 1541 2588 Collacionem,
1560 2551 1674 2580 Provi-

299 2591 443 2629 sionem,
461 2601 521 2621 seu
545 2593 703 2631 quamvis
727 2593 832 2623 aliam
857 2594 1123 2632 disposicionem
1144 2594 1398 2632 Religiosorum
1415 2594 1588 2632 Virorum,
1606 2595 1674 2624 Ab·

300 2635 392 2665 batis
409 2638 444 2665 et
462 2635 662 2666 Conventus
686 2637 889 2667 Monasterii
914 2637 1124 2675 Bukfestrie‚
1144 2638 1283 2668 Ordinis
1308 2638 1559 2676 Cisterciensis‚
1584 2648 1674 2668 com-

300 2679 454 2709 muniter
480 2680 535 2709 vel
566 2680 704 2710 divisim
729 2681 937 2719 pertinente,
963 2682 999 2711 in
1024 2681 1138 2711 forma
1164 2692 1232 2721 qua
1259 2681 1364 2711 Sedes
1389 2682 1590 2721 Apostolica
1612 2692 1675 2721 pro

299 2723 510 2762 pauperibus
527 2724 660 2754 clericis
676 2724 924 2755 beneficiandis
941 2725 1090 2755 scribere
1115 2726 1304 2763 consuevit,
1321 2735 1383 2764 per
1408 2725 1674 2756 Sanctissimum

299 2767 336 2796 in
354 2766 492 2797 Christo
509 2767 650 2798 Patrem
667 2770 702 2798 et
720 2768 908 2798 Dominum
930 2772 1100 2807 nostrum,
1118 2769 1307 2799 Dominum
1332 2769 1524 2807 Urbanum,
1548 2770 1675 2800 Divina

299 2810 527 2841 Providencia
552 2811 683 2851 Papam
717 2812 870 2850 Sextum,
901 2812 995 2843 facte
1027 2816 1063 2843 et
1088 2822 1260 2850 concesse,
1288 2813 1460 2843 Executor
1490 2814 1622 2851 unicus,
1654 2823 1675 2843 a

298 2854 386 2885 Sede
405 2855 606 2894 Apostolica
629 2856 784 2895 legitime
809 2857 1007 2896 deputatus,
1024 2857 1175 2888 Decanis
1199 2857 1370 2896 Tottonie,
1395 2857 1614 2897 Wodeleghe,
1639 2860 1675 2888 et
