1987 3062
313 263 408 307 490
524 275 622 308 THE
658 275 900 309 Rsseis'rsa
934 276 992 308 oF
1028 275 1205 309 BISHoP
1239 275 1643 310 BRANTYNGHAM.

470 380 505 407 et
522 379 751 418 prejudicium
769 390 837 408 non
863 378 1047 414 modicum,
1065 389 1104 408 ac
1130 378 1255 408 Sancte
1281 379 1403 409 Matris
1429 379 1580 409 Ecclesie
1604 382 1843 417 contemptum

317 442 338 465 V
352 444 366 464 *1
382 424 413 466 'I'
470 425 504 451 et
522 423 723 452 scandalum
742 423 967 452 manifestum
983 437 989 459 ;
1017 423 1157 462 Majoris
1176 423 1555 453 Excommunicaeionis
1580 424 1799 453 Senteneiam
1824 434 1844 453 a

370 462 375 467 “
415 462 420 467 “
472 465 610 496 Canone
628 467 735 496 latam
754 467 1023 505 dampnabiliter
1039 467 1256 496 incurrendo.
1304 467 1420 504 Vobis,
1437 467 1553 506 igitur,
1571 467 1785 507 conjunctim
1810 470 1843 496 et

470 510 606 540 divisim
639 511 900 547 committimus,
933 514 1008 545 etc..
1041 511 1204 550 quatinus
1236 521 1355 541 omnes
1386 513 1421 541 et
1453 511 1607 550 singulos
1645 511 1844 551 hujusmodi

470 555 722 591 malefactores,
735 565 922 593 eorumque
939 555 973 583 in
991 555 1055 584 hac
1073 557 1171 593 parte
1188 555 1371 593 complices
1384 557 1419 584 et
1435 555 1601 592 fautores,
1612 555 1748 594 publice
1761 558 1796 585 et
1810 555 1845 584 in

469 608 595 636 genere
613 599 661 628 sic
678 599 995 628 excmnmunicatos
1017 598 1124 628 fuisse
1148 601 1183 628 et
1207 609 1292 636 esse,
1309 599 1344 628 in
1370 599 1524 629 Ecclesia
1549 599 1666 629 Sancti
1689 599 1845 629 Gluviaci

470 642 626 680 predicta
649 643 792 681 aliisque
819 643 980 672 Ecclesiis
998 643 1119 672 vicinis
1143 645 1246 681 prout
1270 643 1430 681 expedire
1448 643 1613 681 videritis,
1632 643 1761 673 Diebus
1779 644 1843 672 Do-

470 686 605 716 minicis
629 690 664 716 et
690 687 846 723 Festivis,
864 687 958 716 intra
982 687 1167 716 Missarum
1192 687 1391 725 solempnia,
1417 697 1495 716 cum
1521 687 1632 726 major
1656 687 1691 716 in
1715 687 1845 717 eisdem

469 730 609 759 affuerit
640 731 766 769 populo
798 731 996 767 multitudo,
1028 741 1107 760 cum
1138 731 1382 769 solempnitate
1414 731 1531 761 debita
1563 731 1788 767 denuncietis,
1813 734 1847 760 et

470 773 608 804 faciatis
626 785 687 813 per
703 774 787 804 alios
805 774 1005 804 denunciari
1021 789 1027 811 3
1053 785 1072 804 a
1090 774 1359 804 denunciacione
1376 775 1575 814 hujusmodi
1593 786 1661 804 non
1673 778 1848 805 cessantes

470 828 646 857 quousque
664 819 905 848 Absolucionis
922 819 1127 848 beneficium
1146 819 1337 848 meruerint
1355 819 1520 857 optinere,
1538 822 1572 848 et
1590 819 1683 849 aliud
1705 830 1725 849 a
1750 819 1848 848 nobis

471 862 663 892 habueritis
680 862 713 891 in
733 863 918 892 mandatis.
967 863 1001 892 Si
1019 872 1113 902 quos,
1132 865 1260 899 autem,
1278 863 1509 893 reclamantes
1526 863 1560 892 in
1582 863 1646 893 hac
1670 866 1769 902 parte
1788 873 1848 893 seu

471 916 574 944 super
589 906 766 946 premissis
784 907 917 936 notorie
942 907 1096 936 irretitos
1122 907 1334 943 inveneritis,
1353 907 1478 943 citetis,
1496 917 1556 936 seu
1573 907 1673 936 citari
1697 907 1846 943 faciatis,

472 951 713 989 peremptorie,
731 951 870 980 eosdem
888 951 978 990 quod
997 953 1221 989 compareant
1239 961 1354 980 coram
1372 951 1481 986 nobis,
1500 951 1552 980 vel
1570 951 1699 980 nostris
1723 951 1758 980 in
1783 951 1848 981 hac

471 997 569 1032 parte
598 994 862 1029 Commissariis,
889 995 994 1024 certis
1022 995 1076 1024 die
1099 997 1134 1024 et
1160 995 1233 1024 1000
1259 1005 1343 1034 quos
1367 995 1416 1024 eis
1439 995 1597 1024 videritis
1621 995 1848 1034 prefigendos,

471 1048 611 1068 causam
641 1039 902 1068 reelamacionis
930 1049 990 1068 sue
1019 1039 1219 1078 hujusmodi
1245 1039 1279 1067 in
1306 1039 1420 1068 forma
1450 1039 1537 1079 juris
1569 1039 1788 1078 proposituri,
1814 1042 1850 1068 et

472 1082 709 1112 innocenciam
728 1092 826 1113 suam
844 1083 1045 1122 probaturi3
1071 1083 1284 1122 ulteriusque
1302 1083 1440 1120 facturi,
1458 1085 1523 1113 etc.
1545 1081 1708 1122 (without
1726 1082 1835 1122 date).

426 1140 648 1177 Brushford
666 1154 672 1184 ;
702 1141 914 1177 Relfflracio
935 1141 1201 1189 ›S‘eq‘zcestri,——

428 1196 469 1225 In
488 1196 626 1226 Christo
643 1196 691 1225 fili
708 1196 1186 1235 precarissiine.†Supplieat
1204 1194 1281 1235 (sic)
1296 1197 1403 1234 nobis,
1422 1207 1463 1227 cx
1480 1199 1578 1236 parte
1597 1197 1848 1236 Religiosorum

472 1240 645 1277 Virorum,
669 1241 815 1270 Abbatis
835 1243 870 1270 et
896 1240 1095 1270 Conventus
1120 1241 1161 1270 de
1187 1240 1415 1279 Hertylonde,
1440 1243 1515 1277 etc.,
1541 1241 1848 1280 proprietariorum

474 1284 625 1314 Ecclesie
644 1284 857 1314 Parochialis
875 1285 916 1314 (le
935 1284 1186 1319 Brissheforde,
1204 1287 1243 1314 ut
1262 1284 1487 1324 Sequcstrum
1505 1285 1539 1314 in
1564 1285 1672 1324 ipsius
1698 1285 1849 1315 Ecclesic

472 1328 654 1365 fructibus,
683 1329 726 1358 ad
752 1329 1008 1367 promocionem
1035 1329 1324 1367 parochianorum
1348 1328 1486 1366 ibidem,
1508 1339 1570 1368 pro
1596 1340 1636 1359 eo
1664 1329 1754 1368 quod
1780 1340 1848 1358 11011

473 1372 649 1402 habebant
667 1373 902 1403 presbiterum
921 1373 969 1402 eis
988 1373 1213 1402 Sacramenta
1238 1376 1272 1402 et
1299 1373 1572 1403 Sacramentalia
1589 1373 1847 1403 ministrantem

473 1416 683 1446 auctoritate
707 1420 827 1446 nostra
851 1417 1107 1455 interpositum,
1134 1417 1289 1446 relaxare
1314 1417 1499 1453 vellemus3
1532 1417 1700 1455 volumus,
1732 1417 1848 1456 igitur,

473 1460 573 1499 quod,
592 1460 618 1489 si
636 1461 837 1499 parochiani
856 1461 1002 1499 predicti
1021 1461 1064 1490 ad
1089 1461 1123 1490 id
1148 1461 1381 1498 consenciant,
1401 1461 1625 1500 Sequestrum
1650 1462 1849 1501 hujusmodi

473 1504 645 1534 relaxetis.
694 1505 854 1544 Alioquin
882 1505 1033 1534 Ecclesie
1059 1507 1260 1541 memorate,
1286 1505 1476 1534 secundum
1501 1505 1734 1544 quantitatem
1759 1505 1849 1535 fruc-

472 1550 571 1577 tuum
604 1548 721 1587 ipsius,
748 1549 887 1579 faciatis
918 1549 953 1578 in
986 1549 1120 1578 Divinis
1152 1551 1191 1578 ut
1219 1549 1381 1579 convenit
1412 1549 1613 1580 ministrari.
1660 1550 1756 1587 Vale,
1784 1552 1849 1580 etc.

475 1591 640 1631 (without
657 1591 767 1631 date).

426 1645 617 1682 Bideford
647 1644 879 1698 [Bydforde,
909 1645 1013 1697 MS]
1034 1659 1042 1692 3
1074 1647 1223 1683 Master
1252 1647 1298 1682 R,
1332 1647 1566 1693 Beaumont,
1592 1647 1780 1684 Bachelor
1809 1647 1849 1683 in

480 1699 606 1744 Laws,
629 1699 863 1744 subdeacon,
888 1700 1006 1745 R,—

428 1755 661 1791 Dispensation
679 1768 684 1785 :
709 1755 972 1785 non-residence
990 1756 1044 1785 for
1061 1766 1152 1785 seren
1172 1765 1284 1795 years,
1303 1757 1338 1785 to
1356 1756 1461 1796 study
1479 1758 1515 1786 at
1541 1756 1671 1786 Uxford
1695 1767 1733 1786 or
1750 1756 1849 1787 Cam-

474 1799 594 1838 bridge
615 1798 786 1838 (London,
803 1800 845 1828 23
865 1798 975 1839 Feb).

319 1857 406 1916 ἓξὲξ
431 1857 838 1908 Letters-Dimissory,
852 1883 896 1886 -—

429 1913 521 1943 John
538 1915 611 1943 atte
630 1914 720 1951 Mile,
739 1914 894 1951 accolito,
914 1913 931 1926 ⁴⁶
946 1914 989 1944 ad
1007 1924 1126 1944 omnes
1145 1914 1267 1944 Sacros
1286 1914 1431 1944 Ordines
1443 1914 1460 1925 '⁷
1482 1914 1652 1953 (London,
1664 1916 1683 1944 3
1702 1913 1852 1955 March).

319 1973 417 2032 1l1ilpro
428 1974 483 2010 St.
509 1972 676 2009 Crowan
692 1985 700 2018 5
730 1972 890 2008 Limum
911 1978 946 2009 to
966 1972 1213 2018 celebrate,—

319 2017 535 2066 Csscgffssgjtem,
562 2027 700 2065 ibidem,
730 2027 775 2067 vij
805 2028 858 2057 die
891 2027 1046 2067 ejusdem
1080 2027 1218 2064 mensis,
1252 2027 1419 2058 Ricardns
1452 2029 1567 2058 Brune
1599 2031 1634 2058 et
1666 2039 1751 2058 uxor
1778 2029 1852 2069 ejus

320 2074 452 2100 cessione.
474 2072 669 2101 habuerunt
697 2071 891 2101 Licenciam
925 2071 966 2101 de
992 2071 1158 2101 celebrari
1191 2071 1351 2101 faciendo
1383 2072 1518 2107 Divina,
1550 2083 1612 2111 per
1642 2073 1853 2111 presbiteros

321 2108 461 2166 'ss‘ffiffiY''
475 2116 638 2155 ydoneos,
664 2116 698 2145 in
718 2116 858 2154 Capella
883 2115 976 2145 infra
1002 2116 1196 2145 Manerium
1221 2126 1321 2145 suum
1347 2116 1387 2145 de
1415 2116 1574 2155 Clowyns
1597 2115 1798 2156 [Clowance,
1818 2117 1849 2146 ιἰι

321 2148 454 2204 ἓξςῐεξᾚκ.
477 2160 522 2189 St.
544 2158 714 2198 (11010001
732 2160 766 2189 111
786 2160 955 2189 Parochia
977 2160 1102 2189 Sancte
1121 2159 1280 2189 Cruenne
1306 2160 1485 2194 situatum,
1502 2161 1537 2190 in
1562 2161 1741 2199 presencia
1764 2161 1850 2200 ipso-

320 2209 556 2246 Suardpby,1·mn
575 2214 635 2234 seu
653 2214 771 2234 eorum
790 2204 952 2240 alterius3
978 2204 1143 2243 quamdiu
1161 2204 1309 2233 Domino
1326 2204 1495 2243 placuerit
1513 2205 1727 2235 duraturam.

317 2243 415 2300 (ἐέτιόξι
430 2262 892 2312 Letters-Dimissorys—

320 2309 415 2357 libera·
431 2317 581 2347 Thomas
607 2318 731 2355 Cooke,
758 2318 794 2347 of
827 2317 1072 2357 Kingsbridge,
1100 2317 1253 2355 accolite,
1284 2316 1355 2347 “ad
1380 2328 1499 2348 omnes
1526 2318 1648 2349 Sacros
1677 2319 1822 2349 Ordines
1836 2318 1853 2331 ⁷²

320 2348 366 2368 Μ’
478 2361 602 2401 (Clyst,
624 2362 663 2391 19
681 2362 830 2400 March).

432 2414 580 2451 Exeter
609 2414 852 2460 Cathedral,
892 2415 1134 2451 lllmzdatum
1166 2428 1282 2462 super
1309 2414 1536 2462 penitencia
1567 2415 1752 2464 ivjmwta
1778 2429 1852 2464 pro

483 2468 744 2504 ahsa-accione
765 2468 973 2516 (tvqjm'dam
993 2468 1155 2516 00⁹!f7‘5l‘3
1176 2468 1222 2504 ab
1242 2468 1415 2504 Ecclesia
1434 2469 1719 2514 Ει-(ηιι’07131’,,---Ἰ

434 2522 593 2560 ThomaS,
621 2526 697 2561 etc.,
727 2523 921 2553 Presidenti
951 2523 1102 2561 Capituli
1132 2523 1284 2552 Ecclesie.
1309 2526 1426 2553 nostre
1456 2524 1668 2561 Exoniensis,
1695 2525 1851 2560 salutem,

477 2567 677 2604 moeonia
702 2577 764 2596 nos
789 2567 903 2596 Nobili
928 2567 1022 2604 Viro,
1048 2566 1196 2596 Domino
1221 2567 1372 2596 Johanni
1397 2568 1438 2597 de
1464 2568 1656 2607 Dyneham,
1683 2569 1793 2605 Militi,
1817 2570 1851 2597 et

477 2611 581 2640 certis
608 2611 684 2650 ejus
708 2611 949 2646 familiaribus,
975 2621 1015 2640 ae
1039 2610 1195 2649 personis
1219 2610 1295 2640 aliis
1318 2611 1561 2650 infrascriptis,
1586 2614 1727 2651 propter
1750 2612 1851 2641 viola-

476 2654 608 2684 cionem
627 2655 815 2684 Libertatis
840 2654 992 2684 Eoclesie
1017 2656 1133 2683 nostre
1160 2654 1362 2684 Exoniensis
1386 2655 1421 2683 in
1444 2656 1657 2685 extrahendo
1681 2656 1850 2695 quendam

476 2698 671 2728 Johannem
698 2698 824 2733 Broun,
850 2698 1048 2736 confugam,
1073 2708 1135 2736 per
1162 2708 1220 2727 eos
1246 2698 1377 2727 factam
1402 2699 1592 2737 nuperime,
1617 2702 1719 2738 prout
1745 2698 1848 2734 scitis,

477 2745 590 2772 certas
615 2742 829 2780 penitencias
853 2742 1068 2781 injunximus
1092 2742 1319 2780 peragendas,
1344 2742 1502 2781 quamvis
1526 2743 1615 2772 idem
1641 2743 1791 2781 confuga
1808 2741 1851 2771 sit

477 2785 520 2814 ad
534 2786 679 2815 eandem
695 2785 885 2815 Ecclesiam
900 2785 1014 2815 debite
1028 2786 1232 2822 restitutus3
1256 2785 1428 2823 videlicet,
1446 2786 1538 2816 dicto
1558 2787 1668 2823 Militi,
1683 2788 1721 2816 ut
1738 2786 1850 2825 aliquo

478 2829 540 2859 Die
567 2829 748 2859 Dominico
774 2829 862 2859 citra
895 2830 1036 2859 Festum
1069 2829 1292 2859 Pentecostes
1323 2829 1480 2868 proximo
1511 2830 1679 2868 futurum,
1712 2832 1780 2860 stet
1807 2828 1850 2858 ad
