1987 3062
315 219 408 263 328

310 327 388 353 A.D.

313 360 387 387 1374.

312 394 377 420 Vol.
393 395 416 420 Ι.

534 231 634 263 THE
658 232 900 266 REGISTER
924 236 988 267 OF
1011 235 1188 269 BISHOP
1212 217 1611 277 BRANTYNGHAM.

463 331 614 371 predicti,
645 332 743 363 simul
777 344 876 373 super
907 334 1074 374 premissis
1111 337 1266 368 omnibus
1304 341 1338 370 et
1375 340 1513 379 singulis
1551 344 1771 374 deliberantes
1800 345 1834 373 et

463 374 634 405 deliberati
663 376 866 407 unanimiter
892 382 926 407 et
952 378 1157 409 concorditer
1184 381 1419 422 ordinavimus,
1444 395 1502 425 pro
1531 387 1624 417 nobis
1648 398 1684 417 ac
1708 387 1830 417 eisdem

464 416 710 457 VVyntoniensi,
729 419 930 450 Cancellario
949 421 1081 451 Domini
1107 422 1212 463 Regis,
1237 430 1271 455 et
1295 426 1462 466 Nicholao,
1487 432 1647 470 tanquam
1671 439 1829 470 organum

462 461 549 491 vocis
573 462 752 492 eorundem
778 473 835 502 per
860 464 1143 495 Constitucionem
1172 477 1287 498 eorum
1310 470 1508 510 optinentes,
1533 474 1731 503 auctoritate
1754 472 1829 503 sub-

461 504 624 534 missionis
647 506 823 544 antedicto,
840 506 872 536 iu
898 506 988 537 hunc
1011 509 1173 547 modnm;
1202 511 1363 551 videlicet,
1391 516 1479 553 quod
1507 517 1632 546 amocio
1658 517 1746 547 facta
1774 526 1831 555 per

460 548 631 578 Rectorem
657 552 690 578 et
714 549 859 580 Scolares
884 550 1021 588 Collegii
1046 553 1182 591 predicti
1210 555 1251 584 de
1280 555 1422 587 Domino
1451 558 1602 589 Johanne
1628 560 1825 594 Dedemonr‚

459 591 634 631 capellano,
653 595 720 621 stet
737 591 769 621 in
788 592 839 622 sni
856 593 974 632 vigore,
992 598 1027 624 et
1042 596 1130 634 quod
1149 596 1258 628 dietus
1275 598 1488 631 Reverendus
1514 602 1611 632 Pater
1634 602 1829 633 Exoniensis

456 634 556 664 faciet
571 637 606 664 et
623 635 812 674 procurabit
829 636 913 666 bona
931 637 1002 675 fide,
1020 638 1054 668 in
1078 643 1242 678 quantum
1268 643 1399 681 poterit,
1416 645 1505 683 quod
1529 645 1640 676 dictus
1664 645 1828 676 Dominus

455 677 625 708 ,Iohannes
648 678 849 708 admittetur
871 680 912 709 ad
937 681 1080 720 primum
1106 682 1213 712 locum
1232 689 1404 716 vacantem
1429 688 1461 716 in
1486 687 1575 718 dicto
1600 688 1743 727 Collegio
1767 688 1829 718 sibi

455 721 718 760 convenientem,
736 721 763 751 si
780 722 930 753 voluerit.
979 724 1023 754 Et
1045 735 1111 764 quo
1134 726 1175 756 ad
1200 727 1272 757 illos
1296 729 1353 768 qui
1377 734 1536 769 reputant
1552 742 1585 761 se
1601 736 1754 771 gravatos
1772 742 1828 771 per

454 764 581 804 aliquos
599 765 773 795 Processus
789 765 893 796 factos
912 777 967 805 per
985 767 1224 799 Cancellarium
1241 771 1474 803 Universitatis
1492 775 1646 813 predicte,
1661 775 1827 805 occasione

452 807 677 848 predictorum
702 808 928 847 quovismodo,
955 811 1180 842 ordinavimus
1215 815 1303 853 quod
1331 826 1444 846 omnes
1466 817 1513 847 illi
1541 818 1609 848 sint
1635 818 1683 848 ita
1706 817 1826 857 integri

452 854 562 882 status
578 851 665 881 sicut
691 851 830 881 fuerunt
846 856 923 882 ante
947 853 1052 883 dictos
1078 855 1251 886 Processus
1274 858 1509 898 i1iceptoS‚1iec
1533 864 1668 900 propter
1691 862 1762 891 illos
1786 861 1827 890 ab

451 895 562 934 aliquo
592 897 668 924 actu
701 894 879 925 Scolastico
904 896 952 925 vel
983 897 1166 936 Magistrali
1194 900 1444 940 impediuntur3
1475 907 1526 933 set
1553 904 1594 934 ad
1619 905 1728 934 omnia
1756 904 1825 934 sint

445 937 580 974 habiles,
598 938 694 967 etita
717 938 838 977 integri
861 942 970 969 status
992 951 1029 970 ac
1045 941 1071 970 si
1091 942 1228 981 predicti
1255 944 1427 976 Processus
1445 957 1502 985 per
1526 947 1653 977 (lictum
1679 947 1824 979 Cancell-

450 981 556 1011 arium
573 980 653 1010 facti
670 991 735 1011 non
753 982 896 1012 fuissent
911 992 918 1016 ς
935 993 999 1012 non
1018 983 1230 1016 intendentes
1247 997 1304 1026 per
1321 988 1417 1018 istam
1443 990 1695 1020 Ordinacionem
1713 990 1823 1030 preju-

451 1025 565 1060 dicare,
579 1024 611 1053 in
625 1024 746 1063 aliquo,
760 1025 993 1055 Jurisdiccioni
1009 1027 1160 1067 Episcopi
1176 1029 1378 1069 Exoniensis‚
1394 1032 1552 1071 Rectoris,
1564 1039 1624 1064 aut
1641 1034 1822 1065 Scolarium

449 1067 586 1106 Collegii
604 1067 752 1107 predicti,
771 1078 878 1108 neque
902 1069 1136 1100 Jurisdiccioni
1162 1073 1353 1104 Cancellarii
1372 1075 1611 1107 Universitatis
1629 1077 1824 1107 Oxoniensis

449 1110 622 1151 sepecficte,
640 1121 704 1150 que
721 1112 767 1140 eis
784 1111 1000 1150 quovismodo
1017 1118 1215 1152 competunt
1231 1126 1286 1146 seu
1307 1122 1446 1156 possunt
1467 1124 1663 1159 competere.
1713 1121 1823 1158 Quod-

448 1164 514 1194 que
529 1154 591 1192 ipsi
615 1154 737 1184 Rector
760 1159 794 1183 et
818 1154 973 1194 Scolares,
998 1166 1054 1186 seu
1082 1157 1277 1189 Procurator
1301 1162 1492 1200 eorundem,
1510 1173 1624 1193 omnes
1649 1163 1772 1194 Causas
1790 1167 1824 1193 et

447 1197 675 1237 suggestiones
692 1197 723 1226 in
744 1197 842 1227 Curia
861 1198 1090 1230 Cantuariensi
1107 1204 1142 1230 et
1158 1202 1235 1232 alibi
1249 1202 1442 1242 impetratas
1459 1209 1493 1235 et
1510 1214 1699 1245 prosecutas
1710 1210 1825 1237 contra

449 1240 689 1272 Cancellarium
712 1240 948 1272 Universitatis
972 1243 1139 1274 antedicte
1163 1250 1363 1284 revocarent,
1387 1252 1421 1278 et
1442 1249 1474 1278 in
1500 1260 1536 1278 ea
1560 1254 1652 1290 parte
1676 1261 1823 1290 superse-

446 1284 566 1314 derent
581 1283 716 1313 omnino
733 1284 774 1313 ab
790 1284 939 1314 ulteriori
955 1287 1187 1325 prosecucione
1211 1291 1566 1331 eorundem—Teum,
1584 1304 1670 1331 vero,
1689 1294 1821 1324 Articu-

444 1327 553 1358 lorum
573 1327 795 1366 predictorum
812 1327 888 1358 talis
905 1333 984 1358 erat.

401 1371 515 1401 —Hec
532 1373 613 1400 sunt
628 1371 819 1409 gravamina
834 1371 926 1401 illata
943 1372 1105 1413 Episcopo
1132 1374 1308 1406 Exoniensi
1326 1377 1357 1406 iu
1378 1380 1534 1418 personis,
1555 1380 1656 1417 bonis⁷
1675 1382 1708 1410 et
1725 1380 1825 1410 rebus

288 1845 338 1872 fol.
359 1844 419 1872 4712.

445 1414 628 1445 Scolarium
656 1413 760 1453 ipsius
783 1414 816 1444 in
842 1415 986 1452 Collegio
1010 1426 1070 1446 suo
1095 1417 1283 1457 Oxoniensi,
1309 1420 1503 1461 Stapildone
1528 1423 1624 1454 Halle
1642 1424 1824 1462 vulgariter

445 1463 646 1496 nuncupatO,
664 1460 779 1487 contra
796 1457 1041 1489 Fundacionem
1059 1463 1094 1490 et
1110 1461 1363 1494 Ordinacionem
1382 1465 1571 1504 primariam
1589 1470 1623 1497 et
1639 1467 1822 1506 antiquam,

442 1511 480 1531 ac
497 1501 635 1531 Statuta
649 1499 761 1540 jurata
778 1511 836 1540 per
852 1501 910 1541 xiij
931 1502 1076 1532 Scolares
1094 1503 1195 1542 ipsius
1215 1505 1358 1545 collegii,
1377 1513 1614 1540 connumerato
1637 1510 1823 1540 Presbitero

444 1544 630 1574 celebrante
642 1544 673 1573 in
688 1544 814 1581 eodem,
833 1555 889 1583 per
900 1545 1132 1577 Reverendum
1150 1548 1277 1587 Virum,
1299 1550 1493 1590 Magistrum
1514 1553 1717 1583 Willelmum
1732 1553 1817 1583 Wel-

443 1586 610 1625 tone(sic),
622 1586 1325 1630 UniversitatisOxoniensisCancellarium3
1341 1595 1423 1625 utin
1439 1596 1656 1636 infrascriptis
1664 1596 1823 1627 Articulis

443 1630 588 1661 seriatim
613 1630 903 1668 contimtum—In
922 1632 1046 1671 primis,
1065 1644 1121 1672 per
1146 1634 1401 1676 Fundacionem,
1421 1638 1683 1677 Ordinacionem,
1701 1643 1734 1669 et
1750 1640 1822 1670 Sta-

443 1677 517 1704 tuta
534 1673 576 1703 de
592 1673 714 1713 quibus
732 1674 942 1712 antedicitur,
957 1686 973 1704 a
987 1677 1215 1716 quadraginta,
1231 1679 1484 1720 quinquaginta,
1499 1687 1533 1712 et
1545 1683 1716 1723 sexaginta
1728 1683 1822 1713 annis

444 1717 593 1756 proximo
617 1717 784 1755 preteritis
808 1728 843 1747 ac
867 1728 967 1757 supra
989 1722 1024 1748 et
1047 1719 1128 1750 citra
1153 1722 1372 1761 venientibus,
1398 1725 1632 1757 tollerantibus
1649 1730 1682 1768 et
1706 1737 1822 1766 appro-

443 1759 611 1796 bantibus,
630 1769 667 1789 ac
684 1764 753 1789 tam
771 1760 871 1790 tacite
888 1771 987 1800 quam
1001 1772 1152 1802 expresse
1167 1767 1438 1803 permittentibus
1455 1772 1489 1799 et
1505 1770 1544 1799 ad
1563 1780 1598 1799 ea
1615 1770 1820 1800 consencien-

442 1803 534 1834 tibus
550 1803 759 1834 Cancellariis
775 1803 925 1843 ejusdem
944 1804 1179 1837 Universitatis
1193 1808 1250 1847 qni
1264 1820 1322 1848 pro
1334 1814 1482 1850 tempore
1498 1812 1646 1850 fuerunt,
1662 1823 1767 1853 usque
1780 1814 1821 1843 ad

445 1850 578 1886 tempus
594 1846 823 1885 gravaminum
841 1847 1114 1887 subscriptorum,
1127 1851 1288 1881 usitatum
1307 1853 1438 1892 pacifice
1455 1856 1612 1886 extiterat
1625 1860 1658 1885 et
1671 1857 1819 1887 observa-

444 1892 519 1920 tum
536 1889 569 1918 in
588 1889 731 1928 Collegio
748 1894 931 1920 memorato
947 1892 1037 1930 quod
1055 1892 1176 1923 Rector
1192 1894 1340 1934 ejusdem
1359 1897 1538 1937 Collegiiet
1552 1899 1743 1937 Scolarium,
1761 1899 1820 1939 qui

444 1943 503 1973 pro
526 1935 675 1972 tempore
699 1932 810 1970 fuerit,
835 1933 943 1963 solum
965 1938 999 1964 et
1022 1935 1055 1964 in
1082 1936 1224 1967 solidum
1253 1938 1505 1978 disposicionem
1531 1942 1667 1972 liberam
1702 1942 1821 1973 habuit

443 1975 594 2005 omnium
618 1976 794 2005 domorum
817 1976 904 2006 infra
926 1981 1020 2016 septa
1043 1977 1192 2017 ejusdem
1218 1980 1353 2021 Collegii
1369 1984 1598 2023 existencium,
1626 1989 1660 2015 et
1684 1986 1725 2016 de
1748 1989 1820 2016 toto

444 2019 590 2058 Collegio
612 2019 813 2058 supradicto,
837 2022 870 2049 et
895 2021 983 2059 quod
1008 2021 1095 2051 idem
1122 2023 1242 2054 Rector
1266 2026 1376 2064 potuit
1400 2031 1434 2057 et
1458 2028 1583 2066 debuit,
1601 2029 1642 2058 de
1658 2039 1818 2059 consensu

444 2065 532 2092 certe
548 2061 649 2101 partis
666 2062 830 2092 dictorum
856 2063 1050 2102 Scolarium‚
1077 2063 1242 2096 Scolarem
1267 2079 1521 2110 quemcumque,
1542 2072 1767 2102 Presbiterum
1784 2076 1818 2103 et

443 2105 556 2143 alium,
573 2105 738 2141 rebellem,
756 2105 1020 2146 incorrigibilem,
1038 2118 1094 2138 seu
1112 2109 1191 2140 alias
1208 2110 1397 2149 inhabilem,
1411 2115 1501 2144 omni
1518 2115 1739 2154 appellacione
1752 2126 1817 2146 ces-

443 2151 548 2184 sante,
564 2148 864 2189 quocienscumque
881 2153 915 2180 et
931 2151 1209 2192 quandocumque
1233 2156 1409 2194 expediens
1432 2157 1545 2195 fuerit,
1570 2169 1627 2198 per
1647 2159 1818 2189 decre-tum

445 2202 543 2222 suum
569 2192 687 2230 punire
710 2195 743 2222 et
766 2204 784 2222 a
808 2192 896 2222 dicto
923 2194 1066 2233 Collegio
1093 2205 1254 2233 amovere,
1273 2203 1307 2228 et
1324 2199 1487 2230 scolarem
1512 2201 1614 2231 alium
1632 2202 1700 2232 loco
1716 2203 1819 2232 amoti

445 2245 503 2275 per
519 2234 713 2265 eleccionem
731 2236 918 2273 admittere,
943 2240 978 2267 et
994 2237 1063 2267 loco
1087 2239 1265 2270 Presbiteri
1282 2242 1327 2271 sic
1343 2244 1455 2282 amoti,
1474 2245 1512 2274 ad
1533 2245 1817 2275 Presentacionem

446 2278 715 2308 Reverendorum
728 2278 894 2318 Virorum,
909 2280 1129 2311 Dominorum
1150 2283 1269 2313 Decani
1287 2289 1321 2315 et
1339 2286 1483 2326 Capituli
1502 2287 1628 2318 Exonie
1641 2288 1819 2318 admittere

444 2321 513 2352 sine
529 2321 725 2352 difficultate
741 2322 985 2363 qualicumque,
1010 2326 1216 2364 temporibus
1233 2327 1440 2360 Visitacionis
1465 2341 1522 2369 per
1544 2331 1672 2361 dictum
1697 2332 1818 2361 Exoni-

443 2374 555 2395 ensem
579 2365 777 2404 Episcopum
805 2366 854 2395 vel
880 2366 1128 2398 Commissarios
1162 2380 1238 2400 suos
1269 2373 1442 2403 annuatim
1467 2374 1615 2404 faciende
1641 2374 1675 2404 in
1704 2375 1817 2404 eodem

444 2408 623 2438 dumtaxat
638 2408 783 2448 exceptis
798 2417 805 2445 3
830 2409 862 2438 in
879 2419 953 2449 qua,
971 2411 1117 2450 quidem,
1134 2411 1333 2444 Visitacione
1344 2415 1431 2446 idem
1452 2417 1640 2457 Episcopus,
1654 2428 1754 2457 perse
1769 2418 1819 2448 vel

445 2451 693 2482 Commissarios
723 2462 809 2489 suna,
841 2453 1013 2483 raciocinia
1045 2454 1192 2485 Rectoris
1223 2457 1346 2496 audiet,
1378 2459 1526 2498 neglecta
1554 2461 1678 2499 puniet,
1710 2464 1819 2492 errata

445 2494 646 2532 emendabit,
662 2494 847 2534 supplenda
863 2495 1040 2535 supplebit,
1061 2500 1095 2527 et
1110 2499 1292 2530 secundum
1313 2501 1419 2531 Deum
1437 2506 1471 2532 et
1486 2502 1654 2543 justiciam
1678 2504 1819 2543 corriget

445 2537 643 2576 corrigenda.
704 2538 917 2576 Venerabilis
942 2542 1064 2577 tamen,
1083 2540 1153 2579 Vir,
1177 2542 1334 2582 Magister
1350 2544 1536 2576 &Villelmus
1556 2547 1707 2586 Wiltone,
1734 2547 1816 2578 Can-

444 2580 593 2610 cellarius
611 2581 848 2611 Universitatis
866 2582 1070 2620 oxoniensis,
1088 2584 1191 2614 sciens
1216 2587 1324 2617 omnia
1344 2589 1502 2626 premissa
1518 2593 1552 2619 et
1568 2590 1698 2629 singula
1714 2591 1747 2620 in
1765 2601 1815 2620 ea-

443 2625 518 2653 dem
537 2623 764 2654 Universitate
780 2624 965 2663 manifest-a,
982 2627 1111 2656 notoria
1126 2638 1204 2665 esse,
1221 2633 1322 2669 atque
1338 2641 1422 2670 vera,
1437 2633 1616 2671 quemdam
1635 2633 1815 2663 Dominum

443 2666 630 2697 Johannem
648 2667 842 2702 Dedimour‚
861 2667 1011 2707 ejusdem
1030 2669 1165 2709 Collegii
1190 2671 1414 2704 Presbiterum
1438 2686 1472 2705 se
1496 2676 1759 2714 pretendentem,
1777 2687 1816 2706 ex

443 2710 548 2739 causis
564 2710 715 2749 superius
732 2711 929 2750 expressatis
944 2722 1002 2751 per
1018 2712 1215 2751 Magistrum
1233 2715 1416 2747 Robertum
1440 2718 1627 2758 Lideforde,
1644 2719 1725 2749 dicti
1742 2719 1814 2751 Col-

443 2752 519 2791 legii
536 2753 718 2791 Rectorem,
744 2758 960 2785 concurrente
983 2765 1142 2787 consensu
1167 2759 1316 2789 omnium
1342 2760 1588 2792 Conscolarium
1612 2762 1772 2802 ejusdem,
1797 2773 1816 2792 a

442 2796 531 2825 dicto
550 2796 692 2836 Collegio
716 2797 914 2827 auctoritate
940 2798 1168 2838 Fundacionis‚
1194 2800 1430 2842 Ordinaeiouis,
1455 2807 1490 2835 et
1510 2805 1724 2836 Statutorum
1744 2816 1816 2845 pre-
