1987 3062
139 350 213 376 A.D.

139 384 212 409 1373.

138 417 201 442 Vol.
219 416 241 443 I.

141 450 191 476 fol.
205 452 245 476 38.

138 1310 196 1339 [fol.

138 1344 214 1377 41b.]

136 2131 185 2157 fol.

134 2165 176 2193 38.

493 249 780 282 aneis'rRUM
817 247 1266 282 OOMMUNE—ANNO
1306 239 1369 281 3‘.
1577 235 1670 281 307

296 351 425 382 Vicario
440 351 641 383 incumbunt
657 354 855 392 supporta1e
871 351 1083 383 inofficiatam
1098 351 1253 382 deserens
1277 351 1412 392 penitus
1427 361 1464 382 ac
1480 351 1679 389 admittens,

294 395 337 425 ab
352 405 457 444 eaque
474 395 544 433 (sic)
561 405 595 426 se
609 396 738 426 diucius
753 395 913 426 continuo
928 395 1128 432 absentavit,
1141 397 1177 426 et
1191 395 1235 425 ad
1250 395 1320 426 loca
1337 405 1370 425 se
1387 395 1563 426 transtulit
1578 395 1674 425 nobis

293 438 363 478 jam
375 438 465 469 incei
468 442 511 469 ta.
537 439 696 476 Quocirca
711 439 813 476 vobis,
827 439 1051 470 communitel
1062 442 1097 469 et
1113 420 1256 476 divisim,
1268 438 1512 469 committimus
1529 441 1564 468 et
1580 448 1672 469 man-

294 482 413 512 damus
427 482 587 522 quatinus
603 482 723 519 citetis,
740 486 813 519 etc.,
826 482 998 522 prefatum
1010 482 1192 512 Dominum
1204 464 1402 520 Joliannem,
1416 482 1443 512 si
1456 481 1674 521 personaliter

290 525 399 556 valeat
415 525 620 565 apprehendi
637 535 644 562 3
667 507 849 565 alioquixi,
840 525 944 565 ipsius
959 526 1212 556 Procuratorem
1225 525 1252 555 si
1268 535 1368 565 quem
1381 507 1546 555 dimiserit
1556 536 1564 561 3
1581 525 1671 563 alias,

290 571 414 606 autem,
431 568 563 608 publice
580 568 759 599 Citacionis
782 568 900 606 edicto,
918 569 951 599 in
968 568 1135 599 domubus
1158 568 1310 608 ejusdem
1332 568 1455 599 Vicarie
1471 578 1509 598 ac
1526 568 1672 599 Ecclesia

291 612 449 651 predicta,
467 621 577 642 coram
594 611 682 643 notis
698 615 733 642 et
749 612 861 642 amicis
877 612 944 642 suis
961 612 1092 651 publice
1108 611 1277 652 proposito
1293 615 1328 642 et
1343 612 1441 642 affixo
1458 622 1466 649 ;
1483 611 1573 650 quod
1585 622 1672 642 com-

289 659 405 694 pareat
420 665 530 685 coram
547 655 642 685 nobis
658 655 711 685 die
728 655 867 686 Sabbati
884 656 1034 694 proxima
1050 659 1126 694 post
1140 655 1279 686 Festum
1298 655 1412 686 Sancti
1431 655 1667 692 Bartholomei,

289 698 452 738 Apostoli,
472 698 623 738 proximo
638 698 805 736 futurum,
824 698 1026 738 ubicumque
1043 702 1124 729 tunc
1141 698 1303 728 fuerimus
1316 699 1348 729 in
1365 698 1511 730 Civitate
1523 708 1581 728 seu
1595 698 1672 728 Dio-

289 742 354 772 cesi
372 741 507 779 Exonie,
524 751 656 772 causam
673 741 918 778 racionabilem,
938 742 965 772 si
981 751 1082 781 quam
1099 741 1232 779 habeat,
1251 752 1354 781 quare
1366 752 1423 781 pro
1437 741 1670 772 absentacione

290 795 327 815 ac
342 785 524 815 residencia
547 785 767 824 pretermissa,
785 785 827 815 ad
844 795 954 824 quam,
972 785 1072 815 sicuti
1090 785 1224 816 Ottonis
1241 788 1275 815 et
1293 785 1465 822 Ottoboni,
1482 785 1672 824 Apostolice

290 828 384 859 Sedis
400 828 435 859 in
451 828 571 868 Angli-a
586 838 694 868 nuper
712 829 925 868 Legatorum,
943 831 1130 867 exposcunt
1147 828 1321 866 Instituta,
1339 828 1603 859 continuandam
1616 829 1670 859 de-

289 871 360 902 bite
374 871 560 912 juramenti
576 871 708 902 vinculo
724 871 883 902 extiterat
899 871 1056 911 alligatus
1072 882 1079 908 ;
1104 882 1232 902 necnon
1249 875 1283 902 et
1301 882 1359 912 pro
1376 872 1524 911 perjurio
1547 872 1580 902 in
1606 882 1672 902 non

290 915 476 951 residendo,
504 918 544 946 ut
571 914 795 955 premittitur,
823 915 1000 945 commisso
1025 925 1084 954 per
1111 915 1255 945 eundem
1282 915 1395 954 puniri
1429 915 1604 953 Canonice,
1635 925 1674 946 ac

288 958 391 989 eciam
414 958 457 989 ad
480 958 696 989 residenciam
713 958 747 988 in
765 958 893 988 Vicaria
918 957 1068 997 predicta
1090 958 1252 989 contiuuo
1275 958 1316 988 de
1339 962 1450 989 cetero
1473 959 1670 996 faciendam,

288 1001 373 1041 juris
389 1002 543 1032 remediis
567 1001 688 1041 quibus
712 1001 868 1032 convenit
890 1001 994 1032 artari
1018 1012 1085 1032 non
1108 1001 1239 1039 debeat,
1263 1001 1297 1031 in
1322 1002 1436 1032 debita
1457 1002 1542 1042 juris
1565 1002 1674 1033 forma

289 1045 522 1085 propositurus
540 1056 547 1084 ;
564 1045 709 1076 sciturus
725 1045 850 1084 absque
867 1045 969 1075 dubio
986 1045 1085 1084 quod,
1103 1045 1130 1075 si
1146 1045 1180 1075 in
1197 1045 1341 1075 termino
1364 1055 1430 1076 non
1447 1046 1673 1085 comparuerit

289 1091 482 1127 memorato,
500 1098 555 1119 seu
574 1089 693 1119 saltem
706 1088 923 1119 residenciam
939 1088 972 1118 in
991 1088 1136 1119 Ecclesia
1151 1088 1221 1127 jam
1233 1088 1324 1119 dicta
1335 1099 1402 1119 non
1413 1089 1530 1119 fecerit
1543 1089 1671 1127 amodo,

289 1134 330 1162 ut
353 1132 519 1169 convenit,
539 1131 756 1172 personalem,
781 1131 880 1171 lapsis
904 1131 996 1171 prius
1020 1132 1230 1172 temporibus
1253 1132 1286 1162 in
1311 1132 1371 1163 hac
1388 1135 1483 1172 parte
1506 1132 1539 1162 in
1565 1132 1672 1163 Sacris

292 1174 482 1206 canonibus
499 1174 672 1214 prefinitis,
691 1175 900 1215 peractisque
916 1175 1055 1214 singulis
1072 1175 1106 1205 in
1122 1174 1319 1215 hujusmodi
1336 1175 1471 1215 negocio
1487 1175 1600 1206 debite
1622 1185 1672 1206 re-

289 1218 430 1257 quisitis,
443 1221 560 1249 contra
575 1218 719 1249 eundem
735 1218 912 1258 procedere
929 1218 1137 1249 intendimus
1154 1222 1193 1249 ut
1209 1221 1261 1248 est
1281 1216 1422 1258 justum,
1441 1223 1543 1258 prout
1558 1219 1592 1250 in
1609 1219 1671 1250 eis-

290 1261 366 1291 dem
391 1261 582 1293 Canonibus
606 1261 759 1292 novimus
782 1261 891 1292 lucide
914 1262 986 1292 fore
1009 1262 1316 1292 cautum—Dated
1333 1264 1369 1292 at
1388 1262 1492 1301 Clyst,
1508 1263 1525 1293 8
1543 1263 1627 1302 Aug.

244 1313 547 1352 Reconciliation
569 1315 608 1352 of
627 1315 828 1352 Churches
847 1315 924 1351 and
947 1314 1183 1352 Cemeteries
1200 1328 1209 1361 3
1234 1315 1489 1362 Privileqium
1510 1316 1676 1353 Domino

307 1382 333 1404 α
361 1368 455 1405 Sede
483 1369 700 1417 Apostolfca
721 1369 916 1405 indultum
942 1382 1054 1416 super
1076 1369 1400 1405 Reconciliacz‘one
1420 1370 1676 1406 Ecclesz'arum

301 1429 335 1458 et
360 1422 648 1459 Civiliterz'orum
661 1435 733 1470 per
755 1422 1010 1469 capellanum
1029 1422 1072 1459 in
1093 1436 1134 1459 erc
1149 1429 1263 1469 parte
1291 1423 1621 1469 deputandum.—

247 1475 425 1515 Gregorius
449 1476 640 1516 Episcopus,
664 1480 738 1514 etc,
755 1475 890 1514 Thome,
917 1475 1078 1515 Episcopo
1103 1476 1290 1514 Exoniensi,
1314 1476 1468 1514 salutem,
1492 1480 1557 1510 etc.
1604 1478 1675 1508 Tue

291 1519 478 1550 devocionis
505 1519 658 1559 precibus
686 1519 867 1559 benignum
894 1519 1127 1558 impercientes
1157 1529 1338 1556 assensum,
1369 1520 1514 1551 libenter
1543 1530 1581 1550 ea
1611 1521 1675 1551 tibi

289 1563 500 1593 concedimus
523 1563 668 1602 graciose
691 1573 756 1602 que
789 1567 848 1593 tue
872 1562 994 1602 quietis
1012 1563 1224 1593 commodum
1247 1563 1410 1602 respicere
1432 1563 1675 1603 dignoscuntur

289 1606 386 1643 Cum,
406 1606 529 1645 itaque,
546 1606 634 1637 sicut
656 1616 715 1646 pro
738 1609 835 1645 parte
854 1609 913 1636 tua
928 1605 995 1636 fuit
1011 1606 1220 1645 propositum
1244 1616 1354 1636 coram
1378 1607 1481 1644 nobis,
1499 1617 1576 1646 sepe
1599 1617 1672 1638 con-

289 1649 396 1689 tingat
413 1649 574 1680 Ecclesias
589 1652 625 1680 et
642 1649 814 1679 Cimiteria
830 1652 889 1680 tue
907 1649 1062 1680 Civitatis
1079 1652 1114 1679 et
1131 1649 1277 1680 Diocesis
1300 1660 1359 1689 per
1381 1650 1577 1681 effusionem
1601 1661 1673 1681 san-

286 1692 396 1732 guinis
413 1692 464 1723 vel
479 1692 613 1723 seminis
625 1692 748 1729 violari,
760 1702 824 1732 que
836 1702 903 1722 non
915 1702 1026 1732 posses
1038 1692 1248 1723 reconciliare
1260 1693 1432 1723 commode
1446 1703 1503 1732 per
1513 1694 1673 1733 teipsum3

286 1735 381 1766 nobis
398 1735 570 1766 humiliter
585 1736 779 1776 supplicasti
792 1738 831 1766 ut
843 1736 1017 1776 providere
1030 1735 1092 1766 tibi
1104 1746 1203 1775 super
1218 1736 1280 1766 hoc
1296 1736 1338 1766 de
1350 1740 1516 1776 oportuno
1528 1737 1675 1768 remedio

286 1778 501 1818 dignaremur
517 1789 524 1817 ;
548 1789 616 1817 nos,
633 1779 759 1819 itaque,
780 1779 846 1809 tuis
862 1779 1161 1819 supplicacionibus
1177 1779 1337 1817 inclinati,
1355 1780 1445 1819 quod
1464 1780 1623 1811 Ecclesias
1639 1784 1675 1812 et

286 1821 458 1853 cimiteria
473 1822 664 1862 supradicta
679 1833 738 1862 per
756 1822 902 1862 aliquem
924 1822 1138 1853 Sacerdotem
1154 1822 1311 1853 idoneum
1327 1823 1537 1854 reconciliare
1553 1824 1672 1862 valeas,

285 1866 441 1906 quociens
453 1866 558 1897 fuerit
573 1869 789 1905 oportunum,
800 1876 887 1905 aqua
899 1865 991 1905 prius
1001 1875 1060 1905 per
1073 1868 1107 1896 te
1119 1865 1170 1896 vel
1183 1866 1287 1896 alium
1300 1866 1509 1905 Antistitem,
1522 1870 1562 1898 ut
1574 1868 1675 1898 moris

285 1912 345 1947 est,
369 1909 553 1947 benedicta,
578 1909 790 1940 Presencium
814 1909 877 1940 tibi
898 1909 1101 1940 auctoritate
1123 1909 1334 1940 concedimus
1357 1909 1564 1941 facultatem.
1611 1911 1675 1942 Per

284 1951 357 1991 hoc,
375 1956 499 1991 autem,
513 1952 644 1984 Constit
651 1953 759 1983 ucioni
774 1962 838 1992 que
851 1952 885 1983 id
897 1952 1037 1992 precipit
1051 1963 1109 1992 per
1121 1953 1300 1993 Epi-scopos
1314 1956 1449 1984 tantum
1460 1953 1529 1984 fieri
1542 1954 1674 1985 nullum

283 1996 438 2026 volumus
460 1996 681 2036 imposterum
698 1995 918 2036 prejudicium
943 1996 1102 2035 generari.
1154 1996 1368 2027 Presentibus
1391 2000 1467 2036 post
1490 1997 1675 2028 triennium

286 2039 424 2070 minime
440 2039 739 2070 valituris—Data
749 2040 838 2079 apud
851 2039 974 2069 Villam
988 2049 1120 2077 novam,
1136 2038 1370 2070 Avinionensis
1384 2040 1540 2078 Diocesis,
1552 2041 1672 2081 quinto

285 2082 366 2113 Idus
383 2083 538 2123 Augusti,
558 2083 781 2114 Pontificatus
797 2082 904 2113 nostri
921 2082 1018 2113 Anno
1035 2083 1138 2113 tercio
1154 2082 1187 2121 [9
1208 2083 1305 2122 Aug.,
1328 2082 1432 2122 1373}

247 2135 700 2186 Letters-Dimissory,—-

245 2190 459 2230 —Brytellus
475 2190 517 2221 de
534 2189 724 2228 Bromford,
743 2189 843 2228 clerk,
863 2189 934 2220 “ad
951 2199 1066 2220 omnes
1084 2189 1225 2221 Ordines
1239 2190 1256 2203 ’¹
1275 2190 1460 2230 (Crediton,
1479 2193 1518 2222 22
1536 2192 1649 2232 Aug).

244 2244 440 2293 Paignton
456 2258 465 2291 3
494 2245 648 2282 Licence
667 2248 704 2282 z‘o
724 2245 969 2290 celebrate,—

243 2298 342 2336 Item,
359 2298 494 2337 ibidem,
511 2301 546 2329 et
562 2297 689 2339 xxiiijto
705 2298 758 2329 die
775 2298 855 2329 dicti
880 2298 1013 2336 mensis,
1032 2297 1214 2328 Nicholaus
1238 2298 1415 2338 Kyrkham
1431 2302 1467 2330 et
1490 2299 1564 2340 ejus
1587 2310 1672 2332 uxor

355 2365 361 2372 .
387 2341 420 2372 in
439 2342 571 2382 Capella
587 2342 676 2372 infra
690 2342 876 2372 Manerium
893 2351 994 2372 suum
1011 2341 1052 2371 de
1069 2341 1258 2372 Blakedone
1271 2341 1451 2382 [Blaydon]
1462 2353 1521 2382 per
1533 2354 1669 2375 annum.

244 2395 546 2446 Testamentary
564 2409 573 2442 ;
594 2395 717 2444 Super
738 2397 974 2433 Testamento
993 2395 1161 2432 Rz'cardz'
1179 2396 1499 2441 Beaumound,—

246 2448 402 2488 Thomas,
418 2454 494 2486 ete,
513 2450 619 2480 Priori
636 2449 809 2480 Prioratus
826 2449 867 2480 de
884 2449 1036 2489 Pyltone,
1054 2452 1090 2480 et
1106 2449 1250 2479 Domino
1274 2449 1429 2487 Johanni,
1447 2450 1577 2482 Vicario
1594 2452 1670 2482 Per-

290 2496 394 2532 petuo
418 2492 563 2524 Ecclesie
591 2493 791 2523 Parochialis
815 2492 1076 2532 Barnastapolie,
1101 2492 1256 2529 salutem,
1284 2493 1488 2524 etc—Licet
1512 2494 1673 2526 Ricardus

289 2536 500 2574 Beawmond,
518 2536 691 2567 familiaris
708 2540 742 2567 et
759 2536 800 2566 de
816 2536 904 2566 robis
921 2535 1044 2566 nostris
1069 2535 1149 2566 dum
1172 2535 1259 2566 vixit
1281 2535 1438 2574 existens,
1457 2537 1499 2567 ab
1515 2537 1576 2568 hac
1599 2538 1672 2569 luce

289 2578 495 2618 subtractus,
514 2580 605 2619 quod
624 2579 778 2610 dolenter
801 2579 989 2616 referimus,
1013 2578 1111 2618 cujus
1134 2579 1343 2609 Testamenti
1367 2579 1566 2618 Insinuacio,
1594 2581 1670 2612 Pro-

290 2621 394 2660 bacio,
412 2625 447 2653 et
464 2623 671 2662 Approbacio
686 2623 727 2653 ad
745 2632 814 2659 nos,
832 2622 873 2652 de
889 2622 1132 2652 consuetudine
1147 2621 1307 2652 laudabili
1331 2622 1456 2653 usitata
1472 2626 1507 2654 et
1524 2624 1673 2664 legitime

290 2665 483 2704 prescripta,
500 2665 686 2696 dinoscitur
702 2666 871 2706 pertinere
889 2676 896 2702 3
913 2665 1059 2705 quidam,
1077 2668 1201 2702 tamen,
1219 2665 1392 2695 Gilbertus
1416 2667 1508 2704 Neel,
1525 2667 1672 2706 clericus,

292 2707 472 2738 Officialem
489 2708 722 2739 Archidiaconi
739 2708 990 2747 Barnastapolie
1013 2718 1048 2738 se
1070 2708 1283 2747 pretendens,
1309 2708 1568 2741 Testamentum
1592 2711 1674 2743 dicti

290 2750 424 2781 Ricardi
440 2751 640 2782 Beawmond
664 2752 705 2782 de
728 2751 831 2789 facto,
857 2761 935 2781 cum
958 2751 1000 2781 de
1022 2750 1099 2790 jure
1122 2761 1188 2781 non
1212 2751 1335 2791 potuit,
1360 2756 1475 2792 preter
1497 2756 1533 2784 et
1556 2758 1674 2786 contra

291 2793 514 2824 Inhibieiones
544 2795 607 2825 sibi
629 2794 779 2834 legitime
802 2795 918 2831 factas,
942 2793 1150 2833 approbavit,
1173 2804 1288 2834 ymmo
1312 2795 1423 2826 verius
1458 2796 1671 2836 improbavit,

288 2836 566 2868 ,Jurisdiceionem
596 2841 746 2868 nostram
782 2837 1012 2877 Episcopalem
1039 2840 1166 2867 temere
1194 2838 1398 2878 usurpando,
1431 2839 1582 2881 Juraque
1609 2840 1673 2880 [et]

277 2877 331 2925 V2
