1987 3062
478 235 766 270 REGISTRUM
803 237 1261 271 ooMMUNE—ANNO
1303 229 1364 272 10.
1592 228 1686 271 233

156 339 231 400 ξεν-ἒξ
262 343 386 380 Court
400 344 440 380 of
459 343 708 394 Canterbury
725 358 735 391 3
756 344 817 381 Sir
831 344 854 382 ,J
858 344 936 382 01111
950 344 998 381 de
1014 344 1243 381 Montacute
1259 343 1336 380 and
1353 343 1463 380 Dean
1485 343 1682 392 Sumpter,

159 408 250 435 νοω.
308 397 692 446 -›--Certzflcatorium
715 399 755 435 ιή
775 399 922 448 negocio
951 399 1149 446 cujusdam
1179 398 1322 446 querele
1352 397 1394 434 in
1427 397 1554 435 Curia
1585 396 1671 434 Can

322 458 574 496 mancusa—

269 505 469 544 Reverendo,
498 509 571 543 etc.‚
603 505 747 536 Domino
773 506 911 537 Officiali
944 506 1042 537 Curie
1074 505 1332 544 Cantuariensis,
1361 515 1419 536 seu
1451 505 1554 545 ipsius
1588 505 1687 536 Curie

309 548 495 579 Presidenti
518 549 725 589 cuicumque,
743 549 896 588 Thomas,
914 554 986 588 etc„
1003 549 1237 587 obedienciam,
1262 560 1338 579 cum
1362 549 1549 579 reverencia
1573 548 1686 579 debita

308 595 343 623 et
359 592 735 623 honore—Mandatum
753 596 902 623 vestrum
916 593 1069 623 vicesimo
1086 593 1186 623 tercio
1202 593 1255 623 die
1271 593 1393 623 mensis
1411 592 1572 630 Octobris,
1587 592 1685 622 Anno

309 635 443 666 Domini
467 635 686 676 infrascript0‚
711 637 895 676 recepimus
919 637 952 666 in
977 636 1037 667 hec
1060 636 1422 674 ve1·ba,-Reve1·endo,
1449 640 1521 674 etc„
1546 636 1683 673 Thome,

308 682 382 717 etc„
411 679 564 710 Officialis
591 679 690 710 Curie
716 679 964 710 Cantuariensis
995 680 1148 718 salutem,
1178 690 1254 710 cum
1286 680 1472 710 reverencia
1502 682 1536 709 et
1562 679 1686 709 honore

309 722 430 753 debitis
446 726 542 753 tanto
560 723 884 761 Pat1·i.—Querelam
909 723 1038 753 Nobilis
1062 723 1142 761 Viri,
1168 723 1301 753 Domini
1325 723 1489 754 ‚Iohannis
1512 723 1553 753 de
1570 723 1686 753 Monte

306 768 414 804 acuto,
446 766 573 804 Militis,
604 776 739 806 gravem
772 767 965 806 recepimus,
998 767 1226 797 continentem
1255 767 1345 807 quod
1380 767 1458 797 Pars
1488 766 1639 806 ejusdem
1667 777 1685 796 a

309 809 410 847 vobis,
442 810 595 849 congruis
627 809 696 840 loco
727 812 762 840 et
792 812 951 849 tempore,
983 810 1108 850 pluries
1147 810 1294 848 legitime
1326 810 1423 849 petiit
1454 814 1489 840 et
1520 810 1687 840 instanter

307 853 468 892 quatinus
500 853 698 893 Magistrum
736 853 922 884 Robertum
962 854 1132 892 Sumpter,
1165 856 1274 884 vestre
1306 853 1450 884 Ecclesie
1489 853 1686 884 Exoniensis

310 897 491 934 Decanum,
516 907 615 936 super
638 907 675 926 eo
699 897 788 936 quod
812 897 901 927 idem
927 897 1084 936 Magister
1110 896 1276 928 Robertus
1305 897 1473 937 prefatum
1503 897 1686 927 Dominum

309 939 497 971 Johannem
529 940 853 970 excommunicatum
885 940 997 979 fuisse,
1026 950 1103 970 cum
1134 950 1199 970 non
1228 945 1323 978 esset,
1350 940 1501 978 asseruit,
1530 940 1625 978 dixit,
1652 943 1687 971 et

308 983 500 1023 predicavit,
517 983 692 1023 eidemque
709 984 978 1014 communionem
996 983 1141 1014 fidelium
1161 984 1291 1024 publice
1314 984 1463 1014 inhibere
1482 983 1684 1024 presumpsit

308 1027 461 1066 nequiter
478 1030 512 1057 et
527 1026 664 1067 injuste,
682 1027 858 1068 ipsumque
875 1028 1058 1058 Dominum
1075 1027 1274 1065 doh-aunem,
1292 1028 1373 1057 dum
1399 1028 1520 1058 Divina
1545 1027 1684 1058 celebra-

156 1070 217 1100 [ῖῡΙ-
310 1074 428 1100 rentur
445 1070 557 1101 Officia
573 1071 606 1100 in
624 1071 737 1101 eadem
752 1071 907 1109 Ecclesia,
923 1071 1021 1109 exire,
1039 1074 1073 1101 et
1089 1081 1129 1101 ne
1146 1071 1266 1101 Divina
1282 1071 1363 1101 inibi
1380 1071 1413 1101 in
1431 1071 1534 1110 ipsius
1553 1071 1687 1101 Domini

157 1104 213 1133 7¹³1·
310 1113 473 1144 Jobannis
504 1114 670 1153 presencia
700 1114 945 1145 celebrarentur
977 1114 1109 1145 monuit
1140 1118 1173 1144 et
1202 1115 1373 1154 precepit;
1405 1115 1512 1145 eidem
1542 1114 1685 1144 Domino

309 1157 453 1188 Johanni
472 1157 512 1187 de
527 1157 660 1197 justicia
683 1168 919 1197 responsurum
945 1158 1095 1188 faceretis
1119 1168 1227 1188 cor-<un
1246 1158 1338 1188 vobis
1362 1158 1402 1188 ad
1422 1157 1587 1198 judicium
1612 1168 1681 1188 evo-

310 1200 384 1238 cari,
402 1200 610 1240 ulteriusque
626 1200 825 1231 exhiberetis
841 1201 948 1238 eidem
966 1212 1064 1241 super
1088 1201 1256 1240 premissis
1278 1201 1431 1232 debitum
1446 1201 1581 1241 justicie
1598 1212 1684 1231 com‹

312 1243 528 1285 plementum.
576 1244 653 1282 Vos,
679 1247 802 1282 tamen,
829 1245 962 1274 Partem
986 1244 1102 1284 ipsam,
1127 1245 1171 1275 sic
1195 1247 1365 1284 petentem
1389 1245 1607 1275 effectualiter
1630 1256 1684 1275 ex-

308 1286 422 1317 audire
446 1290 480 1317 et
503 1287 650 1317 debitam
682 1287 715 1317 in
748 1288 914 1327 premissis
944 1287 1111 1328 justiciam
1136 1288 1199 1318 sibi
1222 1287 1329 1318 facere
1360 1299 1426 1318 non
1451 1288 1601 1326 curastis,
1634 1292 1686 1318 set

309 1330 385 1370 plus
401 1330 515 1360 debito
532 1330 711 1361 distulistis
728 1334 762 1360 et
777 1330 926 1369 differtis,
944 1331 978 1361 in
996 1331 1099 1371 ipsius
1116 1331 1251 1361 Domini
1268 1331 1430 1362 Johannis
1455 1332 1682 1372 prejudicium

310 1376 344 1404 et
359 1384 546 1413 gravamen.
602 1374 700 1405 Unde
718 1374 796 1404 Pars
812 1374 974 1414 ejusdem,
992 1375 1033 1405 ad
1051 1385 1109 1404 nos
1125 1375 1369 1415 subsequenter
1390 1375 1546 1406 accedens
1562 1378 1597 1406 et
1613 1386 1684 1415 pre-

311 1417 411 1447 missa
426 1417 520 1447 nobis
533 1417 679 1447 seriatim
691 1428 867 1455 exponens,
885 1418 946 1448 sibi
963 1428 1062 1457 super
1079 1418 1139 1448 hoc
1156 1419 1196 1448 de
1209 1419 1354 1448 remedio
1372 1429 1428 1458 per
1445 1429 1503 1449 nos
1522 1418 1686 1459 provideri

311 1460 410 1500 petiit
433 1464 607 1500 oportuno.
654 1461 823 1499 Nolentes,
841 1461 952 1501 igitur,
969 1461 1076 1491 eidem
1094 1461 1127 1491 in
1144 1472 1203 1492 sua
1219 1462 1331 1492 deesse
1346 1462 1491 1502 justicia,
1508 1462 1609 1493 sicuti
1626 1472 1685 1492 nec

311 1504 480 1542 debemus,
508 1504 612 1542 vobis,
643 1514 717 1534 cum
747 1514 781 1534 ea
810 1515 875 1544 qua
903 1505 997 1535 decet
1024 1505 1218 1543 reverencia,
1244 1505 1331 1535 dicte
1364 1506 1463 1536 Curie
1488 1506 1688 1536 auctoritate

311 1547 451 1578 firmiter
466 1545 670 1587 injungendo
687 1548 882 1578 mandamus
899 1548 1067 1588 quatinus,
1081 1548 1108 1578 si
1124 1548 1240 1587 estita,
1255 1549 1341 1579 infra
1354 1549 1544 1589 quindecim
1557 1549 1687 1579 dierum

314 1591 471 1630 spacium,
488 1601 507 1620 a
522 1594 671 1630 tempore
687 1591 885 1630 recepcionis
903 1592 1113 1622 Presencium
1131 1592 1288 1622 continue
1305 1593 1561 1631 numerandum,
1579 1593 1686 1623 eidem

311 1634 403 1664 Parti
419 1634 605 1674 querelanti
621 1644 719 1673 super
737 1635 903 1674 premissis
920 1635 1048 1665 faciatis
1065 1635 1217 1665 debitum
1234 1635 1367 1675 justicie
1391 1636 1682 1676 complementum.

312 1677 468 1717 Alioquin
497 1677 616 1716 citetis,
643 1687 701 1708 seu
734 1678 827 1708 citari
858 1678 996 1716 faciatis,
1026 1679 1254 1718 peremptorie,
1286 1680 1454 1719 prefatum
1489 1680 1686 1719 Magistrum

311 1721 494 1751 Robertum
513 1721 680 1760 Sumpter,
696 1720 877 1761 Decanum,
892 1722 981 1762 quod
998 1732 1068 1752 con]
1076 1726 1187 1762 pareat
1203 1733 1311 1752 coram
1330 1723 1433 1759 nobis,
1445 1727 1504 1753 aut
1520 1723 1582 1753 alio
1599 1724 1688 1754 dicte

310 1763 409 1795 Curie
440 1763 642 1803 Presidente,
670 1765 704 1794 in
735 1765 878 1795 Ecclesia
905 1766 1006 1796 Beate
1038 1766 1141 1795 Marie
1172 1766 1212 1796 de
1244 1766 1397 1797 Arcubus
1423 1767 1683 1805 Londoniarum,

311 1807 465 1838 vicesimo
481 1807 533 1838 die
550 1811 626 1847 post
642 1808 770 1848 lapsum
788 1808 953 1839 dictorum
978 1809 1167 1849 quindecim
1186 1810 1326 1847 dierum,
1343 1810 1370 1840 si
1387 1810 1557 1841 Juridicus
1574 1810 1687 1848 fuerit,

311 1851 456 1891 alioquin
481 1851 631 1891 proximo
655 1852 708 1882 die
730 1850 883 1882 Juridico
907 1856 989 1883 tunc
1009 1856 1178 1892 sequente,
1205 1853 1238 1883 111
1267 1853 1355 1884 dicte
1382 1854 1516 1894 querele
1543 1854 1688 1894 negocio,

310 1894 408 1934 juxta
430 1894 534 1933 ipsius
558 1894 755 1935 qualitatem
779 1899 813 1925 et
836 1899 1000 1934 naturam,
1026 1907 1238 1936 processurus
1263 1897 1413 1928 facturus
1438 1900 1472 1928 et
1495 1902 1689 1937 recepturus

310 1938 401 1978 quod
416 1937 549 1978 justicia
565 1938 728 1969 suadebit.
775 1939 825 1969 De
849 1939 975 1978 diebus,
993 1950 1080 1977 vero,
1098 1940 1296 1980 recepcionis
1314 1941 1527 1971 Presencium
1544 1951 1581 1971 ac
1599 1942 1687 1972 Cita-

310 1981 412 2012 cionis
443 1985 560 2020 vestre,
595 1982 760 2022 modoque
792 1986 826 2013 et
857 1982 964 2013 forma
1001 1983 1163 2023 ejusdem,
1195 1994 1232 2014 ac
1263 1983 1290 2014 si
1321 1984 1451 2014 dictum
1490 1985 1688 2024 Magistrum

312 2024 495 2055 Robertum
512 2025 728 2064 personaliter
751 2026 941 2064 citaveritis,
959 2036 1086 2057 necnon
1110 2027 1192 2067 quid
1216 2027 1360 2057 feceritis
1384 2028 1417 2058 in
1442 2028 1608 2068 premissis
1632 2039 1690 2058 seu

311 2068 475 2099 duxeritis
498 2068 698 2107 faciendum,
722 2079 792 2105 1105,
809 2072 869 2100 aut
892 2070 994 2100 alium
1019 2070 1106 2100 dicte
1132 2070 1230 2101 Curie
1256 2071 1495 2109 Presidentem,
1515 2071 1613 2102 dictis
1637 2071 1690 2101 die

311 2114 347 2142 et
363 2111 433 2142 loco
450 2112 628 2142 certificare
645 2112 766 2143 curetis
783 2123 841 2153 per
858 2113 984 2143 Literas
1000 2116 1126 2144 vestras
1150 2117 1313 2154 patentes,
1332 2114 1451 2145 harum
1474 2115 1590 2145 seriem
1615 2125 1689 2145 con-

310 2155 624 2186 tinentes.—Dated
653 2155 800 2194 London,
820 2157 857 2186 21
889 2156 1144 2194 Oct—Verum,
1169 2158 1247 2197 quia
1272 2159 1312 2187 ad
1340 2158 1530 2188 faciendum
1556 2158 1690 2198 justicie

309 2198 591 2238 complementum
616 2199 771 2230 Partibus
794 2200 960 2239 predictis,
986 2203 1025 2231 ut
1049 2201 1238 2239 mandatur,
1262 2201 1375 2232 arduis
1398 2204 1433 2232 et
1456 2202 1593 2232 diversis
1618 2212 1688 2241 pre-

307 2241 411 2281 pediti
429 2241 570 2281 negociis
586 2242 628 2272 ad
645 2253 777 2282 presens
794 2243 967 2274 intendere
990 2253 1055 2273 non
1074 2243 1233 2281 valemus
1253 2244 1341 2274 dicte
1366 2245 1465 2275 Curie
1489 2245 1686 2283 deferentes,

307 2285 372 2315 ista
389 2285 467 2324 vice,
484 2285 573 2315 idem
590 2286 722 2325 querele
738 2287 921 2326 negocium,
939 2297 1015 2317 cum
1039 2287 1107 2316 suis
1131 2287 1388 2326 emergentibus,
1407 2288 1685 2328 dependentibus,

309 2331 343 2358 et
359 2329 523 2367 connexis,
540 2328 574 2358 in
599 2329 713 2359 eadem
731 2329 831 2361 Curia
855 2330 1085 2361 Cantuariensi
1109 2329 1222 2360 haberi
1246 2330 1401 2361 volumus
1425 2334 1460 2362 et
1482 2332 1605 2362 ibidem
1623 2332 1688 2362 fine

308 2371 423 2402 debito
445 2371 784 2403 terminari.——Dated
802 2373 950 2412 London,
969 2374 1009 2404 25
1028 2373 1179 2404 October.

155 2428 215 2492 gfcfl.
266 2431 439 2468 Blisland
463 2429 678 2482 [Blystoue,
704 2430 803 2483 MS]
822 2446 831 2479 3
861 2433 1202 2480 Dispensation,—

173 2482 179 2488 ’
265 2485 423 2523 Granted,
439 2485 477 2517 27
496 2485 582 2523 Oct,
598 2489 632 2516 to
649 2486 752 2525 Hugh
764 2486 998 2526 Coi-newaylle,
1013 2487 1053 2517 de
1070 2487 1450 2526 Blystone.-—Porrectis
1464 2499 1521 2528 per
1541 2493 1574 2519 te
1593 2490 1688 2521 nobis

0 2533 3 2551 ¹
91 2536 96 2541 ’
305 2528 340 2558 111
363 2528 424 2559 hac
447 2532 540 2568 parte
564 2529 715 2569 precibus
741 2533 907 2570 quantum
935 2529 969 2560 in
998 2530 1141 2560 Domino
1169 2540 1346 2570 possumus
1375 2531 1601 2563 favorabiliter
1630 2544 1686 2564 an-

307 2575 457 2611 nuentes,
483 2576 530 2610 ut,
556 2583 622 2602 non
646 2573 801 2603 obstante
824 2573 958 2604 defectu
982 2573 1144 2603 natalium
1168 2584 1267 2613 quem
1293 2575 1414 2613 pateris
1438 2576 1478 2605 de
1504 2576 1687 2615 presbitero

306 2615 439 2654 genitus
462 2618 496 2645 et
519 2616 636 2654 soluta,
654 2619 687 2646 et
711 2616 790 2656 quia
814 2616 915 2646 tacito
939 2616 980 2646 de
1005 2616 1077 2655 ipso
1105 2616 1238 2647 defectu
1267 2620 1300 2647 te
1326 2618 1444 2656 fecisti,
1470 2619 1549 2650 alias
1573 2624 1687 2651 tamen

306 2658 379 2696 rite,
396 2658 536 2690 clericali
553 2663 716 2690 caractere
732 2659 883 2699 insigniri
898 2670 906 2695 ;
931 2663 971 2690 ut
997 2659 1085 2690 dicto
1102 2663 1266 2690 caractere
1284 2661 1372 2692 licite
1390 2662 1438 2692 uti
1456 2663 1571 2702 possis,
1592 2666 1627 2694 et
1644 2664 1687 2694 ad

305 2711 419 2731 omnes
436 2701 578 2733 Minores
595 2702 744 2740 Ordines,
762 2713 798 2733 ac
816 2703 1018 2733 Beneficium
1043 2703 1309 2734 Ecclesiasticum
1334 2704 1387 2735 cui
1404 2716 1482 2736 cura
1499 2706 1687 2737 animarum

306 2754 373 2774 non
389 2744 553 2783 imminet,
573 2745 600 2776 si
616 2746 705 2785 quod
721 2745 784 2776 tibi
802 2746 965 2776 Canonice
988 2746 1187 2784 conferatur,
1206 2748 1393 2786 promoveri
1410 2759 1417 2787 ;
1442 2749 1535 2788 dum,
1560 2752 1686 2789 tamen,

306 2787 397 2817 aliud
421 2787 624 2819 Canonicum
649 2799 714 2819 non
739 2789 901 2825 obsistat3
925 2788 1079 2828 injuncta
1102 2789 1165 2819 tibi
1188 2789 1280 2829 prius
1304 2801 1362 2831 per
1385 2801 1444 2823 nos
1468 2803 1527 2833 pro
1550 2804 1687 2825 excessu

306 2830 455 2870 predicto
471 2831 658 2871 penitencia
673 2831 819 2871 salutari,
844 2834 957 2863 tecum
973 2835 1087 2863 tenore
1104 2833 1318 2865 Presencium
1335 2834 1578 2875 dispensamus.
