1987 3062
407 279 695 312 Racis'raUM
733 275 1193 312 coMMUNE—-ANNO
1232 267 1291 309 5⁰.
1531 262 1626 307 347

82 384 158 426 ΑΡ-
239 387 280 416 de
298 385 523 426 Aysshestone
539 385 730 425 supradicte
741 385 1004 425 interposuimus
1017 394 1076 424 per
1089 384 1272 414 Decretum
1290 393 1297 419 ;
1319 383 1421 420 vobis,
1439 381 1622 413 commuui-

81 420 181 478 &0⁴14st
241 433 293 459 ter
315 435 350 459 et
373 429 515 465 divisim,
532 429 574 458 ad
598 429 836 468 publicandum
861 428 1056 468 hujusmodi
1080 428 1309 466 Sequestrum,
1334 429 1460 462 nostra,
1489 428 1527 456 ut
1551 435 1622 464 pre-

141 472 146 476 ”
186 471 192 477 ’
240 473 358 510 fertur,
390 473 593 502 auctoritate
624 472 874 511 interpositum,
900 471 1044 501 Domino
1076 471 1223 501 Roberto
1250 471 1349 510 Pavy,
1383 469 1563 508 capellanO,
1588 472 1623 498 et

234 516 387 556 ejusdem
424 516 564 546 Ecclesie
597 515 739 549 Rectori,
772 515 1051 548 committentes:
1090 525 1158 551 nos,
1187 517 1310 551 tamen,
1337 512 1623 552 contemplacione

234 559 367 599 speciali
398 559 594 595 Reverendi,
623 562 696 596 etc.,
724 559 857 588 Domini
882 558 1041 588 Willelmi
1066 558 1121 596 [de
1146 556 1382 597 CourtenayeJ,
1408 555 1624 595 permissione

235 603 356 633 Divina
376 602 627 632 Herefordensis
646 602 808 641 Episcopi,
826 601 934 631 nostri
952 601 1150 638 Confratris,
1168 600 1265 640 cujus
1284 599 1451 639 obsequiis
1469 608 1622 639 persona-

233 647 311 677 liter
342 649 376 676 et
407 645 654 685 presencialiter
685 645 812 675 insistit
846 645 1009 674 Dominus
1042 645 1211 675 Robertus
1237 644 1336 683 Pavy,
1362 644 1486 673 Rector
1509 652 1624 682 supra-

233 690 344 720 dictus
360 700 366 726 ;
390 700 436 727 ac,
455 689 532 729 quia
548 688 637 719 idem
656 688 820 718 Dominus
842 688 1007 718 Robertus
1024 688 1065 718 de
1083 687 1228 727 parendo
1243 687 1319 727 jure
1336 689 1370 717 et
1387 686 1510 717 nostris
1526 686 1623 715 bene-

234 732 363 772 placitis
395 732 514 762 asserit
539 742 573 761 se
601 735 769 771 paratum,
797 735 897 770 prout
923 732 1012 761 idem
1043 731 1256 761 Reverendus
1286 731 1386 760 Pater
1413 729 1532 760 asserit
1565 739 1625 768 pro

232 776 361 813 eodem,
379 775 577 815 hujusmodi
602 776 823 815 Sequestrum
847 778 1012 812 nostrum,
1031 775 1084 812 sic,
1105 777 1144 804 ut
1168 774 1348 814 prefertur,
1374 773 1623 812 interpositum,

234 819 379 859 graciose
403 819 637 856 relaxavimus,
658 822 692 849 et
717 822 834 849 tenore
860 818 1073 848 Presencium
1097 818 1295 852 relaxamus,
1313 826 1488 857 quousque
1505 816 1623 846 videri·

234 873 308 893 mus
331 873 373 893 an
397 862 593 902 hujusmodi
617 862 819 892 asserciones
843 865 878 892 et
903 861 1089 891 oblaciones
1112 861 1335 891 effectualiter
1358 860 1495 890 duxerit
1519 859 1624 889 adim-

234 906 325 946 plere
350 906 513 936 Dominus
540 905 714 942 Robertus,
744 906 864 935 Rector
888 905 1111 944 supradictus.
1158 904 1270 941 Vobis,
1296 904 1408 943 igitur,
1434 910 1507 941 etc„
1534 913 1624 933 man-

236 950 355 979 damus
382 949 552 989 quatinus,
580 959 647 979 non
679 949 835 979 obstante
861 948 1057 988 hujusmodi
1087 950 1201 978 nostro
1233 948 1424 987 Sequestro,
1457 946 1627 986 pendente

236 996 351 1023 nostra
374 993 520 1032 graciosa
543 992 786 1032 expectacione,
812 992 921 1031 ipsum
948 991 1133 1022 Robertum
1161 992 1261 1031 Pavy,
1284 992 1455 1020 {lectorem
1482 989 1626 1020 Ecclesie

236 1036 436 1075 supradicte,
455 1036 751 1066 Procuratoremve
768 1045 869 1065 suum
893 1035 997 1074 ipsius
1021 1035 1165 1072 nomine,
1183 1034 1319 1065 interim
1343 1034 1446 1064 libere
1469 1033 1625 1063 adminis-

237 1083 335 1117 trare,
352 1090 390 1109 ac
407 1079 439 1109 in
457 1082 492 1110 et
509 1079 549 1109 de
566 1079 665 1109 rebus
682 1082 717 1109 et
742 1078 1004 1108 obvencionibus
1025 1078 1167 1108 Ecclesie
1191 1088 1250 1108 sue
1273 1077 1423 1117 predicte
1446 1077 1537 1107 licite
1561 1076 1624 1106 dis-

238 1133 358 1162 ponere
376 1122 583 1162 permittatis
600 1122 745 1159 omnino,
763 1132 938 1162 quousque
954 1121 1045 1152 aliud
1070 1132 1088 1151 a
1112 1121 1206 1152 nobis
1223 1121 1414 1161 recepenitis
1431 1120 1464 1150 in
1491 1119 1624 1150 manda-

238 1166 451 1197 tis—Date]
470 1168 506 1196 at
524 1166 630 1206 Clyst,
651 1167 669 1195 3
687 1165 759 1196 Oct.

195 1220 352 1263 Totnes,
378 1221 510 1256 House
531 1220 591 1256 for
611 1220 764 1269 Lepcis,
788 1225 874 1262 etc„
897 1224 966 1265 at,
991 1219 1313 1267 Indulqenciffi—

196 1274 295 1310 Item,
322 1274 456 1311 ibidem,
482 1273 561 1313 iiijtO
585 1273 638 1303 die
664 1273 783 1303 mensis
809 1277 843 1304 et
864 1273 942 1303 anni
971 1273 1250 1312 supradictorum7
1279 1272 1441 1302 Dominus
1466 1272 1628 1302 concessit

243 1317 494 1357 Indulgenciam
512 1315 580 1347 xxti
596 1317 727 1346 dierum
744 1317 899 1346 omnibus
917 1316 1123 1355 parochianis
1140 1316 1217 1353 suis,
1235 1319 1270 1345 et
1291 1316 1362 1345 aliis
1387 1325 1531 1355 quorum
1550 1315 1625 1344 Dio-

243 1360 360 1398 cesani,
384 1364 458 1397 etc.,
490 1360 548 1400 qui
578 1360 620 1389 ad
652 1360 933 1390 sustentacionem
960 1360 1164 1399 leprosorum
1191 1362 1225 1389 et
1252 1360 1462 1388 infirmorum
1501 1359 1628 1388 Domus

245 1404 346 1434 Beate
370 1403 473 1434 Marie
503 1403 705 1442 Magdalene,
732 1403 898 1440 Tottonie,
928 1403 1144 1439 contulerint,
1169 1406 1254 1438 etc.;
1282 1412 1342 1441 per
1370 1412 1475 1432 unum
1500 1411 1626 1431 annum

246 1447 454 1477 duraturam.

203 1501 663 1550 Letters-Dimissory‚——

202 1555 329 1586 Robert
347 1555 591 1594 Molehaunger,
609 1554 709 1592 clerk,
730 1554 748 1568 “
761 1554 803 1585 ad
821 1564 934 1584 omnes
950 1554 1104 1592 Minores,
1121 1564 1158 1585 ac
1182 1553 1285 1584 eciam
1307 1553 1350 1584 ad
1374 1563 1488 1584 ornnes
1513 1553 1628 1584 Sacros

249 1598 391 1629 Ordines
406 1598 422 1609 ’⁷
442 1599 544 1635 (same
561 1598 662 1634 date).

204 1653 594 1702 WVoolfardisworthy
612 1667 621 1699 3
648 1653 882 1699 ll[c›nz'ci0,-—

202 1707 354 1742 Thomas,
380 1711 453 1737 etc..
480 1707 612 1737 Decano
635 1707 676 1737 de
703 1705 970 1745 Holdesworthy,
995 1706 1150 1743 salutem,
1177 1705 1341 1736 etc-Ad
1364 1705 1570 1736 monendum
1594 1708 1630 1735 et

245 1750 422 1780 efficaciter
453 1750 682 1780 inducendum
714 1750 899 1780 Dominum
933 1749 1118 1779 Walterum
1155 1749 1302 1787 Hodelle,
1334 1749 1552 1789 capellanum,
1578 1749 1631 1779 vel

247 1803 476 1833 quoscumque
503 1794 571 1823 sive
597 1803 844 1833 quemcumque
868 1793 982 1829 alium,
1011 1803 1093 1832 quos
1121 1793 1173 1822 vel
1200 1803 1302 1832 quem
1326 1793 1491 1823 Dominus
1519 1793 1631 1822 Abbas

248 1837 441 1867 Mon-asterii
457 1837 498 1867 de
520 1837 694 1874 Hertlond,
711 1840 784 1873 etc„
803 1836 895 1866 vobis
911 1836 1048 1866 duxerit
1064 1836 1283 1866 nominandos
1300 1836 1340 1866 ad
1360 1836 1630 1873 ministrandum,

247 1880 471 1917 officiandum,
497 1883 532 1910 et
555 1890 633 1910 cure
656 1880 873 1910 excercicium
898 1879 1083 1919 gerendum
1108 1879 1141 1909 in
1172 1880 1306 1919 Capella
1331 1881 1456 1910 Curata
1478 1879 1519 1909 de
1545 1879 1630 1909 Wal-

247 1923 494 1964 fordisworthy,
526 1923 737 1962 dependente
768 1924 810 1954 de
838 1923 984 1953 Ecclesia
1014 1922 1198 1953 Parochiali
1225 1923 1266 1953 de
1294 1923 1397 1953 Stoke
1428 1923 1568 1961 Nectan,
1596 1923 1632 1953 in

247 1967 361 2007 plenos
386 1977 465 1997 usus
487 1966 586 1997 dictis
604 1967 727 1997 Abbati
750 1970 785 1997 et
809 1966 1012 1997 Monasterio
1035 1966 1259 2006 appropriata,
1283 1977 1349 1997 non
1371 1966 1527 1997 obstante
1551 1976 1631 2006 qua-

246 2020 389 2050 cumque
407 2010 636 2041 Convencione
652 2020 729 2040 cum
753 2010 824 2040 aliis
847 2010 946 2048 facta,
971 2013 1122 2040 cessante
1146 2010 1376 2040 Convencione
1398 2009 1504 2049 jurati
1528 2010 1631 2040 inter-

247 2053 412 2093 posicione
442 2053 589 2090 vallata;
621 2056 666 2089 et,
695 2053 722 2083 si
747 2053 907 2084 duxerint
938 2053 989 2083 vel
1020 2053 1157 2083 duxerit
1188 2053 1353 2091 resistere,
1385 2053 1427 2083 ad
1457 2053 1633 2084 citandum

247 2097 391 2127 eundem
408 2097 459 2127 vel
476 2097 609 2127 eosdem
625 2097 667 2126 ad
684 2097 945 2136 comparendum
961 2107 1068 2126 coram
1087 2096 1182 2126 nobis
1199 2096 1249 2126 vel
1267 2100 1381 2127 nostro
1398 2096 1633 2127 Commissario

249 2140 284 2170 iu
300 2140 361 2170 hac
378 2143 482 2180 parte,
500 2143 592 2171 certo
608 2140 661 2170 die
685 2150 744 2179 per
767 2150 825 2170 vos
848 2139 974 2170 eisdem
996 2140 1049 2170 vel
1073 2140 1181 2170 eidem
1204 2140 1413 2179 assiguando,
1439 2140 1473 2170 in
1497 2140 1633 2179 Capella

251 2183 364 2214 Sancti
389 2183 551 2213 Gabrielis
574 2183 616 2213 de
639 2183 725 2214 Clist
753 2183 916 2223 Episcopi,
941 2193 1055 2213 causas
1082 2183 1306 2221 racioxiabiles,
1332 2183 1356 2213 si
1382 2193 1464 2222 quas
1487 2193 1547 2222 pro
1572 2183 1633 2222 [se]

249 2226 395 2257 habeant
419 2227 470 2256 vel
493 2226 626 2265 habeat,
650 2237 753 2266 quare
777 2237 854 2257 eum
879 2226 930 2256 vel
958 2236 1013 2256 eos
1040 2236 1100 2265 per
1125 2227 1290 2257 Censura-s
1319 2226 1565 2256 Ecclesiasticas
1591 2226 1634 2256 ad

248 2269 471 2300 obediendum
495 2269 690 2310 hujusmodi
717 2269 958 2300 Monicionibus
981 2270 1111 2307 vestris,
1136 2273 1251 2300 nostra
1277 2270 1480 2300 auctoritate
1508 2269 1634 2299 eisdem

246 2312 298 2342 vel
314 2312 422 2343 eidem
444 2313 552 2351 factis,
569 2313 767 2352 compellere
793 2313 931 2343 minime
953 2313 1135 2342 debeamus
1159 2312 1336 2351 allegaturi
1360 2316 1395 2343 et
1419 2312 1633 2352 proposituri,

250 2359 364 2386 tenore
375 2356 588 2386 Presencium
602 2356 848 2387 committimus
860 2356 948 2386 vices
961 2359 1101 2393 nostras,
1116 2356 1339 2386 etc--Dated
1350 2360 1386 2386 at
1398 2356 1502 2394 Olyst,
1515 2357 1532 2386 5
1545 2353 1635 2386 Οοῢ.1

104 2429 112 2448 ¹
128 2429 199 2460 The
215 2432 297 2460 next
314 2429 432 2468 Entry,
450 2429 559 2460 which
575 2430 634 2460 has
654 2430 736 2460 been
760 2441 834 2460 can·

181 2472 203 2502 H
225 2472 246 2502 d
274 2472 283 2500 1
318 2472 324 2477 ·
469 2473 490 2503 k
521 2473 533 2503 1
551 2473 568 2486 α
788 2473 834 2504 t’⁷
945 2440 1021 2460 rum
1038 2433 1073 2460 et
1089 2430 1334 2469 prepositorum
1358 2433 1559 2468 nostrorum,
1577 2441 1637 2470 pro

143 2482 179 2502 ce
206 2482 223 2502 e
250 2497 256 2510 ,
282 2482 373 2511 Jelng
396 2483 467 2502 mar
493 2483 524 2502 ec
580 2483 620 2503 va
646 2496 652 2502 .
682 2496 688 2503 .
717 2496 724 2504 .
748 2484 812 2510 ca,

945 2473 1092 2512 proficuo
1122 2476 1237 2503 nostro
1271 2473 1431 2509 faciendo,
1462 2484 1635 2504 removen-

19 2329 27 2495 Ξ

23 2502 31 2614 ξ

31 2811 42 3062 Ξ

142 2515 170 2545 is
193 2525 228 2546 as
255 2515 382 2545 follows
398 2516 606 2553 2—Thomas‚
633 2519 707 2555 etc.‚
730 2516 836 2546 omni-

142 2558 206 2589 bus
243 2558 384 2595 ballivis,
433 2559 618 2598 prepositis,
657 2563 693 2590 et
731 2560 835 2590 eciam

143 2601 306 2632 ministris
322 2602 401 2639 suis,
420 2602 563 2632 salutem
587 2602 619 2632 in
639 2602 836 2633 Domino.—

142 2644 312 2675 Noveritis
328 2655 387 2674 nos
404 2645 571 2675 ordinasse
594 2648 630 2676 et
652 2645 835 2685 assignasse

141 2687 305 2718 'rhomam
342 2690 416 2718 atte
450 2688 592 2727 Fursyn,
630 2689 835 2719 staurarium

141 2733 307 2768 nostrum,
337 2731 380 2761 ad
407 2731 702 2770 supervidendum,
725 2734 834 2762 extra-

142 2773 304 2811 hendum,
330 2773 520 2812 emendum,
549 2777 584 2805 et
609 2774 834 2813 vendendum,

141 2826 179 2847 ac
201 2816 303 2847 eciam
331 2817 372 2847 de
396 2817 543 2847 Manerio
566 2820 681 2848 nostro
705 2817 739 2848 in
768 2818 835 2847 Ma-

141 2859 273 2890 nerium
296 2862 461 2899 nostrum,
486 2870 545 2900 per
568 2860 677 2891 visum
701 2860 836 2891 ballivo-

945 2516 1026 2546 (lum
1044 2527 1052 2553 ;
1083 2516 1131 2546 ita
1161 2516 1251 2555 quod
1276 2517 1365 2546 idem
1392 2517 1536 2547 Thomas
1563 2521 1636 2548 atte

946 2560 1078 2598 Fursyn
1105 2559 1150 2589 sit
1176 2559 1254 2589 inde
1280 2570 1498 2598 responsurus
1524 2570 1636 2590 coram

945 2602 1051 2637 nobis,
1067 2602 1277 2632 auditoribus
1299 2603 1432 2640 nostris,
1449 2606 1483 2634 et
1499 2603 1637 2634 concilio

944 2648 1067 2682 nosti-0,
1080 2648 1182 2684 prout
1198 2645 1294 2676 decet
1306 2646 1411 2676 officio
1427 2656 1495 2677 suo.
1543 2647 1576 2676 M
1579 2657 1635 2677 an-

944 2688 1063 2718 dantes
1075 2687 1206 2728 [vobis],
1218 2689 1356 2727 prefatis
1368 2689 1506 2725 ballivis,
1520 2700 1635 2730 prepo-

946 2731 1029 2768 sitis,
1043 2734 1078 2761 et
1094 2731 1256 2762 ministris
1272 2732 1404 2770 nostris,
1421 2733 1511 2772 quod
1527 2733 1636 2764 eidem

946 2774 1073 2804 Thome
1083 2777 1154 2804 atte
1169 2774 1299 2814 Furs5n
1317 2775 1349 2805 in
1364 2775 1469 2806 officio
1485 2776 1636 2816 predicto

947 2817 1021 2847 sitis
1033 2817 1249 2848 intendentes
1259 2820 1294 2848 et
1307 2818 1556 2858 respondentes,
1568 2822 1633 2851 ete.

948 2860 1102 2892 —Dated
1118 2863 1155 2892 at
1172 2860 1277 2901 Clyst,
1296 2862 1313 2893 6
1332 2861 1403 2894 Oct.
