1987 3062
258 225 352 267 224
459 234 558 267 THE
593 234 834 268 REGISTER
869 235 928 267 OF
968 232 1144 268 BISHOP
1184 232 1583 269 BRANTYNGHAM.

257 337 334 363 AD·
410 342 522 371 torum
551 339 680 371 meritis
706 342 740 370 et
767 340 919 380 precibus
947 339 1160 377 confidentes,
1188 341 1344 372 omnibus
1370 341 1574 382 parochianis
1597 343 1728 382 nostris,
1753 345 1788 374 et

257 370 353 429 {73:3101
411 383 482 414 aliis
500 394 642 424 quorum
667 383 841 414 Diocesani
863 383 948 414 hanc
973 386 1120 414 nostram
1146 384 1396 424 Indulgenciam
1420 388 1527 416 ratam
1550 386 1731 417 habuerint
1753 389 1788 417 et

318 424 323 430 '
358 423 363 429 ’
413 430 591 467 acceptam,
606 427 647 457 de
664 428 805 466 peccatis
823 427 890 457 suis
904 437 978 457 vere
994 427 1224 467 penitentibus
1240 431 1275 458 et
1290 429 1458 467 confessis,
1474 430 1532 469 qui
1548 430 1589 459 ad
1606 430 1786 460 Ecclesiam

413 470 675 500 Conventualem
700 471 857 501 Fratrum
883 470 1016 501 Ordinis
1040 471 1141 501 Beate
1168 471 1270 501 Marie
1293 472 1334 501 de
1358 472 1471 502 Monte
1496 473 1639 504 Carmeli
1663 474 1785 504 Sande-

410 514 502 553 wyci,
521 514 767 545 Cantuariensis
784 514 940 551 Diocesis,
957 514 989 544 in
1008 524 1082 554 qua,
1100 514 1185 544 sicut
1202 515 1395 554 accepimus,
1415 516 1531 546 decora
1548 526 1667 556 ymago
1686 517 1787 546 Beate

409 556 554 597 Virginis
571 560 604 587 et
620 557 766 587 Martiris
784 557 943 587 Katerine
960 558 991 587 in
1018 568 1136 597 magna
1153 558 1364 588 veneracione
1388 559 1540 596 habetur,
1568 559 1687 590 devote
1710 560 1785 590 visi-

410 601 566 638 taverint,
592 604 626 631 et
650 600 840 630 Conventni
864 598 1012 640 ejusdem
1038 601 1115 631 Loci
1138 601 1180 631 ad
1203 601 1349 641 ipsorum
1367 602 1648 633 sustentacionem
1667 613 1787 633 manus

410 644 618 683 porrexerint
642 644 892 683 quomodolibet
919 643 1123 683 adjutrices3
1157 655 1294 683 necnon,
1323 655 1381 685 pro
1407 645 1531 676 salubri
1562 648 1654 676 statu
1679 646 1786 685 Regis,

255 686 306 714 fol·
325 689 348 713 '2-
412 687 528 727 Regni,
553 690 586 717 et
611 687 755 717 Ecclesie
783 687 972 726 Anglicane‚
998 698 1034 717 ac
1057 690 1181 726 nostrO,
1210 688 1320 718 Deum
1347 688 1532 728 propicium
1561 689 1788 720 invocaverint

407 734 520 762 mente
543 731 615 770 pia;
639 731 860 770 quadraginta
875 731 945 761 dies
969 731 1183 770 Indulgencie
1207 731 1462 763 misericorditer
1484 733 1519 763 in
1544 732 1687 763 Domino
1711 743 1785 764 con-

408 775 557 805 cedimus
575 784 633 814 per
650 774 836 806 presentes.
883 774 993 804 Dated
1011 774 1160 813 London‚
1178 776 1215 805 21
1235 775 1332 806 June.

364 840 424 876 Ma
433 839 629 876 trimonial
647 852 657 885 ,;
685 839 888 883 Inhihz'cz'o,
906 840 947 875 in
969 838 1098 876 Causa
1117 840 1408 886 matrimoniali,
1427 847 1561 877 contra
1578 840 1785 889 Officialem

417 893 694 930 Arclcz'cliaconi
715 893 862 929 Exovie
882 899 914 929 et
937 892 1121 931 Cecz‘lz‘am
1136 894 1389 931 Hennelonde.
1435 895 1514 931 Pro
1529 895 1656 932 Adam
1678 895 1711 930 Τ
1705 896 1786 943 ayl-

416 948 566 991 leur,—

361 1001 515 1039 Thomas,
533 1003 606 1038 etc„
626 1000 764 1030 Decanis
788 1000 829 1030 de
852 1000 1036 1031 Tevertone
1059 1003 1094 1031 et
1116 1001 1276 1040 Plymtre,
1293 1001 1441 1032 Johanni
1458 1001 1571 1039 Lucas,
1590 1005 1624 1033 et
1644 1002 1784 1033 Ricardo

406 1045 515 1085 Kelly‚
543 1043 676 1079 clericis,
705 1046 817 1074 nostre
846 1044 1000 1082 DiocesiS‚
1027 1044 1177 1082 salutem,
1207 1045 1368 1075 ete—Ex
1397 1048 1489 1085 parte
1519 1046 1591 1076 Ade
1616 1046 1783 1085 Tayllour,

405 1088 487 1125 laici,
506 1088 546 1117 de
564 1087 721 1117 Parochia
738 1088 778 1117 de
795 1087 1010 1123 Kentesbere,
1030 1087 1124 1117 nobis
1148 1088 1264 1118 extitit
1288 1088 1483 1118 intimatum
1508 1089 1597 1128 quod
1621 1089 1783 1120 discretus

406 1132 464 1169 vir,
482 1131 626 1161 Thomas
643 1131 762 1171 Dalby,
781 1130 915 1160 Domini
932 1130 1162 1161 Archidiaconi
1180 1131 1307 1161 Exonie
1325 1131 1503 1162 Officialen]
1521 1142 1555 1162 se
1571 1133 1782 1172 pretendens,

404 1175 438 1205 in
457 1174 601 1214 quadam
617 1174 723 1204 Causa
742 1174 978 1204 matrimoniali
994 1184 1058 1213 que
1076 1184 1184 1204 coram
1201 1185 1238 1204 eo
1255 1175 1447 1205 vertebatur
1462 1175 1549 1206 inter
1562 1176 1669 1206 Adam
1687 1176 1782 1216 Tayl-

404 1218 477 1249 lour
493 1217 690 1257 predictum,
710 1218 843 1247 Partem
859 1217 1025 1255 actricem,
1043 1228 1083 1248 ex
1100 1221 1193 1257 parte
1218 1228 1293 1256 una,
1312 1221 1345 1248 et
1370 1218 1525 1249 Ceciliam
1552 1219 1780 1258 Hennelonde,

405 1262 445 1292 de
471 1261 704 1300 Columptone‚
733 1261 866 1291 Partem
896 1271 994 1298 ream,
1024 1271 1063 1291 ex
1095 1261 1207 1299 altera,
1238 1262 1426 1300 procedens,
1457 1264 1491 1292 et
1522 1263 1607 1302 parti
1630 1262 1781 1303 ejusdem

406 1305 525 1337 Cecilie
548 1304 623 1344 plus
647 1304 760 1334 debito
784 1304 907 1342 favens,
925 1314 984 1344 pro
1009 1304 1123 1335 eadem
1149 1305 1267 1335 Cecilia
1291 1308 1325 1335 et
1348 1309 1464 1335 contra
1487 1305 1656 1345 prefatum
1674 1307 1781 1337 Adam

404 1348 615 1379 Sentenciam
629 1347 710 1378 tulit
721 1347 943 1385 diffinitivam,
961 1347 1119 1387 iniquam,
1134 1351 1168 1378 et
1184 1348 1362 1378 invalidam
1381 1348 1448 1379 sive
1465 1349 1602 1388 nullam,
1619 1350 1653 1380 in
1678 1350 1782 1390 ipsius

403 1393 475 1422 Ade
492 1391 714 1431 prejudicium
731 1394 764 1421 et
781 1401 966 1430 gravamen.
992 1391 1091 1422 Unde
1107 1402 1146 1422 ex
1158 1394 1251 1431 parte
1261 1391 1420 1432 ejusdem,
1432 1392 1608 1423 sencientis
1621 1403 1654 1423 se
1667 1403 1707 1423 ex
1720 1393 1782 1424 hoc

403 1435 551 1466 indebite
576 1434 773 1474 pregravari,
800 1434 842 1464 ad
866 1434 1071 1465 audienciam
1106 1438 1253 1465 nostram
1285 1435 1471 1475 generalem
1494 1436 1628 1474 directe,
1659 1436 1779 1475 palam,

404 1482 438 1509 et
463 1478 602 1518 publice,
628 1477 775 1517 legitime
798 1478 914 1508 extitit
936 1478 1151 1518 appellatum.
1199 1478 1357 1516 Quocirca
1382 1479 1473 1509 vobis
1505 1478 1722 1519 conjunctim,
1747 1483 1781 1510 et

405 1523 540 1562 utrique
564 1524 713 1552 vestrum
739 1521 880 1559 divisim,
897 1521 931 1552 in
948 1521 1075 1552 virtute
1100 1521 1297 1553 Obediencie
1320 1522 1565 1553 committimus
1589 1526 1622 1553 et
1646 1524 1779 1553 manda—

406 1576 491 1603 mus,
515 1565 655 1595 firmiter
678 1564 904 1605 injungentes,
932 1565 1091 1604 quatinus
1115 1565 1245 1605 prefato
1270 1565 1428 1605 Magistro
1452 1565 1587 1603 Thmue,
1607 1577 1644 1597 ac
1661 1565 1780 1597 Cecilie

406 1609 634 1646 Hennelonde,
653 1619 689 1638 ac
705 1608 823 1638 ceteris
839 1608 995 1638 omnibus
1012 1611 1046 1638 et
1063 1608 1201 1647 singulis
1219 1609 1341 1649 quibus
1356 1609 1411 1649 jus
1428 1609 1531 1649 exigit
1542 1609 1695 1648 inhiberi,
1708 1620 1780 1640 nos-

405 1656 457 1683 tra
473 1652 673 1682 auctoritate
689 1651 866 1682 inhibeatis
884 1662 934 1690 ne,
953 1652 1119 1691 pendente
1142 1652 1174 1681 in
1201 1652 1315 1682 eadem
1339 1652 1512 1683 audiencia
1528 1656 1641 1683 nostra
1659 1654 1779 1693 Appel-

404 1695 538 1726 lacionis
555 1695 750 1735 hujusmodi
767 1695 910 1734 negocio,
927 1695 1106 1735 quicquam
1123 1695 1183 1725 hac
1199 1695 1366 1726 occasione
1383 1696 1417 1726 in
1434 1696 1522 1726 dicte
1540 1697 1648 1727 Partis
1670 1697 1780 1736 appel-

405 1739 506 1770 lantis
523 1738 745 1778 prejudicium
763 1741 981 1777 attemptent,
1000 1742 1058 1769 aut
1075 1738 1198 1768 faciant
1221 1739 1409 1779 aliqualiter
1432 1740 1635 1779 attemptari,
1653 1740 1781 1780 quomi-

406 1793 469 1813 nus
486 1782 623 1812 liberam
641 1781 761 1812 habeat
778 1781 1020 1821 Appellacionis
1036 1782 1233 1822 hujusmodi
1250 1783 1515 1821 prosecucionem
1533 1786 1633 1822 prout
1648 1783 1781 1823 justum

404 1826 508 1856 fuerit
525 1825 708 1864 utriusque.
757 1825 885 1862 citetis,
904 1825 1015 1862 eciam,
1033 1835 1089 1855 seu
1107 1825 1201 1855 citari
1217 1825 1354 1863 faciatis,
1372 1827 1600 1865 peremptorie,
1617 1826 1781 1866 prefatam

407 1868 562 1900 Oeciliam
591 1868 679 1908 quod
708 1871 898 1908 compareat
925 1878 1033 1898 coram
1059 1868 1197 1899 Officiali
1220 1871 1345 1906 nostro,
1371 1869 1405 1898 in
1431 1869 1634 1900 Consistorio
1667 1873 1781 1900 nostro

406 1911 596 1949 Exoniensi,
614 1914 673 1941 aut
689 1911 795 1941 eidem
815 1911 1016 1942 Consistorio
1041 1911 1233 1942 Presidente
1250 1921 1471 1951 quocumque,
1489 1913 1521 1942 in
1541 1912 1685 1943 Ecclesia
1709 1923 1781 1943 nos-

404 1958 457 1986 tra
486 1954 675 1985 Cathedrali
700 1954 890 1992 Exoniensi,
921 1954 1070 1994 proximo
1097 1954 1150 1984 die
1178 1955 1327 1986 Juridico
1350 1955 1501 1995 proximo
1536 1959 1611 1995 post
1642 1956 1781 1987 Festum

405 1999 525 2030 Sancte
541 1998 736 2037 Margarete,
757 1997 910 2037 Virginis,
928 1998 1078 2038 proximo
1095 2008 1184 2028 nunc
1200 1998 1366 2037 futurum,
1383 1998 1417 2029 in
1434 1999 1521 2029 dicte
1537 1999 1780 2039 Appellacionis

405 2042 540 2081 negocio
563 2051 767 2081 processura,
786 2041 923 2079 factura,
942 2044 976 2071 et
991 2044 1164 2080 receptura
1188 2042 1220 2072 in
1245 2052 1282 2072 ea
1298 2045 1390 2081 parte
1408 2042 1497 2082 quod
1510 2041 1647 2082 justicia
1665 2043 1780 2073 suade-

406 2085 466 2117 bit.
513 2085 562 2115 De
580 2084 706 2123 diebus,
725 2095 812 2122 vero,
831 2084 1030 2124 recepcionis
1055 2085 1266 2115 Presencium
1285 2095 1321 2115 ac
1339 2085 1515 2116 Citacionis
1532 2089 1650 2125 vestre,
1668 2086 1779 2117 modo-

406 2139 471 2169 que
487 2131 521 2159 et
537 2129 643 2159 forma
659 2127 820 2168 ejusdem,
838 2131 872 2158 et
888 2128 915 2158 si
932 2128 1056 2158 dictam
1074 2128 1228 2159 Ceciliam
1246 2128 1461 2168 personaliter
1477 2129 1656 2160 citaveritis
1674 2140 1682 2168 ;
1705 2140 1781 2160 nec-

405 2183 484 2210 non,
503 2171 584 2212 quid
602 2171 745 2202 feceritis
761 2171 794 2201 in
812 2171 979 2211 premissis
997 2182 1003 2209 ;
1021 2171 1201 2202 Officiaiem
1218 2175 1380 2210 nostrum,
1398 2174 1458 2203 aut
1473 2172 1576 2203 alium
1600 2173 1681 2203 dicti
1698 2173 1783 2204 Con·

405 2215 527 2246 sistorii
544 2214 649 2245 nostri
665 2215 902 2252 Presidentem,
920 2214 1017 2245 dictis
1041 2215 1094 2245 die
1119 2218 1152 2245 et
1175 2215 1245 2245 loco
1268 2215 1456 2246 certificetis
1480 2226 1538 2256 per
1560 2219 1699 2254 vestras,
1723 2226 1781 2247 seu

405 2259 566 2290 certificet
582 2259 666 2289 alter
681 2261 831 2289 vestrum
850 2258 907 2298 qui
921 2268 1054 2298 presens
1072 2258 1271 2289 Mandatum
1288 2259 1447 2298 receperit
1463 2260 1699 2299 exequendum
1726 2270 1784 2299 per

405 2313 480 2333 suas
497 2302 625 2333 Literas
641 2304 805 2342 patentes,
824 2302 943 2332 harum
966 2301 1084 2332 seriem
1109 2302 1326 2341 continentes,
1344 2302 1450 2342 sigillo
1466 2303 1636 2334 autentico
1653 2303 1781 2343 consig-

406 2345 667 2376 natas—Dated
683 2345 834 2383 London‚
851 2346 890 2376 23
908 2345 1005 2376 June.

366 2411 400 2447 A
416 2424 521 2503 plase]
537 2412 577 2501 olf
609 2411 801 2502 lbastardy
815 2424 825 2458 3
854 2411 898 2448 de
930 2410 1190 2459 Inquisicz'one
1218 2424 1328 2459 super
1357 2412 1557 2449 bastardia
1587 2411 1724 2449 Thome
1753 2412 1785 2448 le

453 2479 504 2502 εει·
518 2479 549 2502 ιε
567 2479 607 2514 69
635 2479 719 2510 e,—

364 2518 519 2558 Thomas,
532 2522 605 2557 etc„
624 2518 763 2550 Officiali
779 2521 892 2549 nostro
909 2518 1087 2559 Principali
1103 2518 1292 2556 Exoniensi‚
1305 2518 1459 2557 salutem,
1476 2519 1783 2558 etc.-—Fidedigno-

408 2573 483 2593 rum
501 2562 661 2593 relacione
679 2562 821 2602 intelligi
837 2562 932 2592 nobis
956 2562 1056 2592 datur
1079 2562 1166 2602 quod
1191 2572 1249 2592 vos
1273 2562 1377 2592 Breve
1400 2563 1552 2601 Regium,
1571 2563 1666 2593 nobis
1682 2563 1783 2593 direc-

409 2609 493 2643 tum,
519 2606 559 2636 ad
588 2605 825 2645 inquirendum
851 2606 892 2636 de
922 2605 1089 2635 bastardi-a
1115 2608 1230 2635 contra
1256 2605 1418 2636 Thomam
1443 2606 1473 2636 le
1499 2606 1719 2645 Asscheleghe
1749 2606 1783 2636 iu

410 2649 510 2680 Curia
526 2649 663 2679 Domini
680 2648 778 2687 Regis
802 2649 951 2688 allegata,
969 2659 1005 2679 ac
1021 2648 1048 2679 si
1064 2648 1157 2678 vobis
1180 2648 1300 2679 fuisset
1323 2649 1497 2687 directum,
1515 2659 1589 2679 cum
1614 2659 1680 2679 non
1704 2651 1784 2686 erat,

409 2692 579 2732 recepistis
603 2692 847 2732 exequendum.
895 2691 1057 2722 Nolentes
1082 2694 1254 2731 propterea
1277 2691 1446 2731 justiciam
1474 2692 1578 2732 ipsius
1601 2692 1727 2723 Thome
1750 2695 1785 2722 et

408 2735 547 2766 Roberti
571 2735 599 2765 le
624 2735 844 2775 Asscbeleghe
868 2735 901 2765 in
926 2735 1052 2766 Placito
1076 2736 1242 2775 pendente
1272 2736 1359 2766 inter
1386 2735 1473 2775 ipsos
1498 2735 1638 2766 ulterius
1661 2734 1785 2766 differri

409 2779 506 2815 culpa
521 2781 643 2816 nostra,
661 2778 754 2809 vobis
770 2778 1014 2810 committimus
1037 2780 1072 2808 et
1094 2778 1292 2809 mandamus
1315 2779 1475 2819 quatinus
1497 2789 1596 2818 super
1618 2778 1786 2809 bastardia

409 2822 567 2865 predicta,
585 2821 646 2852 viis
662 2824 696 2852 et
713 2822 819 2852 modis
842 2821 964 2864 quibus
980 2821 1117 2853 celerius
1134 2821 1204 2852 fieri
1220 2822 1354 2864 poterit,
1371 2821 1495 2853 vocatis
1511 2822 1667 2864 primitus
1690 2821 1724 2852 in
1748 2831 1785 2852 ea

1973 1310 1987 1353 ,em
