1987 3062
621 191 977 235 INSTITUTIONS‚
1015 192 1116 226 ΕΤΟ.
1543 184 1604 228 65

69 292 173 352 ‘³3'ng
221 295 306 325 cioni
321 295 480 326 interesse
496 296 690 335 debuerant,
708 299 740 327 et
758 297 799 327 de
821 296 929 327 forma
951 296 1147 337 hujusmodi
1166 297 1347 328 Eleccionis
1364 298 1512 328 faciende
1529 299 1601 329 dili-

68 359 131 386 Vol.
220 342 336 378 genter
364 340 594 377 tractantibus,
623 340 761 370 demum
789 341 952 379 Religioso
979 340 1060 378 viro,
1092 341 1243 380 Dompno
1271 341 1397 371 Thoma
1427 341 1600 382 Cullynge,

71 393 111 419 11,
221 382 302 412 dicti
320 382 511 413 Monasterii
537 383 790 419 Commonacho,
811 384 969 414 Ordinem
995 387 1029 414 et
1055 384 1214 424 Regulam
1240 384 1353 414 Sancti
1378 384 1551 415 Benedicti
1568 386 1600 415 in

218 425 333 456 eodem
347 426 447 456 tacite
460 430 494 456 et
510 436 661 466 expresse
677 427 832 467 professo,
851 438 907 467 per
924 427 1010 457 viam
1027 427 1254 467 compromissi
1269 427 1302 457 in
1319 427 1483 458 Abbatem
1497 429 1602 467 ipsius

220 468 422 504 Monasterii‚
436 472 473 500 ut
491 470 623 508 dicitnr,
637 470 750 507 electo,
764 471 901 511 ipsoque
918 481 1113 501 consensum
1131 481 1230 501 suum
1247 471 1425 501 difficulter
1437 471 1603 503 Eleccioni

219 511 413 552 hujusmodi
429 513 470 543 de
486 523 519 543 se
543 513 630 544 facte
654 518 831 553 prestante,
849 525 885 544 ac
909 514 1015 554 petito
1039 525 1056 544 a
1080 514 1184 552 nobis,
1203 514 1280 544 Loci
1298 515 1488 553 DiocesanO,
1508 515 1601 546 Elec-

218 555 346 586 cionem
362 555 558 596 hujusmodi
574 557 760 588 confirmari
776 568 783 595 ;
807 567 849 588 ne
866 568 922 597 per
938 557 1145 597 repentinam
1164 556 1468 597 Confirmacionem,
1487 561 1602 589 contra

218 598 404 629 doctrinam
429 600 589 639 Apostoli,
608 600 723 630 Electo
747 611 865 631 manus
888 611 1052 641 apponere
1077 601 1257 638 videamur,
1277 601 1378 639 vobis,
1393 604 1427 631 et
1451 605 1600 632 vestrum

218 642 364 681 cuilibet,
392 644 635 674 committimus
663 648 697 674 et
727 645 934 682 mandamus,
963 644 1103 674 firmiter
1129 644 1354 684 injungentes,
1382 645 1543 685 quatinus
1567 645 1602 676 in

217 685 362 716 Ecclesia
379 686 519 726 predicti
542 688 743 726 Monasterii,
761 687 866 728 prima
890 688 943 717 die
966 688 1084 718 feriata
1108 688 1256 728 proxima
1280 691 1355 727 post
1377 688 1601 728 recepcionem

219 729 442 763 Presencium,
459 730 547 761 intra
566 731 738 761 Missarnm
764 731 954 770 solempnia,
973 731 1042 761 fieri
1062 731 1192 761 faciatis
1208 731 1500 771 proclamacionem
1518 732 1600 772 pub-

217 772 314 803 licam
331 777 363 803 et
387 773 601 814 solempnem,
619 777 668 813 ut,
686 775 713 805 si
737 775 795 814 qui
820 775 888 805 sint
915 775 972 815 qui
996 775 1100 805 velint
1123 785 1157 805 se
1180 785 1346 815 opponere
1369 778 1484 805 contra
1510 775 1600 806 Elec-

217 816 343 846 cionem
360 816 554 857 hujusmodi
574 828 630 848 seu
657 828 829 857 personam
858 818 972 856 Electi,
991 818 1212 858 peremptorie
1236 822 1269 849 et
1293 818 1496 849 sufficienter
1511 829 1599 849 eom-

218 862 354 898 pareant
370 870 480 891 coram
497 861 601 899 nobis,
618 861 669 891 vel
687 861 846 901 Magistro
871 861 1036 892 Willelmo
1053 862 1223 902 Trevellys
1246 865 1281 892 et
1297 862 1441 892 Domino
1460 863 1602 901 Hugone

216 902 386 942 Bridham,
413 904 586 935 Canonicis
609 905 642 934 in
668 905 813 935 Ecclesia
837 908 950 935 nostra
974 905 1164 943 Exoniensi,
1190 905 1379 945 nostrisque
1402 905 1600 945 specialibus

216 945 458 977 Commissariis
474 948 507 977 in
522 948 582 978 hac
595 951 697 988 parte,
715 948 748 979 in
768 949 912 979 Ecclesia
928 952 1041 978 nostra
1058 949 1238 979 Exonicnsi
1255 949 1393 988 prefata,
1411 949 1463 979 die
1481 949 1599 980 Martis

215 990 366 1029 proxima
382 994 458 1030 post
476 991 614 1022 Festum
641 992 885 1022 Purifioacionis
910 992 1011 1022 Beate
1035 992 1148 1031 Marie,
1165 992 1324 1032 Virginis,
1342 992 1494 1032 proximo
1511 1003 1601 1024 nunc

215 1032 381 1072 futurum,
399 1035 623 1074 opposiciones
646 1046 723 1066 suas
747 1035 941 1076 hujusmodi
965 1036 997 1065 in
1024 1035 1130 1066 forma
1153 1036 1237 1076 juris
1260 1036 1472 1076 proposituri,
1490 1040 1524 1067 et
1547 1047 1601 1068 eas

215 1076 434 1107 effectualiter
457 1079 674 1118 prosecuturi,
701 1079 908 1119 ulteriusque
930 1079 1051 1110 facturi
1075 1083 1109 1110 et
1132 1080 1308 1119 recepturi,
1329 1090 1405 1110 cum
1429 1080 1601 1111 continua-

215 1120 307 1150 cione
323 1123 358 1151 et
374 1123 605 1161 prorogacione
621 1123 767 1153 locorum
785 1126 820 1153 et
836 1123 965 1153 dierum
983 1128 1064 1153 tunc
1080 1123 1305 1163 sequencium,
1323 1124 1413 1163 quod
1427 1123 1603 1155 dictaverit

216 1164 296 1194 ordo
311 1163 396 1204 juris
413 1174 421 1203 ;
444 1165 683 1197 denunciantes
699 1166 824 1197 eisdem
848 1167 948 1207 quod,
967 1166 1034 1197 sive
1059 1167 1212 1197 venerint
1228 1167 1297 1197 sive
1314 1177 1389 1203 uon,
1408 1167 1447 1196 ad
1466 1167 1599 1199 finalem

215 1207 462 1247 expedicionem
479 1209 560 1240 dicti
577 1210 702 1249 negocii
718 1210 962 1250 procederetur,
977 1213 1142 1250 quatenus
1159 1211 1200 1240 de
1216 1210 1290 1250 jure
1307 1209 1410 1240 fuerit
1423 1212 1599 1250 proceden-

215 1250 307 1282 dum.
366 1251 415 1282 De
431 1252 493 1290 die,
507 1263 594 1291 vero,
611 1254 808 1293 recepcionis
827 1254 1048 1291 Presencium,
1066 1256 1100 1284 et
1116 1254 1197 1294 quid
1214 1253 1357 1284 feceritis
1373 1253 1406 1283 in
1421 1255 1600 1294 premissis,

215 1294 265 1324 vel
277 1294 394 1325 fecerit
409 1295 493 1325 alter
509 1300 668 1335 vestrum,
683 1307 719 1327 ac
735 1297 834 1327 modo
850 1300 884 1327 et
900 1297 1006 1327 forma
1019 1297 1225 1327 execucionis
1242 1297 1447 1337 hujusmodi,
1461 1308 1530 1337 nos,
1542 1302 1602 1330 aut

215 1337 322 1368 dictos
340 1338 589 1370 commissarios
603 1344 746 1379 nostros,
759 1341 856 1370 dictis
873 1341 926 1370 die
942 1344 977 1370 et
994 1340 1072 1377 loco,
1090 1341 1247 1370 distincte
1263 1345 1297 1371 et
1312 1343 1426 1380 aperte
1442 1341 1602 1373 certificet

216 1380 274 1420 qui
291 1391 423 1420 presens
439 1382 637 1414 Mandatum
662 1384 764 1414 fuerit
787 1387 956 1422 executus,
974 1394 1032 1423 per
1056 1394 1131 1414 suas
1157 1383 1287 1414 Literas
1310 1387 1464 1424 patentes
1481 1385 1600 1416 harum

215 1424 332 1454 seriem
344 1425 696 1457 continentes-Data
708 1427 741 1457 in
761 1427 916 1466 Hospicio
933 1430 1046 1457 nostro
1061 1427 1292 1466 Londoniensi,
1306 1429 1400 1458 xxvt0
1412 1429 1466 1459 die
1479 1430 1602 1460 mensis

216 1466 378 1506 Januarii,
408 1469 502 1499 Anno
526 1470 663 1500 Domini
688 1471 746 1501 Mo,
766 1471 1028 1502 CCC¹³¹01xxxmo
1052 1473 1086 1501 et
1110 1471 1377 1502 Consecracionis
1401 1475 1514 1503 nostre
1538 1483 1600 1503 un-

214 1510 506 1552 decimos—Cujus
533 1514 732 1544 auctoritate
756 1514 918 1552 Mandati,
946 1514 979 1544 in
1006 1514 1151 1544 Ecclesia
1179 1515 1403 1546 Conventuali
1426 1516 1508 1546 dicti
1532 1517 1601 1547 Mo-

214 1555 359 1593 nasterii,
377 1555 430 1585 die
445 1556 478 1586 in
496 1557 585 1587 dicto
602 1557 760 1588 Mandato
777 1559 817 1588 ad
835 1558 896 1588 hoc
919 1557 1094 1597 assignato,
1112 1558 1198 1588 intra
1216 1558 1393 1590 Missarum
1409 1559 1602 1600 solempnia,

215 1598 414 1636 proclamavi
425 1602 459 1629 et
470 1601 763 1639 proclamacionem
777 1601 943 1640 publicam
961 1601 1023 1631 feci
1039 1604 1074 1631 et
1090 1601 1304 1641 solempnem,
1318 1606 1364 1640 ut,
1379 1603 1406 1633 si
1419 1603 1477 1643 qui
1490 1607 1602 1635 essent

215 1641 272 1680 qui
296 1641 421 1672 vellent
444 1646 504 1673 aut
534 1647 670 1683 possent
692 1655 726 1674 se
754 1654 918 1684 opponere
950 1647 1065 1675 contra
1092 1644 1299 1675 Eleccionem
1324 1645 1519 1686 hujusmodi
1542 1657 1601 1678 seu

214 1694 387 1724 personam
405 1684 522 1725 Electi,
540 1687 759 1727 peremptorie
783 1691 818 1718 et
841 1688 1042 1718 sufficienter
1065 1693 1278 1728 compareant
1294 1699 1403 1720 coram
1421 1690 1522 1729 vobis,
1540 1695 1601 1722 aut

214 1738 281 1757 nno
308 1732 467 1767 vestrum,
493 1730 526 1760 in
556 1731 698 1762 Ecclesia
725 1731 915 1762 cathedrali
943 1731 1101 1771 predicta,
1126 1732 1178 1761 die
1208 1731 1327 1763 Martis
1350 1733 1501 1774 proxima
1525 1738 1602 1774 post

216 1771 353 1802 Festum
378 1772 621 1805 Purificacionis
646 1775 748 1805 Beate
772 1775 874 1805 Marie
901 1775 1051 1815 proximo
1077 1778 1159 1806 tunc
1182 1775 1349 1815 futurum,
1374 1777 1600 1817 opposiciones

213 1825 298 1854 suas,
327 1815 354 1845 si
382 1826 464 1856 quas
491 1817 663 1856 haberent,
692 1819 725 1848 in
755 1818 861 1849 forma
887 1818 971 1859 juris
998 1819 1210 1859 proposituri,
1237 1822 1271 1850 et
1296 1830 1350 1850 eas
1378 1820 1599 1852 effectualiter

214 1860 432 1898 prosecuturi,
450 1860 659 1902 ulteriusque
674 1861 798 1893 facturi
814 1865 848 1892 et
864 1862 1031 1902 recepturi
1055 1863 1144 1901 quod
1169 1873 1236 1900 vos,
1254 1866 1312 1894 aut
1330 1874 1418 1894 unus
1436 1868 1596 1904 vestrum,

212 1901 334 1932 eisdem
364 1904 621 1943 oppositoribns,
638 1906 835 1944 generaliter
857 1909 918 1936 aut
940 1906 1134 1945 specialiter,
1153 1906 1316 1937 duxeritis
1339 1907 1598 1948 injungendum,

213 1948 247 1975 et
263 1945 440 1977 dictaverit
455 1948 535 1978 ordo
548 1948 642 1989 juris,
659 1949 693 1979 in
712 1949 982 1980 Confirmacionis
999 1949 1193 1990 hujusmodi
1210 1950 1392 1981 Eleceionis
1405 1952 1540 1991 negocio
1551 1962 1598 1982 re-

213 1989 386 2029 quisitum.
433 1991 487 2029 Et,
504 1992 583 2032 quia
599 1992 712 2023 nullus
729 2003 787 2033 pro
810 1996 893 2023 tunc
917 1993 1170 2024 Confirmacioni
1193 1993 1310 2024 future
1327 1995 1474 2035 predicte
1490 1995 1599 2027 fiende

213 2033 414 2072 reclamavit,
432 2044 492 2065 nec
508 2038 622 2066 contra
638 2046 812 2076 personam
828 2037 968 2067 electam
992 2047 1099 2077 neque
1117 2037 1325 2068 Eleccionem
1342 2039 1546 2070 antedictam
1563 2050 1598 2070 se

213 2076 379 2116 opposuit,
396 2087 457 2108 nec
480 2088 646 2118 opponere
669 2090 704 2110 se
727 2080 810 2110 velle
834 2080 967 2111 dicebat
989 2090 1098 2121 neque
1122 2081 1340 2120 protestabat,
1359 2082 1492 2113 nullum
1508 2082 1541 2113 in
1560 2093 1597 2113 ea

213 2122 306 2159 parte
319 2120 418 2151 citavi
433 2121 468 2151 in
484 2123 600 2162 specie,
613 2123 713 2154 sicuti
729 2133 789 2154 nec
804 2123 905 2154 citare
921 2123 1032 2154 debui.
1084 2123 1299 2163 Denunciavi‚
1317 2125 1461 2165 insuper,
1473 2126 1598 2157 eisdem

212 2163 246 2193 in
274 2164 391 2203 specie,
409 2167 443 2195 et
466 2166 623 2197 omnibus
650 2176 794 2206 quorum
819 2167 968 2205 interest,
991 2177 1049 2198 seu
1076 2167 1236 2198 interesse
1256 2169 1389 2208 poterit,
1410 2169 1443 2199 in
1469 2180 1596 2209 genere,

211 2207 311 2246 quod,
324 2207 393 2237 sive
405 2208 503 2239 dictis
515 2209 568 2239 die
578 2213 614 2240 et
625 2210 695 2240 loco
708 2210 860 2241 venerint
872 2210 973 2241 iidem
989 2220 1153 2250 opponere
1166 2211 1315 2242 volentes
1325 2222 1381 2242 seu
1394 2213 1504 2252 quivis
1514 2213 1600 2244 alius

211 2260 376 2290 opponere
389 2252 510 2290 volens,
523 2253 591 2283 sive
603 2263 679 2292 non,
694 2254 733 2284 ad
746 2253 877 2284 finalem
895 2254 1143 2294 expedicionem
1162 2254 1433 2286 confirmacionis
1446 2256 1528 2287 dicti
1541 2267 1596 2287 ne-

210 2293 294 2333 gocii
311 2295 516 2334 procedetur,
534 2300 700 2336 quatenus
717 2297 758 2327 de
773 2296 848 2337 jure
863 2297 966 2328 fuerit
983 2297 1238 2337 procedendum,
1251 2298 1323 2329 loco
1339 2303 1374 2330 et
1389 2300 1596 2340 temporibus

212 2347 270 2377 per
280 2337 445 2377 predictos
460 2339 719 2379 Commissarios,
733 2344 792 2371 aut
805 2351 911 2371 unum
928 2341 1109 2372 eorundem
1122 2342 1163 2371 ad
1175 2341 1235 2371 hec
1245 2342 1461 2382 assignandis.
1508 2342 1597 2374 Data

209 2381 299 2420 apud
310 2381 575 2422 Tavystochiam,
587 2384 693 2424 primo
705 2384 759 2414 die
771 2384 894 2415 mensis
908 2384 1088 2422 Februarii,
1097 2385 1194 2415 Anno
1206 2385 1341 2416 Domini
1351 2386 1598 2426 supradicto.—

214 2423 320 2464 Cujus
336 2426 538 2457 auctoritate
556 2427 706 2458 Mandati
723 2451 731 2459 .
756 2450 765 2458 .
790 2451 797 2459 .
823 2451 841 2466 .,
859 2428 1065 2468 oppositores
1081 2427 1286 2468 hujusmodi,
1299 2429 1355 2467 sic,
1368 2432 1407 2460 ut
1418 2430 1596 2470 prefertur,

213 2467 342 2506 citatos,
367 2468 420 2499 die
444 2470 562 2501 Martis
585 2471 743 2511 predicta,
766 2470 800 2501 in
825 2472 993 2511 presencia
1017 2471 1173 2512 Religiosi
1197 2472 1268 2511 viri,
1293 2473 1439 2514 Dompni
1463 2473 1596 2505 Ricardi

214 2510 353 2550 Auncel,
371 2512 526 2544 Monachi
551 2514 743 2545 Monasterii
767 2515 933 2554 prelibati,
952 2515 1205 2546 Procuratorem
1231 2515 1399 2547 dictorum
1416 2517 1539 2548 Prioris
1563 2521 1597 2549 et

213 2553 409 2586 Conventus
425 2556 458 2586 in
476 2556 537 2588 hac
553 2560 648 2598 parte
664 2568 698 2589 se
715 2559 901 2597 asserentis,
919 2569 979 2599 pro
995 2558 1075 2598 ipsis
1093 2558 1205 2589 Priore
1221 2562 1257 2590 et
1275 2559 1451 2591 Conventu
1475 2571 1512 2591 ac
1535 2571 1595 2601 pro

213 2600 310 2637 parte
326 2598 432 2638 ipsius
449 2600 567 2640 Electi,
585 2611 695 2632 coram
709 2601 815 2641 nobis,
832 2602 865 2632 in
885 2601 1077 2634 Cathedrali
1092 2602 1239 2633 Ecclesia
1256 2607 1441 2634 memorata
1455 2603 1597 2644 judicia-

213 2640 290 2671 liter
304 2642 346 2672 ad
370 2641 431 2674 hec
454 2644 659 2683 sedentibus,
684 2645 916 2685 comparentis,
940 2645 1072 2686 publice
1096 2648 1130 2676 et
1153 2645 1371 2686 solempniter
1394 2647 1596 2687 preconizari

213 2683 352 2715 fecimus
368 2686 492 2726 pluries
509 2691 544 2718 et
558 2688 687 2719 vicibus
702 2688 863 2729 repetitis.
904 2690 957 2728 Et,
975 2689 1053 2730 quia
1068 2688 1182 2719 nullus
1198 2692 1271 2720 erat
1285 2700 1479 2730 comparens
1495 2701 1595 2731 oppo-

211 2727 305 2766 sitor,
322 2731 382 2759 aut
399 2730 457 2770 qui
473 2741 663 2772 comparere
679 2735 714 2762 et
729 2742 895 2773 opponere
911 2743 945 2764 se
962 2732 1072 2763 voluit
1087 2732 1120 2762 in
1140 2733 1317 2772 premissis,
1335 2733 1490 2764 omnibus
1506 2734 1541 2764 in
1558 2744 1596 2765 ea

214 2774 309 2811 parte
331 2782 498 2813 opponere
520 2785 555 2805 se
578 2775 769 2807 volentibus
792 2776 880 2808 viam
897 2776 1040 2808 ulterius
1056 2778 1172 2807 contra
1196 2786 1233 2807 ea
1256 2786 1312 2807 seu
1338 2787 1392 2807 eas
1416 2776 1595 2817 quicquam

197 2849 226 2884 F
