1987 3062
635 273 992 316 INSTITUTIONS,
1031 273 1130 306 Ere.
1566 264 1586 305 1
1596 263 1657 306 03

117 378 193 404 AD·
227 379 460 420 PAIGNTON
482 379 771 434 [Peyngtone‚
793 378 914 434 MS.],
937 377 989 427 V,

118 413 193 438 1388.

116 445 179 471 Vol.
227 437 279 469 Sir
293 437 435 468 Edwarcl
451 437 600 468 Patriche
616 436 807 477 exchanged
824 436 990 467 Benefices
1007 435 1089 466 with

116 478 158 505 11·
226 481 279 512 Sir
305 481 440 511 Thomas
464 480 701 520 Aysehpertonc,
728 482 766 511 R.
791 480 825 510 of
855 479 965 511 South
991 479 1079 516 Pool,
1105 479 1178 509 who
1203 489 1269 509 was
1293 479 1433 509 collated
1460 479 1509 517 (at
1533 478 1654 519 Clyst),

269 525 287 555 9
313 524 590 555 Oct.—-Mandate
612 524 664 554 for
688 524 866 554 lnductiou
891 523 1041 554 directed
1065 526 1100 553 to
1125 522 1183 553 the
1207 522 1335 554 official
1359 523 1393 553 of
1422 522 1479 554 the
1504 522 1655 553 Peculiar

269 568 290 599 J
294 567 491 598 urisdiction
514 567 549 598 in
573 567 698 598 Devon.

223 631 382 673 SOUTH
404 632 525 672 Poor,
546 629 708 683 [South
733 631 851 679 Pole,
874 630 1000 685 MSJ,
1024 631 1074 671 R.

225 691 278 721 Sir
297 690 432 721 Thomas
448 690 678 730 Ayschpertone
694 689 883 728 exchanged
902 689 1067 719 Benefices
1084 688 1166 719 with

225 734 279 764 Sir
295 733 437 764 Edward
454 733 615 771 Pam-iche,
631 733 670 764 V.
684 734 718 763 of
732 733 907 773 Paignton,
922 733 995 763 who
1009 743 1074 762 was
1086 732 1162 763 inst.
1179 732 1227 770 (at
1241 731 1361 772 Clyst),
1375 733 1392 763 9
1407 732 1479 763 Oct.
1493 741 1500 769 ;
1520 732 1654 770 Patron,

267 778 326 807 illa
341 779 413 816 vice,
431 777 484 808 Sir
499 777 589 807 John
606 778 647 808 de
664 777 832 817 Dynham,
851 776 942 814 Knt„
963 776 982 791 “
996 776 1071 816 jure
1088 774 1323 806 hereditario.''

223 842 501 883 BRADNINCH
538 841 887 897 [Bradenynche,
921 841 1043 897 MS.]‚
1080 841 1159 891 R.;
1190 840 1426 895 Eoeclccmye
1449 839 1501 896 of
1516 839 1653 882 Bene-

275 899 445 952 ficas,—

226 959 277 990 On
294 958 352 990 the
369 959 450 990 23rd
468 959 502 989 of
519 958 674 996 October,
693 961 728 989 at
740 958 848 998 Clyst,
862 957 919 988 the
934 957 1056 997 Bishop
1073 957 1222 987 received
1234 957 1365 987 Letters
1382 956 1416 987 of
1433 956 1654 987 Commission

117 2124 168 2152 fol.
180 2124 256 2151 114b.

268 1002 354 1033 from
378 1002 522 1032 Thomas
538 1002 716 1039 Baketone,
734 1002 860 1039 LL.D.‚
880 1001 971 1031 Dean
997 1001 1030 1031 of
1054 1000 1111 1030 the
1129 1000 1263 1031 Church
1280 1000 1314 1030 of
1341 1001 1390 1031 St.
1410 1000 1654 1041 Mary-Arches,

269 1046 418 1084 London,
445 1045 601 1086 specially
628 1046 775 1085 deputed
807 1055 842 1075 as
874 1044 1097 1084 Commissary
1124 1047 1160 1074 to
1190 1044 1263 1074 deal
1291 1043 1372 1074 with
1397 1043 1466 1073 this
1492 1044 1654 1083 proposed

270 1089 447 1129 Exchange
475 1089 518 1129 by
542 1089 600 1119 the
624 1088 834 1127 Archbishop
862 1088 896 1118 of
921 1087 1142 1127 Canterbury,
1167 1097 1202 1117 as
1228 1087 1355 1117 follows
1373 1087 1571 1118 2-William
1599 1087 1655 1125 [de

271 1132 485 1173 Courtenay],
503 1136 577 1171 etc„
600 1132 759 1172 Magistro
783 1132 909 1162 Thome
934 1129 1117 1169 Baketone,
1144 1131 1307 1161 etc.——Ex
1330 1134 1424 1170 parte
1447 1130 1561 1161 dilecti
1584 1130 1653 1169 filii,

271 1174 435 1206 Willelmi
474 1175 646 1216 Pykesley,
692 1175 839 1205 Rectoris
885 1174 1030 1204 Ecclesie
1076 1174 1275 1204 Parochialis
1311 1174 1352 1204 de
1391 1173 1653 1214 Colstreworthy

268 1218 791 1257 [Oolsterworth-Lincolnshire]‚
799 1217 1039 1249 Lincolniensis
1052 1217 1208 1256 Diocesis,
1217 1228 1253 1248 ac
1260 1217 1411 1257 Magistri
1421 1217 1489 1247 sive
1497 1217 1655 1248 Custodis

270 1262 454 1302 Hospitalis
482 1263 582 1292 Beate
610 1262 769 1292 Katerine
796 1262 836 1291 de
864 1261 1050 1301 Ledebury,
1084 1261 1336 1291 Herefordensis
1368 1260 1523 1299 Diocesis,
1560 1260 1654 1291 nobis

270 1306 386 1336 extitit
405 1305 600 1336 intimatum
617 1305 717 1346 quod,
735 1305 812 1335 licet
828 1305 916 1334 idem
933 1304 1130 1342 Willelmus,
1145 1304 1265 1334 Rector
1281 1303 1460 1343 predictus,
1472 1306 1505 1334 et
1518 1304 1654 1343 quidam

271 1348 436 1379 Henricus
454 1349 612 1387 Barnake,
632 1350 750 1379 Rector
768 1347 910 1378 Ecclesie
928 1347 1126 1378 Parochialis
1139 1347 1180 1377 de
1198 1346 1445 1387 Bradenynche,
1458 1347 1655 1378 Exoniensis

270 1392 426 1430 Diocesis,
444 1392 542 1423 certis
561 1392 646 1422 veris
662 1395 696 1422 et
712 1391 869 1431 legitimis
886 1391 927 1421 de
943 1391 1049 1421 causis
1072 1390 1159 1430 ipsos
1175 1390 1209 1420 in
1226 1390 1288 1420 hac
1310 1394 1405 1430 parte
1429 1390 1652 1429 moventibus,

270 1436 479 1466 affectassent
489 1436 577 1466 dicta
594 1445 653 1465 sua
665 1434 826 1465 Beneficia
840 1434 1067 1464 Ecclesiastica
1080 1433 1263 1464 adinvicem
1277 1434 1440 1464 Canonice
1454 1437 1654 1473 permutare,

270 1479 447 1519 dictusque
454 1478 653 1517 Willelmus,
667 1479 845 1509 intendens
858 1477 1053 1517 hujusmodi
1066 1477 1239 1516 negocium
1252 1477 1524 1514 Pel-mutacionis,
1538 1482 1652 1516 quate-

270 1532 334 1552 nus
351 1533 426 1553 eum
440 1522 618 1560 concernit,
632 1523 673 1552 ad
687 1521 787 1552 finem
806 1521 960 1561 prosequi
977 1530 1053 1551 cum
1070 1521 1201 1558 effectu,
1215 1530 1323 1551 coram
1336 1520 1526 1551 Venerabili
1538 1521 1654 1551 Fratre

270 1569 393 1604 nostro,
421 1565 565 1596 Domino
593 1565 746 1596 Johanne
773 1564 828 1603 [de
846 1563 1088 1604 Bokyngham]‚
1122 1563 1345 1594 Lincolniensi
1376 1563 1547 1604 Episcopo,
1576 1563 1655 1594 Loci

270 1609 461 1647 Diocesano,
480 1612 593 1639 nostro
617 1611 652 1639 et
669 1608 812 1638 Ecclesie
830 1610 941 1638 nostre
966 1607 1214 1638 Cantuariensis
1231 1607 1357 1637 notorie
1375 1607 1597 1646 Suffraganeo,
1614 1607 1656 1638 ad

270 1662 370 1692 quem
387 1662 559 1682 causarum
577 1652 665 1682 dicte
683 1651 945 1682 Permutacionis
957 1650 1107 1680 faciende
1121 1650 1238 1680 saltem
1250 1650 1284 1680 in
1302 1653 1405 1690 parte,
1423 1650 1578 1681 videlicet
1590 1661 1656 1690 quo

270 1696 310 1726 ad
328 1695 507 1726 Ecclesiam
521 1696 562 1726 de
575 1695 835 1726 Colstreworthe
845 1694 1039 1734 predictam,
1054 1693 1267 1731 examinacio,
1282 1693 1435 1732 discucio,
1450 1694 1655 1733 approbacio,

270 1749 326 1769 seu
352 1739 551 1779 reprobacio,
569 1742 603 1769 et
619 1738 814 1778 hujusmodi
830 1737 1093 1768 Permutacionis
1115 1737 1333 1767 auctorizacio
1350 1737 1596 1776 pertinuerunt,
1614 1738 1655 1768 de

268 1792 430 1813 consensu
457 1786 492 1813 et
518 1792 653 1813 assensu
682 1781 903 1812 Patronorum
930 1780 1034 1820 ipsius
1059 1780 1202 1811 Ecclesie
1225 1781 1267 1810 de
1294 1780 1562 1819 Oolstreworthe,
1589 1791 1655 1812 una

269 1835 346 1856 cum
371 1826 622 1856 Presentacione
645 1826 826 1855 eorundem
843 1834 883 1855 ex
907 1834 1004 1854 causa
1022 1823 1284 1854 Permutacionis
1307 1824 1484 1862 antedicte,
1501 1825 1656 1864 congruis

269 1869 338 1899 loco
365 1872 399 1900 et
422 1873 571 1909 tempore
594 1868 796 1899 sufficienter
818 1878 1019 1908 comparens,
1043 1877 1157 1898 causas
1173 1867 1437 1898 Permutacionis
1460 1867 1656 1907 hujusmodi

269 1913 418 1943 faciende
429 1916 545 1951 certas,
563 1923 665 1951 veras,
682 1912 800 1952 justas,
819 1911 928 1949 utiles,
946 1910 1168 1949 racionabiles,
1187 1913 1221 1941 et
1237 1911 1435 1941 necessarias
1448 1911 1655 1951 exposuisset

268 1960 303 1987 et
326 1956 507 1996 allegasset,
532 1959 566 1986 et
583 1955 645 1995 [se]
662 1959 816 1996 paratum
833 1955 875 1985 ad
898 1954 1109 1994 probandum
1134 1954 1265 1984 easdem
1290 1964 1404 1984 causas
1426 1953 1473 1984 sic
1496 1954 1653 1994 allegatas

269 2000 371 2030 fuisse
384 2002 418 2030 et
429 2010 498 2030 esse
511 2010 613 2037 veras,
630 2004 664 2029 et
677 1999 767 2039 quod
779 1998 968 2039 symoniaca
981 1997 1135 2037 pravitas,
1147 2007 1205 2028 seu
1218 1997 1334 2037 quevis
1350 1997 1460 2037 paccio
1473 1997 1588 2028 illicita
1601 1998 1653 2029 vel

268 2043 445 2074 convencio
468 2043 643 2073 inhonesta
661 2053 701 2073 ex
717 2046 812 2082 parte
828 2041 931 2082 ipsius
954 2041 1113 2071 willelmi
1129 2040 1163 2071 in
1180 2040 1376 2081 hujusmodi
1392 2041 1526 2080 negocio
1543 2041 1650 2072 nulla-

269 2090 368 2117 tenus
383 2086 566 2117 intervenit
581 2085 800 2116 effectualiter
815 2085 1001 2125 optulisset,
1019 2087 1135 2124 petens
1152 2084 1193 2114 ab
1208 2084 1324 2114 eodem
1334 2083 1524 2114 Venerabili
1537 2085 1653 2116 Fratre

270 2133 383 2160 nostro
399 2129 519 2170 sepius,
536 2140 613 2160 cum
623 2129 794 2167 instancia,
808 2128 968 2169 quatinus
984 2128 1053 2167 ipse
1069 2127 1174 2158 dietas
1186 2137 1301 2158 causas
1317 2137 1426 2158 coram
1437 2138 1475 2158 eo
1487 2128 1654 2167 expositas

268 2173 591 2212 audire,examinare,
599 2172 984 2212 discutere,ulteriusque
995 2171 1028 2201 in
1041 2170 1396 2201 ‹lictePermutacionis
1404 2171 1653 2211 negoci0,prout

269 2216 390 2257 dejure
397 2216 500 2247 fuerit
510 2216 710 2254 faciendum,
724 2225 917 2255 cognoscere
931 2219 965 2245 et
976 2214 1160 2255 procedere,
1174 2218 1209 2244 et
1219 2214 1393 2254 negocium
1404 2213 1524 2254 ipsum,
1534 2218 1649 2254 quate-

268 2270 332 2290 nus
359 2260 470 2300 ipsum
493 2260 724 2297 concernebat,
744 2259 909 2298 expedire,
926 2268 984 2288 seu
1001 2258 1120 2288 saltem
1144 2257 1254 2297 ipsum
1270 2257 1443 2297 negocium
1460 2257 1651 2288 Venerabili

268 2303 377 2334 Fratri
388 2307 510 2341 nostro,
525 2303 668 2333 Domino
681 2303 819 2340 Thome,
834 2302 895 2332 Dei
905 2301 1013 2339 gracia
1028 2300 1206 2331 Exoniensi
1223 2300 1395 2340 Episcopo,
1409 2300 1443 2330 in
1456 2300 1554 2341 cujus
1570 2301 1647 2331 Dio-

267 2346 332 2377 cesi
347 2346 435 2377 (licta
450 2346 596 2377 Ecclesia
611 2347 652 2376 de
668 2344 909 2386 Bradenynche
925 2345 1050 2375 situata
1066 2347 1116 2374 est
1133 2343 1273 2382 notorie,
1292 2346 1466 2383 tamquam
1482 2344 1645 2384 Episcopo

266 2389 399 2430 juniori,
417 2390 516 2430 juxta
532 2399 657 2420 morem
674 2392 708 2420 et
724 2388 1001 2419 consuetudinem
1018 2387 1123 2427 Regni
1140 2386 1259 2427 Anglie
1274 2387 1308 2417 in
1325 2386 1414 2417 dicta
1437 2390 1551 2417 nostra.
1567 2388 1644 2418 Pro-

268 2433 375 2464 vincia
400 2433 561 2463 hactenus
589 2433 740 2471 usitatos,
766 2431 1010 2471 expediendum
1039 2430 1257 2468 committere,
1286 2432 1321 2461 et
1346 2429 1487 2461 ulterius
1512 2430 1546 2461 in
1574 2441 1645 2470 pre-

268 2476 375 2507 missis
406 2476 493 2516 parti
516 2474 598 2507 dicti
621 2475 756 2506 Domini
773 2475 929 2505 Willelmi
959 2473 1129 2515 justiciam
1152 2473 1268 2511 facere,
1291 2475 1467 2513 ceteraque
1491 2484 1645 2514 peragere

269 2529 334 2559 que
357 2530 417 2550 suo
447 2519 482 2550 in
513 2519 574 2550 hac
604 2522 698 2559 parte
720 2518 924 2549 incumbunt
947 2517 1061 2548 Officio
1086 2516 1257 2555 Pastorali,
1286 2516 1489 2556 dignaretur.
1539 2517 1644 2556 Idem,

270 2566 393 2601 tamen,
423 2562 629 2593 Venerabilis
666 2563 783 2593 Frater
820 2565 942 2600 noster,
977 2561 997 2591 J
1001 2560 1155 2598 ohannes,
1189 2560 1373 2600 Episcopus
1407 2559 1646 2592 Lincolniensis

269 2606 447 2645 predictus,
475 2606 611 2636 Partem
640 2605 686 2636 sic
716 2605 924 2645 allegantem,
947 2604 1149 2642 offerentem,
1174 2607 1209 2633 et
1232 2605 1403 2642 petentem
1427 2603 1645 2635 effectualiter

269 2649 435 2688 exaudire,
459 2659 517 2680 seu
544 2649 651 2679 eidem
680 2648 854 2686 Willelm0,
879 2657 979 2678 suum
1008 2646 1195 2686 predictum
1218 2646 1434 2685 Beneficium,
1459 2649 1500 2677 ut
1522 2647 1644 2687 prefer-

269 2695 335 2730 tur,
367 2695 557 2732 permutare
587 2692 725 2730 volenti,
754 2690 926 2731 justiciam
957 2690 1105 2720 debitam
1136 2689 1293 2720 exhibere
1323 2690 1542 2730 quovismodo
1576 2691 1645 2721 sive

267 2735 455 2766 ministrare
479 2745 546 2766 non
571 2735 708 2773 curavit,
741 2745 849 2775 neque
879 2737 984 2772 curat,
1008 2736 1059 2764 set
1089 2732 1213 2773 absque
1240 2743 1337 2764 causa
1367 2733 1556 2764 racionabili
1586 2744 1645 2764 seu

268 2777 416 2817 legitima
453 2788 664 2819 quacumque
695 2778 860 2808 recusavit
891 2787 1042 2817 expresse
1073 2778 1107 2806 et
1137 2779 1269 2807 recusat
1304 2776 1441 2816 injuste,
1475 2776 1509 2807 in
1540 2776 1644 2816 ipsius

270 2821 437 2860 Willelmi,
467 2821 616 2853 Rectoris
646 2821 797 2861 predicti,
828 2820 1052 2861 prejudicium
1079 2829 1147 2850 non
1177 2819 1347 2850 modicum
1379 2822 1413 2850 et
1441 2829 1619 2859 gravamen
1638 2829 1646 2857 ;

271 2864 360 2895 unde
397 2875 438 2895 ex
471 2867 564 2905 parte
595 2864 757 2905 ejusdem,
788 2863 965 2895 sencientis
995 2873 1029 2894 se
1062 2873 1103 2894 ex
1134 2862 1302 2903 premissis
1336 2862 1582 2903 gravaminibus
1614 2866 1648 2894 et
