1987 3062
281 193 373 239 170
457 205 577 258 'THE
612 204 854 238 REGISTER
890 206 949 238 OF
984 206 1159 240 BISHOP
1194 208 1593 243 BRANTYNGHAM.

278 308 352 333 ΑΒ·
429 310 528 341 Unde
551 321 591 340 ex
616 313 709 350 parte
726 310 931 341 Vicariorum
955 314 989 342 et
1013 311 1218 343 Annuellarii
1242 313 1468 352 predictorum
1491 313 1586 344 nobis
1609 313 1721 344 fuerat
1743 312 1804 343 hu-

276 343 351 401 336·
430 353 553 384 militer
568 353 791 393 supplicatum
811 357 849 384 ut
866 354 998 393 eisdem,
1017 358 1051 385 et
1068 366 1183 386 eorum
1199 356 1344 394 cuilibet,
1362 367 1460 397 super
1483 357 1546 387 hiis
1570 357 1742 397 providere
1765 356 1806 386 de

278 409 318 434 Π,
429 400 594 436 oportuno
610 397 755 427 remedio
778 397 998 437 dignaremur.
1049 399 1124 437 Nos,
1141 399 1253 439 igitur,
1278 400 1427 430 nolentes
1450 400 1529 440 ipsis
1552 400 1586 430 in
1610 411 1670 431 sua
1693 400 1805 430 deesse

428 440 571 480 justicia,
589 440 688 470 sicuti
707 451 766 470 nec
790 441 958 479 debemuS,
978 441 1069 471 vobis
1093 443 1324 481 communiter,
1342 446 1402 474 aut
1424 443 1555 474 duobus
1579 447 1738 481 vestrum,
1764 442 1805 472 ad

427 484 675 523 inquirendum,
709 494 749 513 ex
781 484 894 514 Officio
926 488 1039 515 nostro
1071 495 1160 516 mero
1189 486 1240 516 vel
1268 490 1419 526 promoto
1448 487 1516 517 sive
1552 486 1621 526 [ad]
1652 486 1804 516 Parcium

430 527 636 564 instanciam,
666 537 764 565 super
787 527 963 566 premissis,
988 529 1112 558 vocatis
1137 529 1292 559 Partibus
1316 530 1474 569 predictis
1502 532 1536 560 et
1566 529 1637 559 aliis
1667 529 1709 559 de
1730 528 1806 569 jure

429 570 593 607 vocandis,
612 580 670 609 per
685 570 771 600 viros
789 570 971 610 fidedignos
986 571 1020 601 in
1038 571 1099 602 hac
1115 576 1207 612 parte
1224 573 1405 612 pleniorem
1421 573 1579 603 noticiam
1602 572 1802 612 optinentes,

429 624 538 645 coram
556 613 649 644 vobis
666 613 794 653 juratos
811 617 844 643 et
860 614 893 643 in
910 614 1017 644 forma
1033 614 1254 654 jurandorum
1278 616 1417 646 testium
1441 616 1656 654 examinatos,
1674 615 1805 655 plenius

429 657 631 694 veritatem3
666 667 711 694 ac,
738 659 906 696 comperta
934 658 1074 688 veritate
1102 659 1346 698 premissorum,
1376 659 1408 689 in
1438 659 1632 699 hujusmodi
1663 658 1805 698 negociis

428 700 569 732 ulterius
594 700 741 739 legitime
774 701 1028 739 procedendum,
1058 705 1091 732 et
1118 702 1174 732 illa
1202 702 1266 732 fine
1292 703 1404 732 debito
1435 702 1697 739 terminandum,
1728 711 1804 732 cum

429 744 583 774 omnibus
613 743 682 773 suis
709 744 965 782 emergentibus,
997 745 1230 783 incidentibus,
1263 746 1528 785 dependentibus
1558 748 1593 776 et
1625 744 1805 782 connexis3

430 797 567 825 necnon,
585 787 675 826 quod
691 787 902 817 decreveritis
926 788 1092 818 observari
1116 789 1280 820 Canonice
1303 789 1492 820 faciendum
1511 799 1518 826 ;
1542 789 1718 828 omniaque
1741 787 1805 818 alia

428 835 463 862 et
486 830 615 869 singula
639 830 673 860 in
698 830 758 860 hac
782 833 874 869 parte
898 831 1086 869 necessaria,
1110 842 1166 862 seu
1191 833 1232 862 de
1255 832 1329 872 jure
1353 832 1605 872 quomodolibet
1635 830 1803 871 requisita,

428 873 667 905 excercendum
699 876 733 903 et
763 874 1017 912 expediendum,
1049 878 1163 905 tenore
1203 876 1413 906 presencium
1445 875 1688 906 committimus
1719 874 1805 904 vices

430 921 569 955 nostras,
586 917 828 948 etc.’'—Dated
847 920 882 947 at
899 917 1002 957 Clyst,
1023 919 1060 949 18
1078 919 1169 959 July.

277 985 324 1010 fol.
381 982 742 1019 188.——DAVIDSTOWE,
771 982 901 1012 V.—T0
934 983 1073 1013 Masters
1109 983 1214 1023 Ralph
1247 982 1452 1023 Tregresiou,
1486 983 1606 1022 LLD„
1643 983 1734 1013 Dean
1771 982 1805 1012 of

278 1018 336 1044 45¹³·
428 1027 561 1063 Exeter,
580 1025 705 1055 Robert
730 1025 850 1063 Bosun,
876 1025 1063 1056 Licenciate
1086 1027 1120 1056 in
1144 1026 1225 1056 both
1252 1027 1355 1065 Laws,
1384 1027 1585 1064 Chaneellor,
1610 1026 1675 1056 and
1700 1027 1806 1065 Roger

428 1070 532 1109 Payn,
565 1068 682 1106 LLB,
712 1069 886 1098 President
909 1069 943 1098 of
969 1069 1025 1099 the
1054 1070 1245 1110 Consistory
1271 1069 1449 1100 Court.—“
1469 1071 1519 1100 Ex
1545 1072 1638 1109 parte
1669 1069 1804 1099 Domini

433 1113 545 1143 leomc
572 1111 750 1148 Rev-narde,
780 1112 950 1151 capellani,
980 1113 1075 1142 nobis
1102 1113 1216 1143 extitit
1240 1113 1448 1152 querelatum
1473 1113 1563 1153 quod
1579 1112 1715 1152 quidam
1738 1113 1805 1142 Do-

432 1156 542 1186 minus
562 1155 774 1193 Baldewynus
798 1155 900 1192 wille,
917 1155 1114 1194 capellanus,
1133 1156 1221 1186 dicte
1244 1159 1356 1186 nostre
1381 1156 1526 1187 Diocesis
1543 1167 1576 1187 se
1593 1155 1803 1196 pretendens,

428 1210 464 1229 ac
488 1198 615 1228 Vicarie
640 1198 803 1237 Perpetue
829 1198 971 1228 Ecclesie
997 1199 1193 1229 Parochialis
1218 1200 1258 1229 de
1283 1200 1468 1238 Deustowe,
1497 1199 1531 1229 in
1560 1199 1739 1237 Cornuffia,
1765 1199 1806 1229 de

427 1243 526 1280 facto,
544 1241 621 1271 licet
636 1251 703 1271 non
727 1242 767 1271 de
791 1241 874 1281 jure,
900 1245 939 1271 ut
963 1241 1094 1279 dicitur,
1112 1243 1317 1280 incumbens,
1335 1243 1377 1273 ad
1393 1244 1531 1273 eandem
1547 1242 1722 1280 Viam—iam,
1740 1242 1804 1272 Do-

428 1286 518 1316 mino
548 1284 677 1315 Roberto
706 1284 865 1324 Knyyclcc,
894 1285 1045 1325 ejusdem
1072 1286 1216 1316 Ecclesie
1244 1289 1325 1316 tunc
1354 1287 1492 1324 Vicario,
1522 1285 1712 1326 superstite,
1747 1296 1806 1325 per

428 1329 627 1368 Magistrum
652 1331 685 1357 et
712 1328 843 1358 Fratres
871 1328 1102 1366 hospitalarios
1126 1329 1308 1369 Hospitalis
1333 1330 1446 1360 Sancti
1470 1329 1631 1360 Johannis
1655 1328 1807 1368 Baptiste

428 1373 469 1403 de
495 1373 693 1412 Brygwater,
720 1371 952 1402 Bathoniensis
976 1375 1008 1402 et
1035 1373 1206 1403 WVellensis
1235 1373 1392 1411 Diocesis,
1418 1373 1543 1403 dictam
1567 1372 1747 1403 Ecclesiam
1770 1373 1804 1402 in

427 1426 508 1446 usus
525 1415 673 1454 proprios
690 1415 735 1444 eis
752 1425 938 1445 concessam
957 1416 1128 1453 Canonice,
1146 1420 1186 1446 ut
1201 1416 1368 1454 asseritur,
1387 1416 1586 1454 obtinentes,
1608 1426 1700 1446 veros
1717 1415 1803 1455 ejus-

428 1460 504 1490 dem
523 1458 658 1496 Vicarie,
678 1462 717 1488 ut
739 1458 871 1495 dicitur,
890 1459 1059 1496 Patronos,
1078 1459 1123 1489 eis
1147 1459 1305 1499 Magistro
1329 1462 1364 1490 et
1387 1459 1560 1490 Fratribus
1583 1459 1805 1498 hospitalariis

428 1502 585 1542 predictis
609 1512 648 1531 ex
673 1505 766 1541 parte
791 1502 909 1540 prefati
934 1502 1069 1532 Domini
1092 1502 1284 1542 Baldewyni
1308 1503 1513 1533 mendaciter
1535 1505 1690 1542 suggesto
1714 1502 1804 1542 quod

425 1546 554 1577 Vicaria
571 1545 699 1584 prefata
715 1556 772 1584 per
790 1548 929 1575 mortem
948 1545 1028 1575 dicti
1046 1546 1180 1576 Domini
1198 1545 1335 1576 Roberti
1359 1546 1530 1586 Knygthe,
1549 1546 1637 1576 dicte
1661 1545 1804 1576 Ecclesie

425 1594 508 1620 tuuc
524 1588 655 1626 Vicarii,
674 1588 863 1625 vacavisset,
882 1599 957 1618 cum
975 1599 1087 1619 revera
1104 1600 1167 1619 non
1187 1589 1361 1627 vacaverit,
1379 1590 1576 1629 quinymmo
1593 1590 1634 1619 de
1650 1589 1720 1628 ipso
1738 1589 1802 1619 Do-

427 1633 517 1663 mino
534 1632 690 1669 Roberto,
710 1631 813 1670 ipsius
838 1631 990 1667 Ecclesie,
1010 1635 1050 1662 ut
1066 1632 1284 1671 premittitur,
1303 1633 1441 1670 Vicario,
1459 1633 1555 1672 plena
1570 1632 1731 1662 extiterat
1748 1642 1803 1671 pa-

426 1677 507 1706 riter
523 1678 557 1705 et
573 1676 735 1710 consulta,
755 1674 898 1704 discreto
915 1675 993 1712 viro,
1012 1675 1169 1714 Magistro
1193 1675 1340 1707 Johanni
1358 1676 1500 1715 Lugans,
1517 1679 1631 1706 nostro
1648 1675 1681 1705 in
1700 1675 1801 1715 Spiri-

428 1719 584 1756 tualibus,
602 1718 696 1748 nobis
711 1718 916 1755 absentibus,
936 1718 1065 1748 Vicario
1082 1719 1245 1757 Generali,
1265 1730 1321 1758 per
1337 1719 1554 1749 ambicionem
1567 1718 1753 1758 improbam
1767 1729 1803 1749 ac

426 1762 563 1792 nimiam
581 1761 799 1800 surrepcionis
823 1761 995 1799 astuciam,
1020 1772 1053 1791 se
1077 1762 1225 1801 optinuit
1249 1762 1438 1801 presentari.
1486 1762 1708 1802 Demumque,
1732 1772 1802 1801 pre-

426 1806 496 1836 fito
514 1804 657 1834 Domino
675 1804 831 1843 Roberto,
849 1804 987 1842 Vicario,
1005 1805 1177 1835 subtracto
1202 1809 1302 1844 prout
1327 1806 1396 1835 Deo
1420 1805 1546 1845 placuit
1569 1805 1610 1835 ab
1634 1805 1694 1835 hac
1717 1805 1800 1843 luce,

427 1849 538 1888 vigore
555 1847 704 1896 ejus-(lem
724 1848 984 1878 P1esentac101ns
1008 1859 1065 1887 per
1088 1848 1256 1897 prefatum
1273 1852 1423 1878 nostrum
1442 1849 1476 1878 in
1494 1848 1569 1888 Spu
1572 1848 1730 1879 ituahbus
1748 1848 1800 1878 Vi—

427 1891 691 1930 ca1·ium‚eciim
719 1891 921 1930 piiusquam
936 1891 1071 1930 prefatis
1093 1891 1244 1931 ejusdcm
1268 1892 1395 1922 Vicarie
1421 1891 1572 1922 Patronis
1596 1891 1636 1921 de
1660 1891 1801 1931 predicti

426 1935 549 1966 Vicmii
565 1934 657 1965 obitu
676 1934 774 1974 aliqu·
769 1934 864 1964 aliter
887 1938 1006 1964 notum
1031 1938 1112 1972 erat,
1140 1936 1179 1965 ad
1204 1936 1343 1965 eandem
1360 1935 1523 1965 Vicariam
1540 1934 1703 1965 admissus
1719 1935 1801 1965 exti-

426 1982 522 2016 terat,
541 1981 575 2008 et
590 1978 623 2008 in
641 1988 677 2007 ea
693 1978 830 2017 insuper
846 1978 1036 2015 institutuS,
1055 1958 1225 2018 ipsiusque
1242 1978 1368 2008 Vicarie
1393 1978 1629 2018 possessionem
1654 1988 1801 2018 corpora-

426 2023 491 2053 lem
508 2022 725 2062 postmodum
742 2024 912 2051 assecutus
928 2032 934 2059 3
959 2021 1056 2061 cujus
1072 2022 1290 2052 assecucionis
1307 2021 1385 2052 licet
1407 2021 1550 2052 invalide
1567 2021 1716 2060 [vigore]‚
1734 2021 1800 2051 dic-

426 2070 496 2097 tam
522 2064 686 2095 Vicariam
710 2064 870 2095 hactenus
894 2065 1051 2102 detinuit,
1076 2068 1176 2104 prout
1199 2065 1308 2102 adhuc
1331 2065 1468 2103 detinet,
1493 2065 1642 2095 indebite
1665 2075 1800 2104 occupa-

426 2113 493 2140 tam
511 2119 518 2146 3
553 2108 709 2148 quodque
737 2108 819 2138 dicti
853 2108 1066 2147 hospitalarii,
1095 2108 1261 2138 dictarum
1292 2108 1485 2138 ambicionis
1516 2111 1550 2138 et
1583 2108 1801 2148 surrepcionis

430 2153 509 2192 ipsis
525 2151 656 2190 cognita
672 2151 821 2189 veritate,
841 2151 974 2190 provide
991 2152 1204 2182 attendentes
1221 2152 1506 2182 Presentacionem
1523 2151 1718 2191 hujusmodi
1735 2161 1800 2182 non

424 2196 541 2231 valere,
559 2196 600 2225 de
617 2198 723 2224 morte
741 2195 861 2234 prefati
877 2195 1012 2224 Domini
1028 2195 1167 2225 Roberti
1182 2195 1304 2225 Vicarii
1327 2195 1568 2234 subsequenter
1584 2196 1720 2234 optenta
1744 2205 1800 2225 no-

426 2239 514 2276 ticia,
533 2249 552 2268 a
569 2248 705 2278 persona
723 2237 863 2277 predicti
886 2237 1021 2267 Domini
1045 2238 1237 2278 Baldewyni
1261 2238 1379 2267 merito
1402 2238 1616 2275 declinantes,
1636 2248 1802 2277 suumque

424 2282 631 2323 propositum
649 2281 839 2320 pristinum,
860 2284 960 2320 prout
976 2281 1021 2310 eis
1038 2281 1078 2310 de
1093 2281 1168 2320 jure
1183 2281 1216 2311 in
1235 2281 1295 2311 hac
1311 2284 1403 2320 parte
1420 2281 1524 2318 licuit,
1545 2283 1799 2318 commutantes,

424 2326 466 2356 ad
483 2325 644 2356 Vicariam
662 2324 864 2363 sepedictam
877 2324 1005 2354 dictum
1023 2324 1205 2354 Dominum
1223 2324 1383 2354 Thomam
1399 2324 1492 2354 nobis
1505 2324 1684 2354 literatorie
1700 2326 1802 2364 atque

424 2369 572 2409 legitime
596 2370 842 2407 presentarunt.
900 2367 997 2398 Unde
1022 2367 1132 2397 dictus
1156 2367 1320 2397 Dominus
1344 2367 1486 2397 Thomas
1510 2367 1605 2397 nobis
1629 2367 1801 2397 humiliter

425 2412 624 2452 supplicavit
647 2410 805 2450 quatinus
828 2411 937 2450 ipsum
961 2410 1002 2440 ad
1026 2410 1150 2440 dictam
1173 2410 1335 2440 Vicariam
1360 2410 1548 2446 admittere,
1572 2421 1608 2440 ac
1633 2410 1800 2441 Vicarium

426 2457 632 2495 Perpetuum
657 2455 690 2484 in
715 2455 829 2484 eadam
854 2453 1019 2484 Canonice
1036 2453 1221 2491 instituere,
1240 2453 1368 2493 sibique
1385 2453 1426 2483 de
1450 2456 1614 2493 oportuno
1631 2453 1801 2493 providere

425 2499 570 2529 remedio
588 2498 620 2527 in
638 2497 698 2528 hac
715 2500 807 2537 parte
824 2497 1044 2536 dignaremur.
1092 2497 1261 2534 Nolentes,
1278 2497 1390 2536 igitur,
1409 2497 1498 2527 dicto
1515 2496 1657 2527 Domino
1674 2496 1800 2527 Thome

425 2544 615 2582 presentato
629 2540 832 2580 hujusmodi,
846 2541 879 2570 in
893 2551 952 2570 sua
966 2540 1077 2570 deesse
1089 2540 1231 2580 justicia,
1247 2539 1345 2569 sicuti
1359 2550 1417 2570 nec
1430 2540 1589 2570 debemus
1605 2550 1612 2578 ;
1625 2540 1799 2570 attenden-

426 2589 542 2625 tesque
559 2584 826 2614 Presentaciones
844 2583 1039 2623 hujusmodi
1055 2584 1095 2613 ad
1123 2582 1282 2613 Beneficia
1306 2583 1532 2613 Ecclesiastica
1549 2583 1661 2619 factas,
1682 2593 1797 2613 eorun-

426 2629 501 2658 dem
520 2627 759 2667 possessoribus
777 2627 950 2657 Canonicis
966 2627 1075 2656 adhuc
1092 2626 1290 2664 viventibus,
1314 2626 1369 2665 jus
1394 2626 1524 2656 nullum
1542 2636 1635 2665 posse
1652 2626 1799 2656 tribuere

427 2671 538 2701 taliter
562 2673 760 2709 presentato,
778 2670 890 2710 sicque
907 2670 1017 2709 vigore
1033 2672 1068 2700 et
1083 2669 1281 2699 auctoritate
1306 2669 1568 2699 Presentacionis
1584 2669 1727 2699 invalide
1750 2672 1797 2699 at-

426 2724 491 2754 que
507 2714 597 2744 nulle
611 2713 757 2753 predicte
768 2713 935 2743 Admissio
946 2716 979 2743 et
996 2712 1173 2743 Institucio
1186 2713 1370 2750 subsecute,
1388 2712 1561 2752 presertim
1578 2712 1800 2742 Patronorum

426 2757 631 2797 prefatorum
648 2766 809 2787 consensu
827 2759 976 2796 tempore
992 2755 1104 2786 debito
1121 2755 1313 2785 nullatenus
1336 2756 1544 2793 attendente,
1564 2755 1606 2785 de
1620 2755 1695 2796 jure
1718 2757 1799 2785 sunt

424 2800 527 2838 irrite,
553 2810 609 2830 seu
634 2800 751 2830 saltem
776 2799 1011 2839 premissorum
1036 2799 1174 2829 veritate
1198 2799 1329 2839 cognita
1352 2798 1538 2840 irritande3
1565 2809 1611 2836 ac,
1631 2810 1672 2828 ne
1688 2801 1798 2829 tauta-
