1987 3062
317 209 411 256 272

313 324 346 349 A.
352 324 388 350 D.

314 357 388 385 1372.

315 391 374 419 Vol
387 393 410 419 Ι

310 1686 356 1712 sol.

310 1720 371 1747 23b.

508 223 607 255 THE
647 223 890 256 REGISTER
931 223 992 254 OF
1028 222 1207 255 BISHOP
1242 223 1650 257 BRANTYNGHAM.

463 325 593 356 siastica
619 325 654 356 in
681 324 959 356 Archidiaconatu
988 324 1206 355 Cornubiensi
1237 324 1436 364 optinentes,
1467 329 1502 356 et
1531 326 1653 357 ibidem
1685 330 1745 357 aut
1769 326 1847 357 alibi

463 369 659 405 residentes;
683 369 846 405 videlicet,
865 369 996 405 Rector,
1016 378 1073 397 seu
1092 368 1248 403 Vicarius,
1267 367 1363 408 cujus
1380 369 1581 400 Beneficium
1599 370 1632 400 in
1650 381 1725 400 vero
1739 370 1848 400 valore

464 423 497 442 se
514 413 667 443 extendit
683 413 723 442 ad
743 423 762 442 x
786 422 922 448 marcas,
940 411 984 441 sit
1007 414 1164 449 armatus,
1181 411 1233 441 vel
1257 412 1298 441 ad
1322 413 1459 442 modum
1484 413 1645 452 sagittarii
1670 424 1745 444 cum
1770 423 1848 443 arcu

465 458 499 486 et
529 455 659 495 sagittis
690 455 876 491 arraiatus;
915 454 1021 494 cujuS,
1053 464 1139 492 vero,
1171 455 1374 485 Beneficium
1407 456 1494 485 valet
1523 457 1698 486 annuatim
1723 455 1779 494 xli,
1803 456 1848 486 sit

465 502 612 529 armatus
630 509 637 536 ;
662 502 695 528 et
712 499 769 538 qui
787 497 988 528 Beneficium
1006 498 1137 537 optinet
1154 498 1272 527 valoris
1288 498 1391 528 annui
1408 496 1510 529 xxtili.
1528 500 1573 529 sit
1595 503 1754 538 armatus,
1772 509 1848 530 cum

466 542 598 572 duobus
621 541 826 581 sagittariis3
850 541 917 581 qui,
942 551 1029 578 vei-0,
1057 540 1138 579 xlli„
1168 540 1289 571 habeat
1312 542 1395 571 duos
1419 546 1562 572 armatos
1587 546 1620 572 et
1643 543 1727 572 duos
1750 543 1848 582 sagit-

466 586 566 615 tarios
584 595 591 623 3
615 589 649 615 et
666 585 722 624 qui
742 585 766 615 C
783 595 908 614 marcas
925 584 961 624 iij
981 587 1124 614 armatos
1142 584 1262 615 habeat
1279 588 1312 615 et
1327 585 1408 625 iiijOr
1423 585 1609 625 sagittarios
1627 595 1633 622 ;
1658 586 1715 626 qui
1733 586 1759 617 C
1776 586 1810 617 li.
1828 596 1848 615 v

464 628 615 659 homines
642 631 787 658 armatos
815 631 848 657 et
875 627 907 668 vj
941 627 1136 667 sagittarios.
1187 628 1344 667 Quilibet,
1377 639 1464 666 vero,
1495 629 1681 660 Canonicus
1705 629 1849 659 Ecclesie

464 675 577 702 nostre
601 671 780 710 Collegiate
803 673 844 701 de
869 671 1001 711 Penryn
1025 671 1179 709 residens,
1208 674 1242 701 et
1265 681 1331 701 non
1353 672 1499 702 residens
1524 672 1652 702 firmam
1676 672 1709 703 in
1733 673 1848 702 eadem

464 715 609 745 Ecclesia
631 715 794 754 optinens,
819 715 940 744 habeat
963 724 1069 745 unum
1093 719 1259 745 armatum
1283 715 1406 745 ibidem
1431 719 1466 745 et
1489 726 1593 746 unum
1612 716 1821 755 sagittarium
1840 726 1848 754 ;

464 762 498 789 et
521 758 663 798 quilibet
688 757 929 788 Prehendarius
955 757 1099 788 Ecclesie
1122 763 1234 788 nostre
1259 758 1439 798 Collegiate
1463 759 1575 789 Sancti
1602 759 1790 796 Karentoci,
1810 769 1847 789 ac

463 802 617 832 Decanus
647 801 798 842 ejusdem
833 801 986 838 Ecclesie,
1018 802 1202 831 secundum
1234 802 1439 832 taxacionem
1472 803 1623 842 superius
1655 803 1844 839 limitatam,

463 848 608 875 armatos
633 850 668 875 et
694 845 891 882 sagittarios.
938 844 1115 882 Presbiter,
1144 845 1269 884 itaque,
1297 845 1531 884 stipendiarius
1563 846 1704 885 quilibet
1727 846 1848 876 habeat

463 899 575 919 arcum
608 892 643 919 et
673 888 808 927 garbam
840 888 1048 927 sagittarum.
1105 888 1157 918 Ita
1188 889 1278 927 quod
1309 888 1341 918 in
1375 899 1441 918 uno
1472 892 1561 919 certo
1593 889 1661 919 loco
1695 900 1750 929 per
1788 899 1846 918 vos

462 932 648 970 limitando,
672 932 725 961 die
748 931 884 961 Veneris
912 932 1061 971 proxima
1084 935 1158 971 post
1182 932 1319 961 Festum
1345 931 1594 971 Assumpcionis
1619 933 1719 962 Beate
1743 932 1847 962 Marie

462 975 606 1014 Virginis
630 975 779 1015 proximo
802 975 966 1012 futurum,
984 975 1017 1004 in
1042 974 1141 1004 armis
1164 975 1233 1005 suis
1256 975 1441 1013 antedictis,
1459 975 1492 1005 in
1518 975 1670 1013 millenis,
1687 975 1844 1014 centenis,

462 1022 496 1049 et
511 1019 656 1049 vintenis
672 1018 803 1058 publice
819 1028 853 1048 se
869 1018 1057 1056 exhibeant,
1075 1018 1282 1058 ulteriusque
1305 1018 1428 1048 faciant
1444 1019 1533 1058 quod
1557 1019 1680 1048 ibidem
1704 1029 1761 1058 per
1778 1029 1844 1056 VOS,

462 1066 521 1092 aut
546 1063 629 1092 duos
657 1065 815 1099 vestrum,
844 1072 882 1091 ex
911 1065 1004 1101 parte
1030 1061 1163 1091 Domini
1194 1061 1299 1091 nostri
1323 1061 1421 1099 Regis
1445 1065 1479 1091 et
1502 1065 1624 1099 nostra,
1649 1062 1771 1092 eisdem
1797 1062 1845 1092 in-

461 1105 619 1146 jungetis.
666 1105 719 1135 Ad
743 1115 807 1145 que
832 1105 989 1143 facienda,
1018 1104 1128 1134 onmia
1152 1107 1186 1134 et
1209 1105 1347 1144 singula,
1373 1105 1465 1135 vobis
1488 1105 1731 1135 committimus
1758 1106 1845 1135 vices

461 1152 601 1187 nostras,
626 1159 701 1179 cum
725 1148 905 1188 cujuslibet
928 1148 1128 1184 cohercionis
1161 1148 1323 1178 Canonice
1352 1151 1527 1187 potestate,
1557 1159 1593 1178 ac
1614 1148 1845 1188 sequestrandi

462 1193 548 1222 bona
575 1196 609 1223 et
640 1192 802 1222 Beneficia
825 1191 1053 1222 Ecclesiastica
1077 1194 1110 1221 et
1132 1191 1195 1221 sub
1219 1192 1398 1231 Sequestro
1421 1192 1639 1230 custodiendi,
1671 1202 1845 1232 quousque

463 1236 684 1266 arraiamento
712 1239 825 1265 nostro
848 1234 1044 1275 hujusmodi
1068 1245 1125 1274 per
1148 1235 1334 1274 quemlibet
1365 1236 1546 1266 eorundem
1572 1236 1716 1275 paritum
1742 1235 1845 1266 fuerit

463 1289 537 1309 cum
555 1280 684 1310 effectu.
724 1279 769 1309 Et
785 1278 867 1317 quid
883 1279 916 1308 in
935 1278 1101 1318 premissis
1116 1278 1269 1316 feceritis,
1287 1289 1353 1308 una
1369 1289 1445 1308 cum
1462 1282 1535 1309 toto
1551 1279 1709 1309 Processu
1725 1282 1845 1316 vestm,

462 1333 522 1353 nos
539 1323 621 1353 citra
638 1323 775 1353 Festum
793 1322 989 1352 Nativitatis
1007 1322 1108 1352 Beate
1122 1322 1223 1352 Marie
1240 1322 1385 1361 Virginis
1409 1322 1557 1362 proximo
1581 1322 1747 1361 futurum,
1773 1322 1844 1352 ubi-

462 1377 606 1406 cumque
622 1369 704 1397 tuuc
720 1365 882 1396 fuerimus
905 1366 938 1395 in
964 1369 1076 1395 nostra
1101 1365 1245 1396 Civitate
1262 1366 1313 1395 vel
1338 1365 1475 1404 Diocesi,
1493 1366 1651 1396 distinete
1675 1370 1709 1396 et
1732 1369 1846 1406 aperte

462 1410 659 1447 certificetis
676 1409 893 1440 etc.—Dated
911 1412 946 1438 at
964 1409 1127 1438 Hartland
1145 1409 1274 1448 Abbey,
1295 1410 1331 1439 21
1353 1409 1444 1449 July.

420 1453 560 1492 —Item,
586 1453 720 1491 ibidem,
749 1452 918 1482 consimile
947 1453 1142 1482 Mandatum
1172 1453 1348 1489 emanavit,
1377 1456 1411 1482 et
1448 1453 1563 1483 eodem
1589 1453 1650 1490 die,
1678 1452 1844 1492 Magistris

464 1497 628 1527 Willelmo
645 1497 821 1536 Sergeaux,
839 1496 965 1526 'rhome
983 1496 1094 1536 Bevyl,
1113 1499 1146 1525 et
1170 1495 1315 1526 Johanni
1341 1496 1498 1537 Crymyn,
1525 1507 1583 1536 pro
1608 1496 1844 1526 Decanatubus

461 1540 502 1570 de
519 1541 607 1578 Este,
625 1540 746 1578 XVeste,
765 1539 871 1580 Major
887 1539 1013 1579 Trigge,
1031 1543 1065 1569 et
1083 1539 1190 1569 Minor
1206 1539 1331 1578 Trigge.

422 1690 505 1729 [The
521 1690 689 1730 following
707 1691 904 1728 Documenta,
921 1691 1098 1731 belonging
1115 1694 1149 1721 to
1166 1691 1224 1721 the
1242 1691 1438 1731 Episcopate
1455 1691 1488 1721 of
1511 1690 1634 1729 Bishop
1651 1689 1844 1729 Stapeldon,

463 1734 490 1763 is
506 1734 649 1764 inserted
668 1735 745 1764 here
762 1734 904 1764 without
921 1738 998 1764 note
1015 1746 1050 1764 or
1066 1735 1259 1773 comment.]

420 1777 562 1814 Exeter
577 1791 586 1823 3
618 1777 741 1825 Copia
760 1778 971 1814 [mimum-e
986 1792 1047 1814 seu
1070 1778 1315 1825 Cyroqraplci
1334 1778 1528 1814 imlentatz‘
1547 1777 1646 1813 inter
1665 1776 1849 1813 Dominos

473 1831 714 1879 Episcopum,
738 1832 933 1868 Decumum
954 1838 986 1868 et
1021 1832 1254 1878 Capitulum,
1278 1845 1320 1868 ex
1342 1838 1457 1879 parte
1484 1845 1572 1873 una,
1596 1837 1629 1866 et
1658 1830 1849 1867 llIcziorem

473 1892 505 1921 et
529 1884 850 1922 Communitatem
870 1886 1026 1930 Εχοηίε,
1050 1899 1092 1921 ex
1111 1886 1244 1929 altera,
1268 1899 1379 1933 super
1399 1886 1569 1922 custodia
1589 1885 1850 1931 reparaciom's

469 1952 666 1975 murorum
688 1939 871 1977 Civitatis
892 1940 1104 1985 Emonia—

418 1992 581 2022 Noverint
598 1992 742 2023 universi
758 1994 858 2032 quod,
876 2003 952 2023 cum
970 2003 1076 2033 nuper
1100 1993 1204 2023 Maior
1227 1996 1261 2023 et
1287 1993 1517 2023 communitas
1542 1992 1696 2023 Civitatis
1720 1992 1848 2022 Exonie

461 2046 574 2066 muros
597 2036 700 2066 clausi
729 2036 935 2066 Venerabilis
961 2036 1077 2075 Patris,
1104 2037 1238 2066 Domini
1263 2037 1409 2073 Walteri,
1435 2037 1496 2066 Dei
1519 2036 1626 2076 gracia
1650 2035 1846 2066 Exoniensis

461 2079 625 2119 Episcopi,
653 2079 694 2109 ad
722 2089 834 2109 muros
863 2080 1016 2110 Civitatis
1046 2080 1194 2119 predicte
1225 2079 1434 2118 attachiatos,
1461 2090 1497 2110 ac
1527 2079 1630 2109 eciam
1660 2089 1772 2109 muros
1804 2080 1844 2109 de

460 2123 612 2153 clausura
627 2123 819 2153 cancellarii
833 2123 977 2153 Ecclesie
990 2123 1197 2154 Cathedralis
1212 2123 1346 2161 Exonie,
1364 2134 1490 2153 necnon
1502 2123 1542 2153 de
1555 2122 1715 2153 clausuris
1728 2122 1840 2153 Archi·

464 2166 678 2196 diaconorum
711 2166 837 2196 Exonie
868 2169 902 2196 et
933 2166 1099 2198 Cornubie
1130 2167 1229 2197 simili
1260 2167 1358 2197 modo
1390 2177 1486 2197 muro
1518 2166 1673 2197 Civitatis
1697 2166 1845 2205 predicte

464 2209 665 2248 attachiatis,
683 2209 794 2240 clausa
810 2213 960 2249 separata
976 2210 1184 2248 facientibus,
1196 2210 1382 2249 fregissent,
1396 2221 1435 2240 ex
1452 2220 1518 2250 quo
1531 2210 1669 2240 materia
1684 2208 1846 2239 discordie

461 2253 549 2284 inter
575 2253 681 2283 dictos
698 2253 842 2291 Patrem,
860 2253 1030 2283 Decanum
1048 2257 1082 2283 et
1099 2253 1293 2293 Capitulum
1320 2253 1526 2284 Cathedralis
1542 2253 1686 2283 Ecclesie
1709 2252 1845 2290 Exonie,

462 2307 498 2327 ac
534 2297 693 2327 Personas
721 2297 898 2336 predictas,
928 2296 1039 2327 clausa
1069 2306 1129 2327 sua
1160 2297 1191 2326 in
1223 2297 1279 2326 illa
1307 2300 1399 2336 parte
1430 2297 1600 2335 habentes,
1630 2296 1786 2326 Maiorem
1811 2298 1845 2326 et

462 2340 748 2371 Communitatem
767 2340 921 2370 Civitatis
939 2340 1093 2380 predicte,
1111 2340 1221 2370 fuerat
1237 2340 1373 2370 suborta
1388 2351 1395 2378 ;
1420 2341 1569 2377 tandem,
1587 2340 1675 2380 pacis
1691 2339 1844 2369 amatori-

462 2384 523 2413 bus
554 2383 866 2421 intervenientibus,
892 2383 1082 2423 conquievit
1104 2383 1137 2413 in
1162 2383 1251 2413 huuc
1275 2383 1435 2421 mochum
1474 2383 1627 2414 videlicet
1650 2383 1740 2423 quod
1763 2382 1845 2412 dicti

462 2427 565 2457 Maior
582 2430 616 2457 et
633 2427 875 2465 Communitas,
893 2437 1007 2457 eorum
1025 2426 1161 2457 heredes
1178 2430 1210 2456 et
1228 2437 1441 2464 successores,
1461 2437 1573 2457 muros
1597 2427 1762 2466 predictos
1786 2436 1845 2466 per

461 2470 548 2509 ipsos
573 2470 704 2507 fractos,
729 2480 805 2500 cum
831 2470 997 2509 lapidibus
1023 2473 1057 2500 et
1078 2473 1230 2500 cemento
1254 2471 1465 2509 competenti,
1484 2480 1589 2510 usque
1613 2470 1654 2500 ad
1678 2469 1845 2500 kernerios

461 2513 549 2543 muri
573 2513 727 2544 Civitatis
751 2513 908 2553 predicte,
932 2516 1159 2553 competenter
1189 2513 1321 2551 faciant,
1346 2517 1380 2543 et
1402 2514 1435 2543 in
1468 2513 1591 2544 eisdem
1614 2513 1719 2543 muris
1741 2513 1842 2543 iidem

462 2557 567 2587 Maior
596 2559 631 2587 et
662 2557 904 2595 Communitas,
930 2567 1043 2587 eorum
1076 2556 1211 2586 heredes
1243 2560 1277 2586 et
1307 2567 1520 2595 successores,
1546 2557 1648 2586 bonas
1671 2559 1842 2605 posternas

460 2602 554 2630 tante
578 2599 768 2630 latitudinis
786 2603 911 2640 quante
934 2610 1052 2630 murus
1074 2599 1161 2630 infra
1183 2600 1349 2630 kemerios
1372 2600 1460 2630 latus
1483 2600 1606 2638 existit,
1624 2599 1843 2640 propinquius

461 2643 559 2674 dictis
586 2643 644 2673 ke1
647 2653 745 2673 nerns
773 2653 839 2683 quo
866 2643 937 2673 fieri
961 2644 1083 2683 poterit
1106 2643 1286 2682 situandas,
1315 2643 1449 2674 fortiter
1470 2648 1595 2674 seratas
1617 2643 1738 2673 seruris
1761 2643 1839 2672 dua-

461 2686 533 2724 bus,
551 2696 693 2725 quarum
718 2687 817 2716 clavis
841 2697 907 2716 una
931 2697 1029 2726 penes
1053 2686 1210 2716 Maiorem
1234 2689 1268 2716 et
1293 2687 1577 2717 Communitatem
1601 2689 1635 2716 et
1658 2686 1720 2716 alia
1743 2696 1842 2735 penes

462 2729 641 2759 Custodem
660 2729 757 2760 Cuiie
773 2729 854 2759 dicti
871 2730 1006 2760 Domini
1023 2729 1175 2770 Episcopi
1199 2732 1233 2759 et
1257 2730 1489 2760 Suecessorum
1513 2739 1656 2760 suorum.
1675 2733 1709 2759 et
1732 2729 1778 2759 sic
1800 2729 1843 2759 de

462 2772 533 2802 aliis
561 2773 712 2803 Pei-sonis
735 2772 972 2803 Ecclesiasticis
995 2783 1108 2804 muros
1135 2773 1258 2803 similes
1284 2773 1495 2812 habentibus,
1518 2761 1712 2804 remanebit.
1759 2772 1840 2811 Que,

462 2816 608 2857 quidem,
638 2818 791 2856 posterne
822 2816 923 2846 semel
954 2816 989 2846 in
1021 2826 1118 2854 anno,
1146 2816 1257 2858 aliquo
1285 2817 1338 2846 die
1365 2816 1568 2857 competenti
1594 2816 1681 2847 inter
1704 2815 1841 2846 Festum
