1987 3062
302 207 396 250 416
530 220 629 252 THE
656 220 898 253 REGISTER
923 221 981 253 or
1006 221 1184 254 BIsHOP
1210 222 1616 256 BRANTYNGHAM.

297 317 372 344 A.D.
447 319 614 351 Parochia
637 320 677 353 de
700 320 897 360 Shirwelle;
927 321 1091 363 quamdiu
1114 322 1261 354 Domino
1284 321 1452 364 placuerit
1473 322 1712 355 tantummodo
1736 322 1834 353 dura-

297 352 374 410 ἐξω
446 367 570 396 turam.

299 418 359 443 Vol·
373 419 395 445 1.
409 416 547 454 Meeth
570 416 736 469 [Methe‚
760 416 865 469 MS]
884 432 893 464 3
914 418 1073 455 WValter
1094 418 1233 464 Gibbe,
1256 418 1491 464 subdeacon,
1515 419 1634 464 R.,-

399 470 674 512 Dispensation:
702 472 956 504 non-residence
975 472 1029 504 for
1047 483 1067 503 a
1084 482 1177 515 year,
1200 476 1234 504 to
1253 473 1357 514 study
1376 477 1413 505 at
1431 472 1561 505 Oxford
1584 474 1687 513 (same
1706 472 1808 513 date),

405 529 657 568 Confessions
675 543 684 576 3
713 531 778 568 Ad
796 531 1018 579 eliyendum
1042 532 1374 579 Confessorem,—

400 583 500 624 Item,
527 585 655 616 eisdem
678 585 733 616 die
757 588 791 616 et
814 584 900 623 loeo,
929 585 1098 617 Dominus
1123 585 1290 618 concessit
1313 586 1506 617 Licenciam
1532 585 1680 616 Domino
1706 584 1834 615 Thome

443 627 670 669 Stayndrope‚
698 628 741 660 ad
766 628 961 669 eligendum
985 628 1050 660 sibi
1076 639 1182 661 unum
1206 629 1261 660 vel
1286 628 1400 670 plures
1425 629 1575 670 ydoneos
1602 627 1831 664 Confessores,

443 671 603 712 quociens
622 672 726 704 fuerit
745 676 964 713 oportunum,
980 676 1044 704 etc.
1061 685 1069 711 ;
1090 672 1253 713 quamdiu
1266 673 1413 703 Domino
1433 671 1599 713 placuerit
1620 671 1830 702 duraturam.

294 728 345 787 {2¹5
406 728 608 778 Uploman
631 729 830 782 [Lomene‚
854 729 959 783 MS]
978 745 987 777 3
1018 731 1081 767 Sir
1102 731 1221 767 Peter
1241 731 1448 775 Lamoren,
1473 730 1592 777 R.,--

297 771 303 786 Α
349 782 354 786 ’
404 783 546 814 Licence
569 784 604 815 of
625 784 882 816 non-residence
903 785 957 816 for
978 795 997 815 a
1018 795 1121 825 year;
1152 787 1169 798 ‘⁴
1183 785 1275 824 dum,
1300 788 1425 821 tamen,
1451 785 1585 816 steterit
1608 785 1642 815 in
1665 782 1835 824 obsequiis

447 826 585 858 Domini
612 827 776 859 Willelmi
803 827 936 867 [Rede]
967 828 1031 859 Dei
1060 828 1175 869 gracia
1202 828 1426 860 Cicestrensis
1452 828 1624 869 Episcopi,
1656 837 1718 868 pci-
1746 828 1833 858 idem

441 874 588 911 tempus,
611 870 697 902 etc.'⁷
721 872 824 911 (same
843 871 946 912 dote).

406 928 870 979 Letters-Dimissory,—

401 982 497 1058 Jogn:
511 983 660 1067 ᾖτξξζὲξέ
680 982 836 1068 ἓὲξὲῗίῒε,
859 984 876 997 “
890 982 934 1015 ad
954 982 1074 1016 Sacros
1095 980 1369 1014 Subdiaconatus
1390 986 1424 1014 et
1445 983 1656 1014 Diaconatus
1678 981 1835 1020 Ordines,

405 1091 682 1128 lWIatrimonial
696 1104 706 1137 3
735 1091 994 1139 Dispensacio
1013 1104 1102 1127 cum
1121 1091 1304 1128 „Iohanne
1324 1091 1571 1139 Seincaubyn
1593 1098 1625 1127 et
1645 1091 1833 1128 Johanna

459 1145 542 1193 ejus
562 1159 691 1189 umore,
714 1145 956 1181 Auctoritate
977 1145 1208 1181 Litterarum
1227 1145 1609 1194 Apostolicarum‚——

401 1197 560 1236 Thomas,
575 1202 655 1236 etc.‚
671 1198 821 1230 Johanni
835 1197 1047 1240 Scintaubyn
1069 1202 1102 1230 et
1123 1198 1145 1230 J
1148 1197 1279 1231 ohanne
1300 1200 1398 1230 uxori
1419 1198 1583 1239 ejusdem,
1600 1197 1754 1233 salutem,
1770 1201 1833 1229 etc.

444 1243 539 1273 Duas
556 1242 690 1273 Literas
708 1242 993 1273 Commissionum
1014 1243 1152 1273 Domini
1170 1242 1349 1277 Johannis,
1370 1242 1531 1282 Episcopi
1550 1241 1753 1275 Penestrini‚
1774 1250 1837 1280 pro

443 1290 541 1326 parte
560 1289 676 1317 vestra
694 1284 792 1317 nobis
811 1285 983 1317 exhibitas
1002 1286 1037 1316 in
1056 1287 1232 1327 presencia
1250 1285 1387 1317 Notarii
1406 1285 1619 1326 infrascripti
1640 1289 1673 1316 ct
1692 1286 1834 1317 testium

446 1328 730 1369 subscriptorum,
756 1339 833 1359 cum
856 1339 896 1360 ea,
919 1338 987 1369 qua
1010 1328 1123 1360 decuit
1147 1329 1342 1360 reverencia
1365 1339 1425 1359 nos
1450 1329 1614 1360 noveritis
1639 1328 1827 1369 recepisse;

447 1382 591 1412 quarum
612 1376 746 1403 tenores
767 1376 944 1412 sequntur,
968 1372 1001 1403 in
1022 1371 1084 1403 hec
1105 1370 1308 1411 verbm—[i]
1329 1371 1538 1410 Venerabili,
1562 1375 1641 1412 ctc.‚
1666 1371 1835 1412 Episcopo

444 1416 640 1454 Exoniensi,
666 1414 722 1446 vel
746 1415 821 1455 ejus
845 1415 984 1447 Vicario
1010 1416 1044 1446 in
1070 1414 1327 1456 Sphstualibus,
1354 1414 1538 1454 Johannes,
1566 1418 1646 1453 ete„
1675 1414 1831 1451 salutem,

444 1458 609 1489 ote-Ex
635 1462 732 1498 parte
758 1457 936 1490 Nobilium
962 1457 1132 1490 Johannis
1160 1457 1376 1499 Syntaubyn,
1407 1459 1586 1495 domicelli,
1617 1464 1650 1491 et
1676 1459 1833 1491 johanne

444 1502 519 1542 ejus
542 1503 668 1541 uxoris,
693 1505 808 1533 vestre
829 1501 994 1542 Dioeesis,
1019 1501 1117 1533 nobis
1140 1501 1257 1534 oblata
1278 1502 1410 1534 Peticio
1433 1502 1631 1534 continebat
1654 1503 1745 1544 quod
1767 1502 1834 1543 ipsi

448 1546 538 1584 olim,
568 1545 765 1585 ignorantes
794 1543 932 1585 aliquod
958 1545 1242 1586 impedimentum
1269 1546 1414 1577 existere
1441 1546 1531 1577 inter
1556 1556 1623 1582 eos,
1655 1546 1836 1586 quominus

444 1593 583 1629 possent
605 1589 750 1619 invicem
771 1588 865 1619 licite.
887 1587 1186 1619 matrimonialiter
1208 1588 1371 1629 copulari,
1396 1589 1650 1620 matrimonium
1675 1590 1765 1620 inter
1787 1598 1832 1621 se.

444 1642 504 1672 per
518 1630 625 1662 verba
638 1631 678 1662 de
694 1632 843 1672 presenti
860 1632 893 1662 in
910 1631 996 1662 facie
1012 1629 1174 1670 Ecclesie,
1192 1631 1313 1662 bannis
1328 1633 1428 1672 juxta
1444 1641 1571 1662 morem
1588 1632 1703 1663 Patrie
1720 1631 1831 1665 editis,

445 1675 577 1705 nemine
609 1684 643 1705 se
674 1678 878 1714 opponente,
913 1673 1047 1714 publice
1081 1678 1335 1711 contraxerunt,
1369 1674 1520 1715 illudque
1554 1674 1681 1705 carnali
1714 1673 1836 1715 copula

445 1722 735 1749 consummarunt.
784 1717 1019 1755 Postmodum,
1046 1727 1139 1756 ver0,
1166 1717 1209 1749 ad
1234 1727 1351 1749 eorum
1375 1717 1531 1758 pervenit
1557 1718 1719 1749 noticiam
1744 1717 1837 1758 quod

444 1760 509 1801 ipsi
526 1764 649 1801 quarto
666 1761 975 1801 consanguinitatis
991 1761 1101 1802 gradu
1117 1761 1262 1792 invicem
1279 1771 1313 1791 se
1331 1760 1545 1800 contingunt.
1566 1759 1695 1791 Verum
1712 1759 1834 1800 [quia],

446 1806 473 1835 si
498 1805 687 1835 divorcium
709 1804 806 1836 fieret
829 1805 919 1835 inter
942 1814 1009 1841 eos,
1037 1804 1156 1844 gravia
1179 1807 1318 1844 possent
1342 1803 1419 1835 inde
1445 1804 1594 1844 dampna
1617 1807 1650 1835 et
1677 1804 1838 1834 scandala

445 1847 580 1887 exoriri,
605 1846 792 1888 supplicari
815 1847 969 1877 fecerunt
991 1846 1168 1878 humiliter
1189 1846 1290 1877 iidem
1314 1847 1477 1886 conjuges
1499 1847 1546 1878 eis
1569 1856 1671 1886 super
1693 1845 1756 1876 hoc
1778 1856 1839 1886 pcr

446 1890 566 1921 Sedem
581 1890 818 1931 Apostolicam
836 1890 875 1920 de
893 1893 1063 1930 oportuno
1080 1888 1228 1920 remedio
1245 1889 1511 1921 misericorditer
1527 1891 1709 1930 provideri.
1748 1889 1832 1923 Nos,

446 1934 562 1974 igitur,
579 1933 754 1973 cupientes
770 1933 922 1973 ipsorum
935 1932 1121 1972 conjugum
1134 1932 1324 1962 animarum
1337 1933 1509 1972 provideri
1534 1933 1648 1970 saluti,
1663 1937 1697 1964 et
1720 1932 1837 1972 hujus-

443 1976 536 2008 modi
563 1975 720 2017 dampnis
747 1979 782 2007 et
808 1975 977 2007 scandalis
1005 1974 1154 2013 obviare,
1184 1974 1404 2006 Auctoritate
1433 1975 1572 2007 Domini
1600 1976 1704 2017 Pape,
1736 1977 1835 2016 cujus

444 2019 690 2051 Penitentiarie
707 2029 823 2050 curam
840 2019 999 2060 gerimus,
1018 2022 1052 2050 et
1068 2018 1108 2049 de
1124 2019 1198 2058 ejus
1216 2017 1460 2050 commissione
1476 2019 1512 2049 in
1527 2017 1655 2049 talibus
1672 2018 1834 2059 generali-

444 2067 498 2095 ter
520 2061 618 2094 nobis
644 2062 748 2099 facta,
777 2061 1086 2102 Circumspeccioni
1113 2065 1226 2093 vestre
1253 2061 1500 2093 committimus
1526 2061 1699 2102 quatinus,
1728 2062 1754 2092 si
1783 2065 1835 2092 est
1857 2083 1859 2085 .

444 2107 504 2143 ita„
534 2109 568 2137 et
594 2105 685 2137 dicta
707 2104 867 2136 'Johanna
897 2115 917 2136 a,
941 2114 1114 2145 quoquam
1139 2108 1281 2144 propter
1305 2103 1368 2135 hoc
1394 2108 1495 2143 rapta
1520 2115 1587 2135 non
1614 2104 1729 2140 fuerit,
1759 2114 1832 2134 cum

444 2149 569 2179 eisdem
596 2146 801 2188 conjugibus
829 2146 931 2187 quod,
960 2147 1204 2187 impedimento
1231 2147 1323 2187 quod
1350 2157 1390 2178 ex
1420 2148 1509 2178 dicto
1539 2147 1836 2187 consanguinitate

444 2192 604 2233 provenit
624 2200 839 2232 nequaquam
861 2189 1031 2229 obst-ante,
1054 2189 1187 2230 possint
1209 2190 1242 2220 in
1265 2190 1313 2221 sic
1335 2193 1510 2221 contracto
1532 2190 1623 2222 inter
1644 2200 1699 2222 cos
1719 2191 1835 2221 matri-

442 2235 556 2266 monio
578 2234 671 2267 licite
696 2244 870 2265 remanere
893 2233 1159 2264 misericorditer
1183 2232 1408 2273 dispensetis:
1442 2233 1568 2272 prolem
1597 2244 1637 2264 ex
1662 2233 1735 2274 ipso
1762 2244 1830 2264 sus-

443 2281 577 2319 ceptam
593 2277 823 2314 matrimonffl,
842 2277 869 2308 si
885 2287 953 2317 qua
969 2277 1025 2315 sit,
1043 2280 1076 2308 et
1093 2275 1345 2317 suscipiendam
1360 2275 1549 2316 legitima-m
1568 2277 1835 2308 decernendo.—

443 2321 536 2352 Data
553 2321 671 2357 Rome,
693 2320 784 2360 apud
804 2320 968 2352 Sanctum
986 2319 1140 2357 Petrum,
1160 2320 1195 2359 vj
1218 2318 1299 2350 Idus
1318 2319 1426 2357 Junii,
1448 2319 1675 2351 Pontificatus
1694 2320 1830 2350 Domini

442 2362 576 2396 Urbani
599 2363 693 2404 Pape
715 2363 794 2395 Viti
815 2363 915 2394 Anno
938 2363 1049 2403 primo
1072 2362 1105 2401 [S
1128 2362 1228 2396 June.
1257 2363 1465 2402 1378].—[ii]
1489 2362 1696 2397 Venerabili.
1722 2367 1834 2394 etc.—

446 2408 498 2438 Ex
525 2411 624 2447 parte
650 2405 829 2438 Nobilium
856 2405 1025 2437 Johannis
1054 2403 1271 2445 Syntaubyn,
1302 2405 1481 2443 domicelli,
1512 2409 1546 2436 et
1572 2404 1729 2437 Johanne
1757 2407 1832 2446 ejus

442 2451 568 2487 uxoris,
590 2448 688 2481 nobis
707 2446 824 2480 obla-ta
842 2447 972 2480 Peticio
992 2446 1191 2480 continebat
1210 2447 1311 2488 quod.
1331 2447 1414 2479 licet
1432 2448 1497 2489 ipsi
1517 2448 1608 2488 olim,
1629 2448 1662 2480 in
1685 2453 1777 2480 certa
1797 2452 1832 2480 et

441 2493 542 2525 solita
559 2493 682 2532 forma,
702 2491 958 2524 Commissionis
977 2490 1075 2522 vobis
1095 2491 1241 2522 directas
1260 2502 1279 2522 a
1297 2490 1382 2522 Sede
1401 2489 1603 2530 Apostolica
1619 2490 1752 2523 Literas
1771 2492 1830 2522 im-

440 2536 665 2577 petraverint,
686 2535 899 2566 continentes
917 2533 1019 2574 quod,
1038 2545 1107 2565 non
1124 2532 1281 2565 obstante
1299 2534 1389 2574 quod
1406 2534 1507 2565 iidem
1527 2534 1689 2574 conjuges
1706 2538 1829 2574 qvaito

440 2578 749 2619 consanguinitatis
777 2577 886 2618 gradu
914 2578 984 2609 sint
1010 2577 1197 2617 conjuncti,
1228 2577 1362 2617 possint
1388 2578 1422 2608 in
1451 2581 1627 2609 contracto
1656 2578 1746 2609 inter
1773 2587 1829 2608 eos

439 2623 657 2654 matrimonio
683 2621 776 2653 licite
804 2630 977 2652 remanere
1006 2620 1249 2659 dispensaretis
1277 2619 1544 2651 misericorditer
1571 2630 1646 2651 cum
1675 2620 1822 2657 eisdem;

439 2670 556 2698 tamen
576 2665 643 2706 ipsi
667 2665 827 2696 timentes
850 2663 984 2694 Literas
1007 2661 1205 2703 hujusmodi
1230 2673 1272 2694 ex
1295 2672 1333 2693 eo
1358 2661 1578 2703 surrepticias
1602 2667 1636 2695 et
1661 2663 1829 2694 invalidas

440 2709 511 2741 fore
532 2708 625 2749 quod
645 2717 732 2739 unus
753 2707 906 2747 ipsorum
929 2706 1115 2746 conjugum
1136 2705 1255 2743 tercio,
1280 2704 1377 2743 alter,
1402 2715 1494 2744 vero,
1520 2709 1643 2746 quarto
1666 2704 1829 2747 gradibus

441 2762 461 2782 a
483 2750 600 2791 stipite
622 2751 793 2782 communi
816 2748 1002 2785 distabant,
1029 2753 1063 2781 et
1085 2749 1176 2787 quod
1199 2748 1286 2780 alter
1307 2749 1458 2789 ipsorum
1483 2750 1626 2781 distaret
1649 2750 1766 2784 tercio,
1794 2749 1827 2779 in

439 2795 524 2837 ipsis
541 2794 667 2826 Literis
685 2793 813 2825 factam
830 2793 1040 2824 mencionem
1059 2791 1208 2835 aliquam
1226 2803 1295 2824 non
1312 2793 1427 2830 fuisse,
1449 2792 1626 2825 humiliter
1644 2792 1829 2835 supplicari
