1987 3062
153 329 228 355 A.D.

153 362 227 388 1370.

154 396 216 422 Vol.
234 396 256 422 Ι.

481 224 766 258 REGISTRUM
804 223 1259 258 OOMMUNE—-ANNO
1300 214 1357 256 1⁰.
1590 214 1684 257 223

304 329 483 370 Sequestri,
501 331 625 368 autem,
642 329 837 370 hujusmodi
851 329 1141 369 interposicionem
1158 329 1190 359 in
1214 329 1355 360 Ecclesia
1368 332 1484 359 nostra
1498 329 1688 366 Exonimsi,

304 377 337 404 et
360 373 438 404 alibi
463 373 519 403 ubi
543 373 697 413 expedire
715 373 872 411 videritis,
890 372 1096 413 temporibus
1113 373 1288 413 oportunis
1312 383 1370 412 per
1386 382 1444 403 vos
1463 372 1635 412 publicari,
1656 376 1690 403 et

303 417 346 448 ad
362 416 521 447 noticiam
537 417 689 447 omnium
713 420 748 447 et
771 416 979 456 singulorum
1002 427 1146 457 quorum
1171 417 1312 447 interest
1335 416 1457 447 deduci
1475 416 1631 446 volumus
1655 419 1690 447 et

305 460 510 491 mandamus.
560 460 606 491 Et
632 459 709 500 quid
739 460 883 490 feceritis
910 460 943 490 in
972 459 1139 500 premissis
1170 460 1360 491 certificetis
1388 469 1448 490 nos
1472 459 1632 490 distincte
1656 462 1690 490 et

307 507 429 544 aperte,
460 504 543 534 citra
575 503 712 534 Festum
745 504 856 534 Sancti
889 504 980 534 Petri
1011 504 1100 544 quod
1132 503 1256 534 dicitur
1286 503 1330 534 ad
1370 503 1506 534 Vincula
1538 503 1690 543 proximo

307 548 473 585 futurum,
503 547 623 578 Literis
650 547 769 578 vestris
799 547 993 587 patentibus
1025 547 1227 578 habentibus
1253 547 1344 578 hunc
1372 546 1691 578 tenorem.—Dated

308 591 456 629 London,
474 590 491 624 7
508 589 607 622 June.

267 652 322 689 St.
346 652 507 697 Probus,
530 651 598 688 the
619 651 833 700 Collegiate
854 650 1011 688 Church
1032 652 1138 695 of,—

310 706 407 744 Item,
424 705 458 746 xj
478 705 531 736 die
548 705 651 742 Junii,
668 705 812 735 Thomas
830 705 962 743 Durlee,
981 705 1209 735 Porcionarius
1227 705 1395 735 Porcionis
1419 705 1589 745 quondam
1616 704 1688 735 Ste-

309 749 410 790 phani
439 750 547 780 Bouet
570 749 602 779 in
629 749 773 779 Ecclesia
797 748 979 787 Collegiata
1002 749 1116 779 Sancti
1141 748 1247 787 Probi,
1277 749 1396 779 habuit
1421 749 1567 779 Literam
1591 759 1690 788 super

307 793 514 833 reparacione
539 803 597 833 pro
620 792 790 823 mansione
814 792 1003 833 pertinente
1027 793 1069 823 ad
1093 792 1286 823 Pol-cionem
1312 792 1504 832 predictam,
1530 792 1564 822 in
1581 792 1689 822 forma

309 836 422 867 debita
438 837 471 867 in
489 836 550 867 1130
566 839 668 876 parte.

192 905 217 922 ’·
267 897 478 934 Charleton
497 910 507 944 3
536 896 706 934 Richard
727 896 775 933 de
796 896 1023 938 Cantuaria,
1045 896 1162 941 R„—

310 951 448 982 Licence
465 951 500 982 of
516 951 765 981 non-residence
780 950 831 981 for
847 961 908 981 one
925 961 1003 991 year
1019 950 1107 991 only,
1126 950 1143 964 “
1154 950 1196 981 ad
1213 950 1492 990 supplicacionem
1509 951 1539 982 J.
1558 951 1689 992 Swyns-

309 994 607 1036 hevyd,''——Dated
626 995 775 1033 London,
796 995 835 1025 14
852 994 952 1025 June.

267 1055 578 1104 Kingsteignton
593 1068 603 1102 ;
634 1054 809 1092 licencia
829 1055 1367 1101 celebrandi—Bourdone‚—

268 1110 366 1147 Item,
383 1109 451 1150 xvij
478 1106 645 1140 Kalendas
669 1109 752 1140 Julii
768 1108 822 1147 [15
840 1109 954 1148 June]‚
974 1108 1144 1140 ι1011311003
1168 1109 1345 1140 Bourdone
1369 1112 1403 1140 et
1426 1109 1589 1148 Johanna‚
1608 1121 1692 1141 uxor

311 1153 397 1194 ejus,
415 1152 607 1183 habuerunt
623 1152 809 1184 Licenciam
826 1152 968 1183 faciendi
985 1153 1148 1183 celebrare
1166 1152 1287 1183 Divina
1303 1153 1336 1183 in
1363 1153 1496 1193 Capella
1520 1154 1561 1184 de
1586 1154 1688 1184 Bour-

312 1197 510 1234 doneswere,
528 1196 615 1226 infra
631 1196 824 1226 Parochiam
841 1196 882 1226 de
907 1196 1216 1236 Kyngesteyntone‚
1234 1197 1359 1236 absque
1376 1196 1561 1237 prejudicio
1585 1197 1690 1238 ipsius

311 1239 456 1271 Ecclesie
471 1239 598 1280 jurium
615 1249 622 1277 ;
648 1250 704 1280 per
721 1248 827 1270 unum
843 1249 968 1270 annum
986 1240 1223 1270 tantummodo
1239 1239 1447 1271 duraturam.

268 1301 482 1350 Stapeldon
504 1300 605 1345 Hali,
629 1300 774 1338 Oxford
791 1314 801 1347 3
822 1301 1069 1348 Dispensacz'o
1090 1314 1173 1337 cvm
1194 1300 1412 1338 Scolarz'bus
1431 1301 1528 1338 Aule
1548 1302 1691 1339 Exoni-

321 1355 418 1392 ensis
439 1355 545 1403 (sic),
568 1368 643 1392 non
662 1355 894 1392 obstantibus
915 1355 1082 1392 Stabulis
1102 1355 1199 1391 Aule
1218 1356 1447 1402 ejusdem,—

269 1410 421 1447 Thomas,
439 1412 511 1447 etc„
530 1409 661 1439 Rectori
679 1412 713 1439 et
729 1409 917 1439 Scolaribus
935 1409 1071 1446 Collegii
1088 1409 1193 1439 nostri
1211 1409 1347 1447 Oxonie‚
1364 1420 1421 1440 seu
1439 1409 1534 1447 Aule,
1553 1411 1688 1450 Stapul-

312 1453 486 1483 donehalle
510 1452 691 1491 vulgariter
714 1456 916 1492 nuncupate,
943 1452 1096 1491 salutem,
1114 1453 1313 1484 ete.——Cum
1339 1463 1407 1490 vos,
1434 1458 1569 1493 propter
1592 1454 1684 1484 caris—

310 1496 391 1527 tian]
410 1506 475 1536 que
491 1496 548 1525 diu
566 1497 655 1536 apud
672 1506 729 1526 vos
747 1495 852 1533 viguit
869 1499 902 1526 et
919 1495 1028 1526 adhuc
1045 1496 1153 1535 vigere
1169 1496 1303 1534 dicitur,
1321 1496 1534 1527 vehementer
1550 1497 1622 1527 sitis
1637 1508 1690 1528 ere

311 1540 418 1570 alieno
445 1540 648 1579 importabili
674 1540 810 1578 onerati,
838 1550 896 1569 nec
924 1539 1061 1579 potestis
1088 1540 1130 1569 de
1160 1539 1395 1570 communibus
1420 1540 1521 1570 vestri
1553 1541 1690 1580 Collegii

310 1583 408 1623 juxta
426 1583 562 1613 Statuta
578 1583 729 1623 ejusdem
747 1582 899 1613 limitatis
916 1583 1088 1613 commode
1105 1582 1297 1621 sustentari,
1315 1583 1377 1613 nisi
1394 1583 1487 1613 vobis
1514 1584 1593 1614 alias
1617 1595 1688 1615 suc-

312 1630 475 1664 curratur,
496 1632 597 1666 prout
613 1636 729 1656 sumus
745 1626 779 1656 in
796 1626 857 1657 hac
873 1630 967 1666 parte
984 1626 1113 1666 plenius
1129 1626 1300 1657 informati
1316 1637 1324 1663 ;
1350 1630 1389 1657 nt
1403 1630 1551 1658 vestrum
1567 1628 1690 1668 singuli

312 1681 333 1701 x
350 1670 472 1700 solidos
495 1670 536 1700 de
559 1670 727 1700 communi
751 1670 834 1700 cista
856 1680 914 1700 seu
939 1670 1144 1700 thesauraria
1162 1675 1278 1708 vestra,
1298 1681 1356 1710 pro
1380 1670 1449 1700 suis
1472 1671 1594 1702 debitis
1620 1683 1688 1711 per-

309 1714 484 1749 solvendis,
510 1713 614 1753 possit
637 1717 772 1744 tantum
797 1723 911 1753 capere
934 1713 999 1744 ista
1023 1714 1101 1750 vice,
1126 1713 1273 1744 Statutis
1296 1725 1353 1744 seu
1381 1714 1690 1746 Consuetudinibus

313 1756 451 1796 Collegii
474 1756 542 1787 sive
559 1757 644 1787 Aule
668 1757 815 1796 predicte
839 1757 1013 1787 contrariis
1037 1757 1305 1797 quibuscumque
1328 1768 1393 1788 non
1418 1758 1630 1789 obstantibus
1655 1759 1688 1789 in

312 1800 373 1831 hac
396 1804 498 1840 parte,
517 1801 688 1831 vobiscum
706 1804 819 1830 tenore
844 1801 1055 1831 Presencium
1079 1801 1319 1841 dispensamus·
1379 1801 1441 1840 Ita,
1459 1804 1582 1840 tamen,
1600 1803 1689 1842 quod

312 1848 425 1874 nostra
442 1843 639 1884 hujusmodi
664 1844 874 1884 Dispensacio
891 1844 938 1874 nil
962 1844 1110 1874 inmutet
1133 1845 1174 1874 de
1199 1844 1344 1875 Statutis
1368 1845 1555 1883 antedictis,
1574 1856 1632 1876 nec
1649 1846 1691 1876 ab

313 1888 424 1928 aliquo
457 1891 616 1925 vestrum,
644 1887 845 1918 auctoritate
868 1890 978 1918 vestra
1001 1888 1142 1927 propria,
1167 1888 1200 1918 in
1225 1888 1382 1918 futurum
1407 1889 1527 1919 similia
1547 1889 1690 1920 faciendi

311 1932 436 1971 absque
452 1934 566 1962 nostra
581 1931 615 1961 in
633 1931 693 1962 hac
709 1936 804 1970 parte
821 1931 972 1961 Licencia
989 1931 1175 1971 Episcopali
1191 1931 1346 1962 trahatur
1362 1932 1395 1962 in
1413 1933 1612 1972 exemplum.
1642 1934 1690 1963 De

312 1975 384 2004 aliis
408 1975 599 2005 necessariis
622 1975 741 2005 vestris
765 1975 933 2015 quomodo
956 1974 1191 2014 disposuimus,
1216 1975 1336 2005 latores
1360 1975 1571 2007 Presencium
1597 1977 1689 2007 vobis

314 2018 519 2048 remittimus
536 2017 667 2058 plenius
683 2018 1047 2048 informatos.-Dated
1064 2019 1213 2056 London,
1231 2019 1272 2049 20
1286 2019 1383 2049 June.

269 2061 477 2092 —Volumus
501 2062 590 2102 quod
614 2061 674 2092 hec
697 2061 818 2100 omnia,
842 2062 925 2092 circa
949 2065 1076 2092 statum
1101 2065 1135 2092 et
1157 2061 1439 2093 sustentacionem
1464 2063 1690 2102 predictorum

313 2104 496 2136 Scolarium
526 2104 687 2144 ordinata,
719 2105 844 2135 futuris
877 2105 1082 2145 temporibus
1114 2105 1254 2136 firmiter
1291 2106 1520 2137 observentur.
1569 2107 1690 2145 Liceat,

312 2151 435 2185 tamen,
454 2148 617 2188 Episcopo
630 2149 777 2179 Waltero
794 2148 920 2179 Exonie
936 2149 993 2188 qui
1012 2159 1100 2179 nnnc
1117 2152 1177 2186 est,
1195 2152 1229 2179 et
1244 2149 1312 2179 suis
1330 2149 1591 2187 Successoribus,
1615 2151 1689 2189 Epi-

311 2192 416 2231 scopis
434 2192 569 2230 Exonie,
594 2203 652 2232 per
675 2203 717 2230 se,
744 2192 795 2223 vel
816 2203 873 2231 per
896 2192 996 2222 aliun]
1022 2202 1121 2232 quem
1146 2193 1187 2222 ad
1210 2192 1272 2222 hoc
1295 2193 1431 2222 duxerit
1447 2193 1690 2232 deputandum,

311 2235 449 2274 singulis
465 2237 569 2273 annis,
586 2238 713 2266 statum
731 2236 898 2266 dictorum
916 2235 1098 2266 Scolarium
1118 2236 1227 2266 videre
1244 2246 1251 2273 ;
1276 2239 1315 2266 ut
1331 2236 1376 2266 sic
1393 2236 1565 2266 certificari
1583 2237 1690 2267 valeat

311 2288 410 2318 super
426 2279 591 2309 dictorum
617 2277 801 2310 Scolarium
824 2279 992 2318 regimine,
1009 2282 1041 2309 et
1066 2279 1210 2319 qualiter
1233 2279 1372 2310 Statuta
1395 2282 1429 2309 et
1453 2279 1690 2310 Ordinaciones

313 2322 453 2361 predicti
470 2322 623 2362 Episcopi
639 2323 728 2361 apud
741 2333 795 2352 eos
811 2321 938 2352 fuerint
954 2322 1136 2361 observata,
1150 2322 1261 2362 sicque
1279 2323 1428 2361 neglecta
1441 2323 1568 2362 puniat,
1583 2328 1691 2353 errata

311 2365 475 2402 emendet,
504 2365 673 2405 implenda
696 2366 860 2405 suppleat,
885 2369 920 2396 et
946 2366 1130 2396 secundum
1159 2366 1266 2395 Deum
1292 2369 1326 2395 et
1349 2365 1518 2404 justiciam
1547 2367 1690 2406 corrigat

311 2408 511 2447 corrigenda.
559 2407 605 2450 [A
632 2409 807 2448 quotation
833 2409 918 2439 from
944 2409 1001 2439 the
1029 2409 1182 2439 Statutes
1210 2409 1245 2438 of
1277 2408 1465 2445 1316‚—l)e
1503 2409 1691 2440 Visitaeirme

309 2461 404 2489 super
426 2455 512 2481 statu
535 2457 563 2482 et
585 2451 739 2490 reyimine
761 2452 978 2491 predictorum
1008 2452 1197 2482 Scolarcum.
1250 2451 1311 2482 See
1341 2451 1457 2491 Bishop
1489 2452 1690 2493 Stapeldon's

314 2494 464 2533 Regisler,
483 2505 563 2534 page
580 2494 668 2535 308]

271 2553 476 2591 Sandwich
497 2553 631 2604 (Kent)
651 2568 659 2601 3
688 2556 768 2592 Pro
788 2555 1083 2604 benefactoribus
1105 2554 1475 2601 Carmelitarmm—

272 2607 441 2638 Universis
459 2607 584 2639 Christi
601 2609 754 2639 fidelibus
772 2613 941 2648 presentes·
960 2609 1085 2638 Literas
1108 2609 1318 2646 inspecturis,
1340 2609 1493 2648 Thomas,
1511 2613 1587 2647 etc.‚
1604 2611 1692 2641 salu-

312 2654 392 2687 tem,
412 2651 730 2692 eta—Obsequium
748 2663 866 2692 magne
884 2652 1016 2692 pietatis
1032 2655 1066 2682 et
1082 2652 1193 2682 meriti
1209 2652 1335 2682 tociens
1358 2653 1523 2683 credimus
1547 2654 1691 2685 exerceri

313 2693 470 2734 quociens
496 2701 626 2725 mentes
654 2695 800 2726 fidelium
823 2695 864 2726 ad
892 2695 1039 2725 caritatis
1063 2705 1119 2725 seu
1146 2695 1282 2726 alterius
1307 2696 1357 2735 pie
1381 2696 1570 2727 devocionis
1593 2708 1692 2737 opera

313 2737 474 2767 allectivis
512 2737 805 2778 Indulgenciarum
833 2738 1027 2769 muneribus
1058 2738 1252 2778 propensius
1290 2739 1482 2771 excitamus.
1530 2740 1580 2771 De
1619 2741 1691 2779 Dei,

314 2780 428 2819 igitur,
456 2780 705 2821 Omnipotentis
735 2781 957 2813 misericordia
987 2784 1022 2812 et
1048 2781 1242 2812 Beatissime
1266 2782 1369 2814 Marie
1393 2783 1549 2823 Virginis,
1574 2784 1692 2815 Matris

318 2823 394 2863 Sue,
423 2833 551 2854 necnon
575 2824 755 2856 Beatorum
781 2825 870 2857 Petri
888 2828 922 2856 et
939 2824 1043 2865 Pauli,
1068 2824 1317 2866 Apostolorum,
1342 2826 1569 2870 Omniumque
1592 2827 1690 2860 Sanc-
