1987 3062
444 253 731 286 REGISTRUM
769 249 1229 286 COMMUNE—ANNO
1268 239 1330 282 3⁰.
1558 231 1652 278 287

122 358 198 384 Α-Ὀ·
274 368 371 390 onem
387 357 577 389 Sinodalem
594 358 682 388 dicte
700 358 846 389 Diocesis
869 369 969 398 super
985 358 1047 388 hoc
1063 357 1197 395 editam,
1215 355 1477 396 imperpetuum,
1497 353 1652 394 plenarie,

126 425 151 449 V
173 411 218 450 1⁶1
275 405 309 433 et
332 402 513 432 insolidum
547 401 818 441 supportabimus
846 406 880 432 et
906 401 1164 441 supportabunt,
1193 410 1269 430 cum
1302 399 1335 429 in
1365 401 1517 428 nostrum
1547 401 1581 427 et
1604 407 1655 427 eo-

184 445 190 450 '
223 446 230 452 '
277 456 351 476 rum
376 445 521 475 favorem
547 449 580 474 et
604 445 817 475 commodum
842 446 886 475 sit
902 449 1102 475 constructa.
1156 444 1207 481 Et,
1226 442 1471 479 nichilominus,
1490 441 1531 471 ad
1556 441 1655 470 reiec-

276 489 404 519 cionem
431 491 466 519 et
492 489 737 528 repar-acioncm
765 489 853 519 dicte
881 489 1024 518 Ecclesie
1047 485 1194 518 Matricis
1222 486 1263 516 de
1279 485 1473 516 Tounstalle
1488 488 1522 514 et
1543 484 1656 523 singu-

279 532 388 562 lorum
414 531 607 562 defectuum
633 532 666 561 in
695 532 820 569 eadem,
837 542 874 562 ac
897 536 1005 562 cetera
1021 529 1153 561 omnia*
1171 533 1205 560 et
1228 529 1357 569 singula
1381 539 1481 558 onera
1504 527 1656 568 ejusdem

278 576 507 615 supportanda
529 575 571 604 ad
596 574 807 614 parochianos
832 575 982 615 ejusdem
1010 574 1150 605 Ecclesie
1175 573 1371 613 spectancia,
1389 572 1545 612 quociens
1562 582 1656 610 opor-

278 619 394 656 tuerit,
428 621 468 648 ut
499 618 687 658 parochiani
718 617 868 658 ejusdem
902 618 1055 656 Ecclesie,
1085 628 1159 648 cum
1192 617 1309 647 ceteris
1340 615 1557 656 parochianis,
1583 625 1657 644 con-

277 662 464 692 tribuemus
481 664 515 692 et
531 661 769 698 contribuent3
794 672 891 691 onera
916 661 1111 701 hujusmodi
1134 661 1221 690 sicut
1245 660 1406 690 hactenus
1433 660 1481 688 ita
1504 658 1659 696 deinceps

280 705 392 736 debite
416 705 652 744 supportando,
676 708 777 744 prout
804 704 874 735 fieri
898 705 1070 735 consuevit
1092 715 1128 734 ac
1149 704 1236 734 dicta
1262 703 1470 734 Constitucio
1494 701 1659 733 Sinodalis

280 748 385 788 exigit
400 749 433 778 in
452 748 511 779 hac
534 751 626 787 parte
643 759 651 785 ;
675 748 719 777 sic
736 748 827 787 quod
845 748 983 788 predicti
1001 748 1071 778 Viri
1088 747 1253 787 Religiosi,
1273 747 1384 777 Abbas
1402 751 1435 777 et
1452 746 1656 784 Conventus,

280 802 317 822 ac
342 791 489 822 Vicarius
510 791 661 831 ejusdem
690 791 842 829 Ecclesie,
865 802 1020 821 eorumve
1043 796 1078 821 et
1101 791 1282 830 cujuslibet
1308 801 1421 820 eorum
1447 799 1658 828 successores,

280 835 483 875 quicumque
514 834 639 865 fuerint
667 834 701 864 in
733 835 900 872 futurum,
933 835 973 864 ad
1010 834 1204 874 hujusmodi
1232 835 1526 871 consti-necionem,
1558 833 1658 862 refec-

280 879 419 916 cionem,
441 884 475 908 et
505 878 746 917 reparacioueiu
779 878 881 918 ipsius
907 878 1039 918 Capelle
1064 878 1249 908 Cancellive
1272 877 1424 917 ejusdem
1452 887 1511 907 seu
1535 877 1658 916 aliquo-

281 932 356 952 rum
388 922 582 952 defectuum
612 921 646 952 iu
677 922 802 952 eisdem
833 922 884 952 vel
915 932 1031 952 eorum
1061 922 1166 951 altero
1204 921 1493 961 qualitercumque
1532 920 1659 950 contin-

281 965 444 1005 gencium,
469 968 529 996 aut
556 965 785 995 invencionem
809 968 844 995 et
867 965 1146 995 sustentacionem
1181 964 1377 1003 hujusmodi
1401 963 1578 1004 Capellani,
1602 974 1659 993 seu

281 1009 510 1049 quorumlibet
534 1008 815 1039 Oruamentorum
833 1012 867 1038 et
889 1009 1144 1039 necessariorum
1164 1008 1196 1038 in
1216 1009 1329 1038 cadem
1349 1008 1482 1048 Capella
1498 1011 1558 1038 aut
1576 1008 1658 1038 Can-

281 1052 362 1082 cello
387 1052 549 1092 ejusdem,
577 1062 634 1082 seu
663 1052 778 1092 quevis
806 1052 869 1082 alia
895 1063 994 1082 onera
1024 1052 1261 1091 contingencia,
1287 1062 1498 1092 quocumque
1526 1051 1660 1081 nomine

281 1099 488 1133 censeantur,
512 1095 641 1126 racione
664 1095 817 1135 ejusdem
835 1096 968 1136 Capelle
986 1096 1178 1126 nullatenus
1193 1098 1380 1134 teneantur,
1398 1100 1448 1125 set
1464 1095 1506 1125 ab
1529 1095 1575 1125 eis
1591 1095 1661 1125 sint

279 1142 439 1178 perpetuo
463 1139 558 1169 liberi
585 1136 649 1178 [et]
678 1149 867 1178 ymmunes.
919 1140 971 1178 Ec,
999 1139 1026 1169 si
1051 1139 1229 1178 contigerit
1251 1149 1320 1176 nos,
1349 1138 1564 1178 parochianos
1589 1149 1658 1178 pre-

281 1182 399 1219 dictos,
419 1185 479 1212 aut
494 1182 631 1212 heredes
653 1185 687 1212 et
703 1192 905 1212 successores
921 1185 1051 1212 nostros
1068 1183 1101 1212 in
1126 1182 1320 1212 invencione
1337 1186 1397 1212 aut
1413 1183 1660 1213 sustentacione

282 1225 423 1264 predicti
440 1225 618 1265 Capellani,
636 1228 696 1256 aut
719 1225 861 1265 alicujus
884 1226 1020 1256 alterius
1038 1226 1170 1256 nomine
1194 1228 1228 1256 et
1251 1225 1321 1255 loco
1345 1225 1448 1264 ipsius
1465 1226 1585 1263 idonei,
1603 1236 1662 1266 per

282 1268 365 1309 iiij01‘
374 1279 503 1299 menses
519 1269 704 1307 continuos,
715 1273 864 1299 cessante
877 1269 1026 1308 legitimo
1042 1269 1291 1309 impedimento,
1303 1269 1441 1299 deficere
1454 1275 1513 1300 aut
1526 1280 1659 1308 cessare,

283 1322 342 1342 seu
359 1311 647 1352 supportacionem
665 1322 803 1342 onerum
822 1313 1066 1352 premissorum,
1085 1312 1267 1352 alicujusve
1288 1313 1445 1352 ipsorum,
1462 1313 1659 1353 contempti-

285 1355 397 1386 biliter
424 1359 458 1385 et
485 1355 609 1395 absque
637 1365 735 1386 causa
762 1355 960 1393 racionabili,
987 1367 1045 1396 per
1072 1359 1207 1387 tantum
1235 1356 1394 1395 temporis
1422 1356 1582 1396 necligere
1610 1356 1661 1387 vel

288 1399 429 1437 differre,
443 1408 500 1429 seu
516 1399 649 1438 penitus
660 1409 822 1434 recusare;
840 1399 994 1429 volumus
1007 1403 1041 1429 et
1053 1399 1273 1437 concedimus,
1287 1410 1346 1439 pro
1357 1399 1461 1437 nobis,
1475 1399 1661 1438 heredibus,

288 1446 323 1472 et
335 1442 577 1472 successoribus
593 1442 724 1481 nostris,
736 1443 825 1482 quod
840 1443 1044 1483 quicumque
1058 1443 1134 1473 Loci
1152 1443 1354 1481 Ordinarins,
1367 1443 1424 1483 qui
1442 1454 1499 1483 pro
1513 1446 1662 1483 tempore

288 1486 401 1524 fuerit,
419 1495 495 1516 cum
512 1486 552 1515 de
573 1485 633 1515 hoc
649 1485 712 1515 sibi
735 1486 934 1524 constiterit,
952 1486 1131 1516 summarie
1148 1490 1181 1516 et
1197 1487 1239 1516 de
1256 1486 1362 1526 piatio,
1380 1486 1450 1516 sine
1466 1487 1611 1527 strepitu
1628 1491 1662 1517 et

287 1529 392 1569 figura
418 1529 543 1559 Judieii
570 1529 786 1569 procedendo,
816 1529 998 1568 predictam
1031 1530 1199 1569 Capellam
1230 1540 1266 1560 ac
1298 1529 1512 1570 parochianos
1543 1530 1660 1570 hujus-

287 1572 386 1610 modi,
415 1575 543 1602 reinoto
566 1572 746 1612 cujuslibet
770 1572 1013 1612 Appellaciouis
1038 1573 1218 1612 obstaculo,
1245 1573 1461 1614 Suspensioni
1487 1574 1660 1604 Ecclesias-

287 1616 351 1646 tice
373 1626 558 1655 supponere
576 1617 683 1646 valeat
699 1616 854 1656 quociens
875 1616 979 1646 fuerit
1005 1620 1219 1656 oportunum,
1242 1617 1345 1647 donec
1365 1618 1516 1647 invencio
1542 1617 1661 1657 hujus-

289 1659 380 1689 modi
398 1658 567 1699 Capellani
590 1662 624 1688 et
640 1663 749 1689 cetera
765 1659 875 1689 omnia
892 1663 926 1690 et
942 1660 1072 1699 singula
1088 1661 1279 1700 supradicta
1302 1660 1439 1698 fuerint,
1457 1661 1662 1700 suniptubns

288 1702 483 1742 hujusmodi
513 1701 787 1741 parochianorum
811 1703 869 1743 qui
886 1713 945 1743 pro
962 1706 1112 1743 tempore
1129 1704 1265 1740 fuerint,
1292 1704 1482 1742 insolidum,
1507 1705 1660 1744 plenarie,

286 1749 319 1776 et
350 1745 463 1776 debite
492 1749 711 1786 supportata;
756 1747 924 1786 quodque,
956 1747 1117 1786 quamdiu
1155 1747 1350 1787 hujusmodi
1390 1747 1579 1787 parochiani
1616 1748 1662 1778 sic

285 1789 485 1820 cessaverint
515 1792 576 1820 aut
608 1790 820 1828 neclexerint,
853 1790 904 1820 vel
930 1791 1165 1828 recusaverint,
1191 1791 1225 1821 in
1257 1791 1347 1821 dicta
1374 1791 1508 1830 Capella.
1542 1791 1663 1821 Divina

287 1831 402 1863 Officia
418 1833 610 1862 nullatenus
637 1833 789 1870 audient,
806 1843 866 1863 nec
882 1833 963 1863 inibi
980 1834 1140 1873 recipient
1164 1834 1276 1874 aliqua
1300 1835 1528 1865 Ecclesiastica
1551 1835 1662 1866 Sacra-

287 1879 409 1914 menta,
427 1876 525 1906 setin
543 1876 633 1907 dicta
650 1876 794 1907 Ecclesia
812 1877 995 1907 Pal-ochiali
1028 1878 1068 1907 de
1097 1878 1300 1915 Tounstalle,
1318 1881 1420 1918 prout
1446 1882 1545 1909 antea
1572 1882 1661 1909 tene-

287 1919 437 1957 bantur;
481 1919 595 1949 eadem
636 1919 769 1958 Capella
805 1920 938 1951 interim
978 1921 1204 1960 quorumlibet
1236 1921 1432 1952 Divinorum
1472 1922 1663 1953 Officiorum

288 1962 510 1993 celebracione
525 1973 562 1993 ac
578 1963 669 1993 omni
683 1963 758 2003 jure
785 1963 967 1994 Parochiali
990 1968 1122 1994 carente
1145 1965 1294 1995 totaliter
1316 1969 1350 1996 et
1366 1976 1536 2005 suspensa.
1593 1966 1665 2004 Que

287 2006 399 2036 omnia
425 2009 460 2036 et
484 2006 613 2046 singula
639 2017 710 2044 nos,
737 2007 924 2046 parochiani
951 2007 1143 2047 supradicti,
1169 2012 1334 2048 quatenus
1360 2019 1417 2039 nos
1445 2013 1661 2045 concernunt,

290 2049 459 2089 perpetuis
486 2049 692 2089 temporibus
719 2050 892 2080 observare
912 2050 1054 2081 fideliter
1078 2052 1308 2091 promittimus
1334 2052 1418 2082 bona
1434 2052 1506 2084 fide.
1555 2054 1609 2093 Et,
1623 2055 1664 2085 ad

289 2103 326 2123 ea
341 2092 482 2123 firmiter
507 2093 720 2131 observanda,
738 2093 923 2133 obligamus
950 2104 1019 2132 nos,
1038 2095 1185 2134 heredes,
1211 2100 1246 2125 et
1271 2106 1483 2133 successores,
1502 2108 1538 2127 ac
1555 2098 1664 2128 omnia

287 2136 374 2166 bona
391 2143 503 2166 nostra
521 2137 687 2176 presencia
710 2140 743 2167 et
766 2137 903 2173 futura;
930 2138 1170 2169 submittentes
1196 2149 1254 2169 nos
1274 2139 1457 2170 cohercioni
1475 2144 1509 2170 et
1533 2141 1664 2172 distric-

289 2179 375 2209 cioni
391 2189 680 2219 quorumcumque
696 2180 772 2210 Loci
787 2180 1048 2219 ordinariorum,
1062 2187 1101 2211 ut
1118 2193 1177 2211 nos
1193 2183 1233 2212 ad
1247 2183 1398 2213 omnium
1412 2187 1445 2213 et
1456 2184 1664 2222 singulorum

137 2221 185 2251 [fol
287 2222 523 2262 premissorum
539 2223 815 2262 observacioneni,
833 2227 998 2264 quatenus
1015 2235 1073 2254 nos
1090 2225 1221 2260 attinet,
1241 2236 1297 2265 per
1311 2226 1473 2256 Censuras
1490 2227 1664 2258 Ecclesias-

288 2266 380 2303 ticas,
389 2265 491 2296 eciam
506 2266 680 2297 Interdicti
691 2267 724 2296 in
738 2266 862 2297 dictam
872 2267 1036 2307 Capellam
1051 2272 1086 2298 et
1099 2269 1311 2308 parochianos
1324 2270 1497 2309 predictos,
1509 2271 1665 2310 quociens

287 2319 370 2348 opus
387 2309 499 2348 fuerit,
518 2310 654 2348 ferendi,
670 2310 818 2350 aliasque
842 2321 942 2350 penas
959 2311 1132 2349 legitimas,
1151 2312 1314 2342 Canonice
1333 2313 1463 2343 valeant
1480 2315 1660 2344 cohercere.

288 2352 327 2382 In
344 2362 489 2392 quorum
504 2353 654 2383 omnium
671 2353 901 2384 testimonium
919 2364 987 2392 nos,
1004 2354 1112 2384 Abbas
1129 2358 1163 2385 et
1176 2356 1369 2386 Conventus
1386 2356 1535 2395 predicti,
1550 2358 1663 2397 preha-

290 2395 368 2425 bitis
383 2395 566 2426 adinvicem
584 2396 821 2427 deliberacione
838 2400 969 2427 matura
982 2401 1016 2427 et
1028 2398 1188 2438 solempni
1206 2402 1240 2428 et
1255 2399 1406 2437 diligenti
1423 2402 1579 2439 tractatu,
1594 2412 1664 2440 pre-

290 2438 398 2468 missis
413 2439 669 2478 consencientes,
686 2440 832 2478 sigillum
850 2444 1001 2470 nostrum
1018 2451 1194 2471 commune
1214 2442 1424 2472 presentibus
1437 2445 1665 2483 apposuimus3

290 2482 499 2521 present-ibus
522 2483 776 2522 quadripartitis
794 2483 914 2513 Literis
932 2494 1030 2523 penes
1055 2495 1122 2522 nos,
1143 2484 1309 2515 Abbritem
1326 2490 1360 2515 et
1379 2486 1600 2526 conventum,
1617 2498 1664 2518 re-

289 2524 502 2555 manentibus
518 2525 709 2556 indentatis.
756 2526 834 2564 Nos,
859 2537 945 2564 vero,
972 2527 1166 2566 Willelmus,
1191 2526 1362 2558 Johannes
1387 2529 1465 2569 (etan,
1481 2535 1518 2560 ut
1540 2532 1665 2571 supra),

291 2571 325 2598 et
341 2567 442 2598 ceteri
458 2578 572 2598 omnes
588 2569 776 2608 parochiani
794 2570 986 2609 supradicti,
1004 2571 1216 2609 approbando
1233 2572 1400 2610 premissa,
1417 2573 1562 2612 sigillum
1579 2585 1666 2605 com-

292 2621 393 2640 mune
417 2611 549 2641 Maioris
573 2615 608 2642 et
632 2612 893 2643 Communitatis
916 2613 1004 2643 dicte
1029 2613 1114 2646 Ville
1136 2614 1178 2644 de
1198 2614 1425 2646 Dei-temuthe
1454 2617 1667 2648 presentibus

291 2654 514 2694 apposuimus
577 2655 632 2690 Et,
665 2656 707 2685 ad
745 2655 905 2696 majorem
940 2656 1037 2686 fidem
1071 2660 1105 2687 et
1142 2657 1379 2688 certitudinem
1410 2659 1452 2689 de
1490 2661 1667 2699 premissis,

293 2707 363 2734 nos,
400 2696 551 2727 vicarius
590 2698 768 2737 predictus,
799 2709 836 2728 ac
874 2699 1063 2738 parochiani
1100 2700 1252 2739 superius
1290 2702 1460 2741 nominati,
1496 2707 1531 2733 et
1568 2706 1669 2735 ceteri

293 2749 408 2770 omnes
438 2740 628 2779 parochiani
659 2741 747 2772 dicte
783 2741 935 2780 Ecclesie,
969 2743 1058 2781 apud
1091 2743 1313 2774 Dei-teinuthe
1352 2745 1550 2785 habitantes,
1582 2748 1669 2787 sigil-

293 2782 363 2813 lum
381 2782 536 2813 Officialis
560 2783 754 2823 Principalis
778 2784 914 2814 Domini
938 2785 1133 2815 Exoniensis
1157 2786 1311 2826 Episcopi
1336 2790 1585 2827 procuravimus
1608 2791 1671 2822 hiis

291 2826 420 2867 apponi.
456 2827 499 2856 Et
515 2837 584 2866 nos,
601 2826 756 2858 Officialis
770 2828 949 2869 predictus,
963 2829 1112 2869 sigillum
1124 2829 1230 2860 Officii
1247 2832 1360 2870 nostri,
1378 2833 1419 2862 ad
1434 2838 1585 2873 rogatum
1599 2845 1670 2876 per-
