<?xml version="1.0" encoding="UTF-8"?>
<!DOCTYPE html PUBLIC "-//W3C//DTD XHTML 1.0 Transitional//EN"
    "http://www.w3.org/TR/xhtml1/DTD/xhtml1-transitional.dtd">
<html xmlns="http://www.w3.org/1999/xhtml" xml:lang="en" lang="en">
 <head>
  <title>
</title>
<meta http-equiv="Content-Type" content="text/html;charset=utf-8" />
  <meta name='ocr-system' content='tesseract 3.04.00' />
  <meta name='ocr-capabilities' content='ocr_page ocr_carea ocr_par ocr_line ocrx_word'/>
</head>
<body>
  <div class='ocr_page' id='page_1' title='image "./registerofthomas01cathuoft_0284.png"; bbox 0 0 1987 3062; ppageno 0'>
   <div class='ocr_carea' id='block_1_1' title="bbox 330 225 425 268">
    <p class='ocr_par' dir='ltr' id='par_1_1' title="bbox 330 225 425 268">
     <span class='ocr_line' id='line_1_1' title="bbox 330 225 425 268; baseline 0.011 -1"><span class='ocrx_word' id='word_1_1' title='bbox 330 225 425 268; x_wconf 85' lang='lat'>260</span> 
     </span>
    </p>
   </div>
   <div class='ocr_carea' id='block_1_2' title="bbox 327 338 433 431">
    <p class='ocr_par' dir='ltr' id='par_1_2' title="bbox 327 338 433 431">
     <span class='ocr_line' id='line_1_2' title="bbox 327 338 403 364; baseline 0.013 -1"><span class='ocrx_word' id='word_1_2' title='bbox 327 338 403 364; x_wconf 63' lang='lat' dir='ltr'>A.12</span> 
     </span>
     <span class='ocr_line' id='line_1_3' title="bbox 331 371 433 398; baseline 0.01 -1"><span class='ocrx_word' id='word_1_3' title='bbox 331 371 433 398; x_wconf 80' lang='lat'>1371-2.</span> 
     </span>
     <span class='ocr_line' id='line_1_4' title="bbox 329 405 432 431; baseline 0.01 -1"><span class='ocrx_word' id='word_1_4' title='bbox 329 405 392 431; x_wconf 46' lang='lat' dir='ltr'>&amp;fot</span> <span class='ocrx_word' id='word_1_5' title='bbox 410 406 432 431; x_wconf 89' lang='lat'>1.</span> 
     </span>
    </p>
   </div>
   <div class='ocr_carea' id='block_1_3' title="bbox 332 1803 437 1830">
    <p class='ocr_par' dir='ltr' id='par_1_3' title="bbox 332 1803 437 1830">
     <span class='ocr_line' id='line_1_5' title="bbox 332 1803 437 1830; baseline 0.01 -1"><span class='ocrx_word' id='word_1_6' title='bbox 332 1803 379 1830; x_wconf 76' lang='lat' dir='ltr'>foL</span> <span class='ocrx_word' id='word_1_7' title='bbox 395 1804 437 1830; x_wconf 84' lang='lat'>20.</span> 
     </span>
    </p>
   </div>
   <div class='ocr_carea' id='block_1_4' title="bbox 331 2234 409 2294">
    <p class='ocr_par' dir='ltr' id='par_1_4' title="bbox 331 2234 409 2294">
     <span class='ocr_line' id='line_1_6' title="bbox 331 2234 409 2260; baseline -0.013 0"><span class='ocrx_word' id='word_1_8' title='bbox 331 2234 409 2260; x_wconf 59' lang='lat'>13.1).</span> 
     </span>
     <span class='ocr_line' id='line_1_7' title="bbox 333 2268 407 2294; baseline 0 -1"><span class='ocrx_word' id='word_1_9' title='bbox 333 2268 407 2294; x_wconf 76' lang='lat'>1372.</span> 
     </span>
    </p>
   </div>
   <div class='ocr_carea' id='block_1_5' title="bbox 526 236 1652 270">
    <p class='ocr_par' dir='ltr' id='par_1_5' title="bbox 526 236 1652 270">
     <span class='ocr_line' id='line_1_8' title="bbox 526 236 1652 270; baseline 0.001 -2"><span class='ocrx_word' id='word_1_10' title='bbox 526 236 624 268; x_wconf 73' lang='lat' dir='ltr'>THE</span> <span class='ocrx_word' id='word_1_11' title='bbox 660 236 902 269; x_wconf 77' lang='lat' dir='ltr'><strong>REGISTER</strong></span> <span class='ocrx_word' id='word_1_12' title='bbox 938 236 998 267; x_wconf 84' lang='lat' dir='ltr'>OF</span> <span class='ocrx_word' id='word_1_13' title='bbox 1031 236 1208 268; x_wconf 74' lang='lat' dir='ltr'>BISHOP</span> <span class='ocrx_word' id='word_1_14' title='bbox 1240 236 1652 270; x_wconf 81' lang='lat' dir='ltr'><strong>BRANTYNGHAM.</strong></span> 
     </span>
    </p>
   </div>
   <div class='ocr_carea' id='block_1_6' title="bbox 480 338 1860 1160">
    <p class='ocr_par' dir='ltr' id='par_1_6' title="bbox 480 338 1860 1160">
     <span class='ocr_line' id='line_1_9' title="bbox 481 338 1857 381; baseline -0.001 -11"><span class='ocrx_word' id='word_1_15' title='bbox 481 343 515 371; x_wconf 88' lang='lat' dir='ltr'>et</span> <span class='ocrx_word' id='word_1_16' title='bbox 537 341 732 372; x_wconf 84' lang='lat' dir='ltr'>confirmata</span> <span class='ocrx_word' id='word_1_17' title='bbox 754 344 835 371; x_wconf 86' lang='lat' dir='ltr'>sunt</span> <span class='ocrx_word' id='word_1_18' title='bbox 858 351 892 371; x_wconf 92' lang='lat' dir='ltr'>se</span> <span class='ocrx_word' id='word_1_19' title='bbox 916 341 1019 380; x_wconf 86' lang='lat' dir='ltr'>possit</span> <span class='ocrx_word' id='word_1_20' title='bbox 1042 340 1261 380; x_wconf 86' lang='lat' dir='ltr'>imposterum</span> <span class='ocrx_word' id='word_1_21' title='bbox 1285 341 1503 381; x_wconf 82' lang='lat' dir='ltr'>quovismodo</span> <span class='ocrx_word' id='word_1_22' title='bbox 1527 351 1692 378; x_wconf 83' lang='lat' dir='ltr'>excusare,</span> <span class='ocrx_word' id='word_1_23' title='bbox 1718 339 1790 376; x_wconf 86' lang='lat' dir='ltr'>tibi,</span> <span class='ocrx_word' id='word_1_24' title='bbox 1810 338 1857 369; x_wconf 83' lang='lat' dir='ltr'>fili</span> 
     </span>
     <span class='ocr_line' id='line_1_10' title="bbox 481 383 1856 424; baseline -0.001 -10"><span class='ocrx_word' id='word_1_25' title='bbox 481 383 633 423; x_wconf 82' lang='lat' dir='ltr'>Sacrista,</span> <span class='ocrx_word' id='word_1_26' title='bbox 650 385 893 415; x_wconf 87' lang='lat' dir='ltr'>committimus</span> <span class='ocrx_word' id='word_1_27' title='bbox 917 387 951 413; x_wconf 91' lang='lat' dir='ltr'>et</span> <span class='ocrx_word' id='word_1_28' title='bbox 975 384 1172 414; x_wconf 71' lang='lat' dir='ltr'>mandamus</span> <span class='ocrx_word' id='word_1_29' title='bbox 1196 385 1355 424; x_wconf 82' lang='lat' dir='ltr'>quatinus</span> <span class='ocrx_word' id='word_1_30' title='bbox 1379 385 1438 414; x_wconf 88' lang='lat' dir='ltr'>hec</span> <span class='ocrx_word' id='word_1_31' title='bbox 1455 385 1566 414; x_wconf 84' lang='lat' dir='ltr'>omnia</span> <span class='ocrx_word' id='word_1_32' title='bbox 1582 388 1616 415; x_wconf 89' lang='lat' dir='ltr'>et</span> <span class='ocrx_word' id='word_1_33' title='bbox 1633 383 1772 423; x_wconf 83' lang='lat' dir='ltr'>singula,</span> <span class='ocrx_word' id='word_1_34' title='bbox 1791 393 1856 422; x_wconf 88' lang='lat' dir='ltr'>que</span> 
     </span>
     <span class='ocr_line' id='line_1_11' title="bbox 480 425 1856 467; baseline -0.002 -10"><span class='ocrx_word' id='word_1_35' title='bbox 480 427 513 457; x_wconf 90' lang='lat' dir='ltr'>in</span> <span class='ocrx_word' id='word_1_36' title='bbox 538 428 747 466; x_wconf 67' lang='lat' dir='ltr'>presentibus</span> <span class='ocrx_word' id='word_1_37' title='bbox 774 427 892 458; x_wconf 85' lang='lat' dir='ltr'>Literis</span> <span class='ocrx_word' id='word_1_38' title='bbox 915 427 1157 467; x_wconf 82' lang='lat' dir='ltr'>amplectimur,</span> <span class='ocrx_word' id='word_1_39' title='bbox 1182 428 1214 457; x_wconf 93' lang='lat' dir='ltr'>in</span> <span class='ocrx_word' id='word_1_40' title='bbox 1238 427 1327 458; x_wconf 71' lang='lat' dir='ltr'>dicta</span> <span class='ocrx_word' id='word_1_41' title='bbox 1352 428 1484 466; x_wconf 78' lang='lat' dir='ltr'>Capella</span> <span class='ocrx_word' id='word_1_42' title='bbox 1509 428 1608 458; x_wconf 82' lang='lat' dir='ltr'>facias</span> <span class='ocrx_word' id='word_1_43' title='bbox 1639 425 1856 465; x_wconf 87' lang='lat' dir='ltr'>solempniter</span> 
     </span>
     <span class='ocr_line' id='line_1_12' title="bbox 483 470 1856 510; baseline -0.002 -9"><span class='ocrx_word' id='word_1_44' title='bbox 483 471 643 510; x_wconf 84' lang='lat' dir='ltr'>publicari</span> <span class='ocrx_word' id='word_1_45' title='bbox 670 471 795 501; x_wconf 85' lang='lat' dir='ltr'>tociens</span> <span class='ocrx_word' id='word_1_46' title='bbox 824 471 990 500; x_wconf 86' lang='lat' dir='ltr'>videbitur</span> <span class='ocrx_word' id='word_1_47' title='bbox 1015 470 1178 510; x_wconf 81' lang='lat' dir='ltr'>expedire,</span> <span class='ocrx_word' id='word_1_48' title='bbox 1207 474 1241 500; x_wconf 88' lang='lat' dir='ltr'>et</span> <span class='ocrx_word' id='word_1_49' title='bbox 1271 471 1313 501; x_wconf 83' lang='lat' dir='ltr'>ad</span> <span class='ocrx_word' id='word_1_50' title='bbox 1344 471 1501 501; x_wconf 86' lang='lat' dir='ltr'>noticiam</span> <span class='ocrx_word' id='word_1_51' title='bbox 1532 470 1682 501; x_wconf 91' lang='lat' dir='ltr'>omnium</span> <span class='ocrx_word' id='word_1_52' title='bbox 1713 478 1856 509; x_wconf 87' lang='lat' dir='ltr'>quorum</span> 
     </span>
     <span class='ocr_line' id='line_1_13' title="bbox 484 513 1859 552; baseline -0.002 -8"><span class='ocrx_word' id='word_1_53' title='bbox 484 513 624 544; x_wconf 87' lang='lat' dir='ltr'>interest</span> <span class='ocrx_word' id='word_1_54' title='bbox 654 515 784 544; x_wconf 90' lang='lat' dir='ltr'>deduci.</span> <span class='ocrx_word' id='word_1_55' title='bbox 842 514 1003 552; x_wconf 85' lang='lat' dir='ltr'>Preterea,</span> <span class='ocrx_word' id='word_1_56' title='bbox 1035 524 1111 544; x_wconf 91' lang='lat' dir='ltr'>cum</span> <span class='ocrx_word' id='word_1_57' title='bbox 1139 525 1179 544; x_wconf 80' lang='lat' dir='ltr'>ex</span> <span class='ocrx_word' id='word_1_58' title='bbox 1206 514 1413 544; x_wconf 74' lang='lat' dir='ltr'>habitacione</span> <span class='ocrx_word' id='word_1_59' title='bbox 1441 514 1644 545; x_wconf 88' lang='lat' dir='ltr'>Clericorum</span> <span class='ocrx_word' id='word_1_60' title='bbox 1672 513 1800 543; x_wconf 83' lang='lat' dir='ltr'>diversa</span> <span class='ocrx_word' id='word_1_61' title='bbox 1825 514 1859 541; x_wconf 84' lang='lat' dir='ltr'>et</span> 
     </span>
     <span class='ocr_line' id='line_1_14' title="bbox 484 557 1859 596; baseline -0.002 -9"><span class='ocrx_word' id='word_1_62' title='bbox 484 557 630 587; x_wconf 83' lang='lat' dir='ltr'>solitaria</span> <span class='ocrx_word' id='word_1_63' title='bbox 646 558 769 588; x_wconf 83' lang='lat' dir='ltr'>occasio</span> <span class='ocrx_word' id='word_1_64' title='bbox 785 557 929 587; x_wconf 77' lang='lat' dir='ltr'><strong>scandali</strong></span> <span class='ocrx_word' id='word_1_65' title='bbox 942 567 1018 596; x_wconf 84' lang='lat' dir='ltr'>sepe</span> <span class='ocrx_word' id='word_1_66' title='bbox 1035 557 1254 595; x_wconf 79' lang='lat' dir='ltr'>ministratur,</span> <span class='ocrx_word' id='word_1_67' title='bbox 1272 561 1305 587; x_wconf 89' lang='lat' dir='ltr'>et</span> <span class='ocrx_word' id='word_1_68' title='bbox 1321 558 1465 596; x_wconf 76' lang='lat' dir='ltr'>dignitas</span> <span class='ocrx_word' id='word_1_69' title='bbox 1489 557 1707 588; x_wconf 81' lang='lat' dir='ltr'>Sacerdotalis</span> <span class='ocrx_word' id='word_1_70' title='bbox 1725 558 1859 595; x_wconf 87' lang='lat' dir='ltr'>propter</span> 
     </span>
     <span class='ocr_line' id='line_1_15' title="bbox 483 600 1857 640; baseline -0.001 -10"><span class='ocrx_word' id='word_1_71' title='bbox 483 600 617 631; x_wconf 90' lang='lat' dir='ltr'>illorum</span> <span class='ocrx_word' id='word_1_72' title='bbox 636 601 846 631; x_wconf 82' lang='lat' dir='ltr'>inhonestam</span> <span class='ocrx_word' id='word_1_73' title='bbox 870 603 904 630; x_wconf 89' lang='lat' dir='ltr'>et</span> <span class='ocrx_word' id='word_1_74' title='bbox 928 601 1140 630; x_wconf 75' lang='lat' dir='ltr'>indiscretam</span> <span class='ocrx_word' id='word_1_75' title='bbox 1164 601 1448 631; x_wconf 77' lang='lat' dir='ltr'>conversacionem</span> <span class='ocrx_word' id='word_1_76' title='bbox 1472 611 1489 630; x_wconf 87' lang='lat' dir='ltr'>a</span> <span class='ocrx_word' id='word_1_77' title='bbox 1513 600 1665 640; x_wconf 85' lang='lat' dir='ltr'>pluribus</span> <span class='ocrx_word' id='word_1_78' title='bbox 1689 602 1857 637; x_wconf 87' lang='lat' dir='ltr'>contemp-</span> 
     </span>
     <span class='ocr_line' id='line_1_16' title="bbox 483 642 1858 684; baseline -0.001 -11"><span class='ocrx_word' id='word_1_79' title='bbox 483 644 586 681; x_wconf 87' lang='lat' dir='ltr'>nitur,</span> <span class='ocrx_word' id='word_1_80' title='bbox 605 645 739 674; x_wconf 77' lang='lat' dir='ltr'>devocio</span> <span class='ocrx_word' id='word_1_81' title='bbox 757 644 869 684; x_wconf 81' lang='lat' dir='ltr'>populi</span> <span class='ocrx_word' id='word_1_82' title='bbox 886 644 1059 682; x_wconf 81' lang='lat' dir='ltr'>minuitur,</span> <span class='ocrx_word' id='word_1_83' title='bbox 1079 644 1257 684; x_wconf 87' lang='lat' dir='ltr'>Divinique</span> <span class='ocrx_word' id='word_1_84' title='bbox 1275 644 1395 675; x_wconf 85' lang='lat' dir='ltr'>Cultus</span> <span class='ocrx_word' id='word_1_85' title='bbox 1412 648 1446 674; x_wconf 88' lang='lat' dir='ltr'>et</span> <span class='ocrx_word' id='word_1_86' title='bbox 1463 644 1566 674; x_wconf 87' lang='lat' dir='ltr'>honor</span> <span class='ocrx_word' id='word_1_87' title='bbox 1583 643 1726 674; x_wconf 85' lang='lat' dir='ltr'>Ecclesie</span> <span class='ocrx_word' id='word_1_88' title='bbox 1743 642 1858 681; x_wconf 83' lang='lat' dir='ltr'>damp-</span> 
     </span>
     <span class='ocr_line' id='line_1_17' title="bbox 483 686 1858 726; baseline -0.002 -9"><span class='ocrx_word' id='word_1_89' title='bbox 483 687 638 717; x_wconf 82' lang='lat' dir='ltr'>nabiliter</span> <span class='ocrx_word' id='word_1_90' title='bbox 665 691 849 718; x_wconf 85' lang='lat' dir='ltr'>noscuntur</span> <span class='ocrx_word' id='word_1_91' title='bbox 876 687 1049 726; x_wconf 80' lang='lat' dir='ltr'>deperire3</span> <span class='ocrx_word' id='word_1_92' title='bbox 1088 687 1244 724; x_wconf 86' lang='lat' dir='ltr'>volentes,</span> <span class='ocrx_word' id='word_1_93' title='bbox 1269 687 1382 726; x_wconf 81' lang='lat' dir='ltr'>igitur,</span> <span class='ocrx_word' id='word_1_94' title='bbox 1413 690 1450 717; x_wconf 89' lang='lat' dir='ltr'>ut</span> <span class='ocrx_word' id='word_1_95' title='bbox 1477 690 1640 724; x_wconf 87' lang='lat' dir='ltr'>tenemur,</span> <span class='ocrx_word' id='word_1_96' title='bbox 1671 686 1858 716; x_wconf 85' lang='lat' dir='ltr'>animarum</span> 
     </span>
     <span class='ocr_line' id='line_1_18' title="bbox 484 729 1857 770; baseline -0.002 -10"><span class='ocrx_word' id='word_1_97' title='bbox 484 731 637 770; x_wconf 88' lang='lat' dir='ltr'>periculis</span> <span class='ocrx_word' id='word_1_98' title='bbox 667 731 808 768; x_wconf 85' lang='lat' dir='ltr'>obviare,</span> <span class='ocrx_word' id='word_1_99' title='bbox 840 731 992 761; x_wconf 85' lang='lat' dir='ltr'>scandala</span> <span class='ocrx_word' id='word_1_100' title='bbox 1017 741 1194 769; x_wconf 85' lang='lat' dir='ltr'>removere,</span> <span class='ocrx_word' id='word_1_101' title='bbox 1221 734 1255 761; x_wconf 87' lang='lat' dir='ltr'>et</span> <span class='ocrx_word' id='word_1_102' title='bbox 1282 731 1361 769; x_wconf 84' lang='lat' dir='ltr'>Deo,</span> <span class='ocrx_word' id='word_1_103' title='bbox 1392 733 1491 770; x_wconf 89' lang='lat' dir='ltr'>prout</span> <span class='ocrx_word' id='word_1_104' title='bbox 1514 731 1619 768; x_wconf 89' lang='lat' dir='ltr'>decet,</span> <span class='ocrx_word' id='word_1_105' title='bbox 1646 729 1857 769; x_wconf 80' lang='lat' dir='ltr'>complacere,</span> 
     </span>
     <span class='ocr_line' id='line_1_19' title="bbox 484 771 1857 814; baseline -0.003 -10"><span class='ocrx_word' id='word_1_106' title='bbox 484 784 598 804; x_wconf 85' lang='lat' dir='ltr'>omnes</span> <span class='ocrx_word' id='word_1_107' title='bbox 615 779 648 804; x_wconf 88' lang='lat' dir='ltr'>et</span> <span class='ocrx_word' id='word_1_108' title='bbox 663 775 809 813; x_wconf 74' lang='lat' dir='ltr'>singulos</span> <span class='ocrx_word' id='word_1_109' title='bbox 826 774 971 804; x_wconf 73' lang='lat' dir='ltr'>Viczirios</span> <span class='ocrx_word' id='word_1_110' title='bbox 988 773 1120 813; x_wconf 76' lang='lat' dir='ltr'>Capelle</span> <span class='ocrx_word' id='word_1_111' title='bbox 1137 774 1177 804; x_wconf 90' lang='lat' dir='ltr'>de</span> <span class='ocrx_word' id='word_1_112' title='bbox 1197 774 1356 804; x_wconf 77' lang='lat' dir='ltr'>Boseham</span> <span class='ocrx_word' id='word_1_113' title='bbox 1374 774 1529 814; x_wconf 80' lang='lat' dir='ltr'>predicte,</span> <span class='ocrx_word' id='word_1_114' title='bbox 1547 784 1630 814; x_wconf 89' lang='lat' dir='ltr'>quos</span> <span class='ocrx_word' id='word_1_115' title='bbox 1654 783 1743 802; x_wconf 89' lang='lat' dir='ltr'>more</span> <span class='ocrx_word' id='word_1_116' title='bbox 1759 771 1857 802; x_wconf 87' lang='lat' dir='ltr'>solito</span> 
     </span>
     <span class='ocr_line' id='line_1_20' title="bbox 482 816 1858 856; baseline -0.002 -9"><span class='ocrx_word' id='word_1_117' title='bbox 482 817 682 856; x_wconf 82' lang='lat' dir='ltr'>presbiteros</span> <span class='ocrx_word' id='word_1_118' title='bbox 705 828 774 848; x_wconf 87' lang='lat' dir='ltr'>esse</span> <span class='ocrx_word' id='word_1_119' title='bbox 799 818 962 854; x_wconf 82' lang='lat' dir='ltr'>volumus,</span> <span class='ocrx_word' id='word_1_120' title='bbox 981 817 1154 847; x_wconf 85' lang='lat' dir='ltr'>hortamur</span> <span class='ocrx_word' id='word_1_121' title='bbox 1170 818 1203 847; x_wconf 91' lang='lat' dir='ltr'>in</span> <span class='ocrx_word' id='word_1_122' title='bbox 1224 817 1375 854; x_wconf 78' lang='lat' dir='ltr'>D‹›mi11o‚</span> <span class='ocrx_word' id='word_1_123' title='bbox 1393 818 1517 848; x_wconf 87' lang='lat' dir='ltr'>eisdem</span> <span class='ocrx_word' id='word_1_124' title='bbox 1541 817 1575 847; x_wconf 90' lang='lat' dir='ltr'>in</span> <span class='ocrx_word' id='word_1_125' title='bbox 1594 817 1719 846; x_wconf 88' lang='lat' dir='ltr'>virtute</span> <span class='ocrx_word' id='word_1_126' title='bbox 1736 816 1858 846; x_wconf 77' lang='lat' dir='ltr'>Sancte</span> 
     </span>
     <span class='ocr_line' id='line_1_21' title="bbox 483 860 1858 901; baseline -0.003 -10"><span class='ocrx_word' id='word_1_127' title='bbox 483 860 681 892; x_wconf 89' lang='lat' dir='ltr'>Obediencie</span> <span class='ocrx_word' id='word_1_128' title='bbox 702 861 926 901; x_wconf 79' lang='lat' dir='ltr'>injungentes,</span> <span class='ocrx_word' id='word_1_129' title='bbox 944 861 1113 900; x_wconf 80' lang='lat' dir='ltr'>quatinus,</span> <span class='ocrx_word' id='word_1_130' title='bbox 1134 861 1303 901; x_wconf 74' lang='lat' dir='ltr'>quamcito</span> <span class='ocrx_word' id='word_1_131' title='bbox 1319 861 1491 891; x_wconf 79' lang='lat' dir='ltr'>commode</span> <span class='ocrx_word' id='word_1_132' title='bbox 1515 863 1683 900; x_wconf 86' lang='lat' dir='ltr'>poterunt,</span> <span class='ocrx_word' id='word_1_133' title='bbox 1702 861 1858 889; x_wconf 80' lang='lat' dir='ltr'>maneant</span> 
     </span>
     <span class='ocr_line' id='line_1_22' title="bbox 483 903 1858 944; baseline -0.003 -10"><span class='ocrx_word' id='word_1_134' title='bbox 483 904 583 934; x_wconf 75' lang='lat' dir='ltr'>simul</span> <span class='ocrx_word' id='word_1_135' title='bbox 600 908 634 934; x_wconf 90' lang='lat' dir='ltr'>et</span> <span class='ocrx_word' id='word_1_136' title='bbox 649 905 822 935; x_wconf 71' lang='lat' dir='ltr'>caritative</span> <span class='ocrx_word' id='word_1_137' title='bbox 839 905 952 935; x_wconf 88' lang='lat' dir='ltr'>vivant</span> <span class='ocrx_word' id='word_1_138' title='bbox 968 904 1002 934; x_wconf 86' lang='lat' dir='ltr'>in</span> <span class='ocrx_word' id='word_1_139' title='bbox 1026 905 1195 934; x_wconf 87' lang='lat' dir='ltr'>communi</span> <span class='ocrx_word' id='word_1_140' title='bbox 1213 915 1220 942; x_wconf 89' lang='lat'>;</span> <span class='ocrx_word' id='word_1_141' title='bbox 1245 904 1441 944; x_wconf 80' lang='lat' dir='ltr'>minuteque</span> <span class='ocrx_word' id='word_1_142' title='bbox 1458 904 1594 941; x_wconf 80' lang='lat' dir='ltr'>decime,</span> <span class='ocrx_word' id='word_1_143' title='bbox 1612 903 1805 938; x_wconf 84' lang='lat' dir='ltr'>oblaciones,</span> <span class='ocrx_word' id='word_1_144' title='bbox 1825 904 1858 930; x_wconf 91' lang='lat' dir='ltr'>et</span> 
     </span>
     <span class='ocr_line' id='line_1_23' title="bbox 484 946 1858 988; baseline -0.002 -11"><span class='ocrx_word' id='word_1_145' title='bbox 484 952 667 987; x_wconf 88' lang='lat' dir='ltr'>proventus</span> <span class='ocrx_word' id='word_1_146' title='bbox 693 948 952 988; x_wconf 76' lang='lat' dir='ltr'>qualescumque</span> <span class='ocrx_word' id='word_1_147' title='bbox 977 948 1017 977; x_wconf 84' lang='lat' dir='ltr'>ad</span> <span class='ocrx_word' id='word_1_148' title='bbox 1045 948 1178 977; x_wconf 88' lang='lat' dir='ltr'>eosdem</span> <span class='ocrx_word' id='word_1_149' title='bbox 1207 948 1422 987; x_wconf 74' lang='lat' dir='ltr'>pertinentes,</span> <span class='ocrx_word' id='word_1_150' title='bbox 1451 958 1508 987; x_wconf 87' lang='lat' dir='ltr'>per</span> <span class='ocrx_word' id='word_1_151' title='bbox 1537 957 1642 977; x_wconf 85' lang='lat' dir='ltr'>unum</span> <span class='ocrx_word' id='word_1_152' title='bbox 1666 946 1858 982; x_wconf 85' lang='lat' dir='ltr'>eorundem,</span> 
     </span>
     <span class='ocr_line' id='line_1_24' title="bbox 484 990 1858 1031; baseline -0.002 -10"><span class='ocrx_word' id='word_1_153' title='bbox 484 1001 584 1030; x_wconf 88' lang='lat' dir='ltr'>quem</span> <span class='ocrx_word' id='word_1_154' title='bbox 608 991 667 1028; x_wconf 83' lang='lat' dir='ltr'>illi,</span> <span class='ocrx_word' id='word_1_155' title='bbox 695 1002 752 1021; x_wconf 89' lang='lat' dir='ltr'>seu</span> <span class='ocrx_word' id='word_1_156' title='bbox 777 992 883 1031; x_wconf 79' lang='lat' dir='ltr'>major</span> <span class='ocrx_word' id='word_1_157' title='bbox 905 1001 980 1030; x_wconf 81' lang='lat' dir='ltr'>pars</span> <span class='ocrx_word' id='word_1_158' title='bbox 1003 991 1137 1021; x_wconf 89' lang='lat' dir='ltr'>illorum</span> <span class='ocrx_word' id='word_1_159' title='bbox 1161 991 1328 1029; x_wconf 77' lang='lat' dir='ltr'>duxerint,</span> <span class='ocrx_word' id='word_1_160' title='bbox 1352 991 1403 1021; x_wconf 87' lang='lat' dir='ltr'>vel</span> <span class='ocrx_word' id='word_1_161' title='bbox 1427 990 1563 1021; x_wconf 88' lang='lat' dir='ltr'>duxerit</span> <span class='ocrx_word' id='word_1_162' title='bbox 1586 990 1786 1029; x_wconf 85' lang='lat' dir='ltr'>eligendum,</span> <span class='ocrx_word' id='word_1_163' title='bbox 1811 998 1858 1018; x_wconf 89' lang='lat' dir='ltr'>re-</span> 
     </span>
     <span class='ocr_line' id='line_1_25' title="bbox 484 1033 1860 1074; baseline -0.002 -10"><span class='ocrx_word' id='word_1_164' title='bbox 484 1034 659 1074; x_wconf 77' lang='lat' dir='ltr'>cipiantur,</span> <span class='ocrx_word' id='word_1_165' title='bbox 679 1038 712 1064; x_wconf 87' lang='lat' dir='ltr'>et</span> <span class='ocrx_word' id='word_1_166' title='bbox 729 1046 788 1074; x_wconf 86' lang='lat' dir='ltr'>pro</span> <span class='ocrx_word' id='word_1_167' title='bbox 803 1035 971 1065; x_wconf 88' lang='lat' dir='ltr'>communi</span> <span class='ocrx_word' id='word_1_168' title='bbox 986 1034 1134 1065; x_wconf 83' lang='lat' dir='ltr'>utilitate</span> <span class='ocrx_word' id='word_1_169' title='bbox 1151 1044 1265 1064; x_wconf 85' lang='lat' dir='ltr'>corum</span> <span class='ocrx_word' id='word_1_170' title='bbox 1279 1034 1499 1074; x_wconf 82' lang='lat' dir='ltr'>disponantur</span> <span class='ocrx_word' id='word_1_171' title='bbox 1512 1036 1545 1063; x_wconf 89' lang='lat' dir='ltr'>et</span> <span class='ocrx_word' id='word_1_172' title='bbox 1558 1033 1835 1063; x_wconf 80' lang='lat' dir='ltr'>administrentur</span> <span class='ocrx_word' id='word_1_173' title='bbox 1853 1041 1860 1067; x_wconf 90' lang='lat'>;</span> 
     </span>
     <span class='ocr_line' id='line_1_26' title="bbox 485 1074 1860 1117; baseline -0.003 -9"><span class='ocrx_word' id='word_1_174' title='bbox 485 1078 543 1117; x_wconf 91' lang='lat' dir='ltr'>qui</span> <span class='ocrx_word' id='word_1_175' title='bbox 566 1078 683 1108; x_wconf 85' lang='lat' dir='ltr'>ceteris</span> <span class='ocrx_word' id='word_1_176' title='bbox 710 1078 975 1108; x_wconf 84' lang='lat' dir='ltr'>communicariis</span> <span class='ocrx_word' id='word_1_177' title='bbox 1002 1077 1043 1108; x_wconf 88' lang='lat' dir='ltr'>de</span> <span class='ocrx_word' id='word_1_178' title='bbox 1070 1078 1210 1117; x_wconf 85' lang='lat' dir='ltr'>receptis</span> <span class='ocrx_word' id='word_1_179' title='bbox 1238 1081 1272 1107; x_wconf 89' lang='lat' dir='ltr'>et</span> <span class='ocrx_word' id='word_1_180' title='bbox 1295 1077 1537 1107; x_wconf 78' lang='lat' dir='ltr'>administratis</span> <span class='ocrx_word' id='word_1_181' title='bbox 1560 1076 1741 1112; x_wconf 81' lang='lat' dir='ltr'>raciocinia‚</span> <span class='ocrx_word' id='word_1_182' title='bbox 1766 1074 1860 1105; x_wconf 79' lang='lat' dir='ltr'>annis</span> 
     </span>
     <span class='ocr_line' id='line_1_27' title="bbox 484 1120 1696 1160; baseline -0.002 -9"><span class='ocrx_word' id='word_1_183' title='bbox 484 1121 631 1160; x_wconf 85' lang='lat' dir='ltr'>singulis,</span> <span class='ocrx_word' id='word_1_184' title='bbox 650 1121 786 1151; x_wconf 81' lang='lat' dir='ltr'>reddere</span> <span class='ocrx_word' id='word_1_185' title='bbox 803 1121 1124 1151; x_wconf 65' lang='lat' dir='ltr'>teneatun—Dated</span> <span class='ocrx_word' id='word_1_186' title='bbox 1142 1125 1177 1151; x_wconf 87' lang='lat' dir='ltr'>at</span> <span class='ocrx_word' id='word_1_187' title='bbox 1193 1121 1369 1159; x_wconf 79' lang='lat' dir='ltr'>Chidham,</span> <span class='ocrx_word' id='word_1_188' title='bbox 1389 1122 1406 1151; x_wconf 89' lang='grc'><strong>6</strong></span> <span class='ocrx_word' id='word_1_189' title='bbox 1426 1120 1548 1157; x_wconf 86' lang='lat' dir='ltr'>March,</span> <span class='ocrx_word' id='word_1_190' title='bbox 1568 1120 1696 1152; x_wconf 84' lang='lat'>1371-2.</span> 
     </span>
    </p>
   </div>
   <div class='ocr_carea' id='block_1_7' title="bbox 439 1173 1860 1222">
    <p class='ocr_par' dir='ltr' id='par_1_7' title="bbox 439 1173 1860 1222">
     <span class='ocr_line' id='line_1_28' title="bbox 439 1173 1860 1222; baseline -0.002 -11"><span class='ocrx_word' id='word_1_191' title='bbox 439 1175 750 1222; x_wconf 70' lang='lat' dir='ltr'>Manumiss10n5</span> <span class='ocrx_word' id='word_1_192' title='bbox 780 1175 1036 1212; x_wconf 71' lang='lat' dir='ltr'>Manumz&#39;ssz&#39;o</span> <span class='ocrx_word' id='word_1_193' title='bbox 1064 1175 1264 1220; x_wconf 68' lang='lat' dir='ltr'>Jolzamzis,</span> <span class='ocrx_word' id='word_1_194' title='bbox 1286 1174 1373 1212; x_wconf 75' lang='lat' dir='ltr'>nati</span> <span class='ocrx_word' id='word_1_195' title='bbox 1400 1174 1566 1211; x_wconf 69' lang='lat' dir='ltr'>Ricarclz‘</span> <span class='ocrx_word' id='word_1_196' title='bbox 1588 1173 1784 1221; x_wconf 55' lang='lat' dir='ltr'>Mummi,</span> <span class='ocrx_word' id='word_1_197' title='bbox 1816 1173 1860 1209; x_wconf 77' lang='lat' dir='ltr'>de</span> 
     </span>
    </p>
   </div>
   <div class='ocr_carea' id='block_1_8' title="bbox 523 1228 841 1275">
    <p class='ocr_par' dir='ltr' id='par_1_8' title="bbox 523 1228 841 1275">
     <span class='ocr_line' id='line_1_29' title="bbox 523 1228 841 1275; baseline -0.003 -8"><span class='ocrx_word' id='word_1_198' title='bbox 523 1228 841 1275; x_wconf 73' lang='lat' dir='ltr'>Clzuddeham‚——-</span> 
     </span>
    </p>
   </div>
   <div class='ocr_carea' id='block_1_9' title="bbox 439 1281 1858 1321">
    <p class='ocr_par' dir='ltr' id='par_1_9' title="bbox 439 1281 1858 1321">
     <span class='ocr_line' id='line_1_30' title="bbox 439 1281 1858 1321; baseline -0.001 -9"><span class='ocrx_word' id='word_1_199' title='bbox 439 1283 592 1321; x_wconf 82' lang='lat' dir='ltr'>Thomas,</span> <span class='ocrx_word' id='word_1_200' title='bbox 610 1286 682 1321; x_wconf 65' lang='lat' dir='ltr'>etc„</span> <span class='ocrx_word' id='word_1_201' title='bbox 700 1283 855 1319; x_wconf 83' lang='lat' dir='ltr'>Johanni,</span> <span class='ocrx_word' id='word_1_202' title='bbox 874 1286 953 1314; x_wconf 86' lang='lat' dir='ltr'>nato</span> <span class='ocrx_word' id='word_1_203' title='bbox 971 1283 1103 1314; x_wconf 81' lang='lat' dir='ltr'>Ricardi</span> <span class='ocrx_word' id='word_1_204' title='bbox 1122 1283 1299 1320; x_wconf 84' lang='lat' dir='ltr'>Mileward,</span> <span class='ocrx_word' id='word_1_205' title='bbox 1318 1282 1358 1312; x_wconf 92' lang='lat' dir='ltr'>de</span> <span class='ocrx_word' id='word_1_206' title='bbox 1376 1282 1548 1320; x_wconf 83' lang='lat' dir='ltr'>Boseham,</span> <span class='ocrx_word' id='word_1_207' title='bbox 1567 1281 1671 1312; x_wconf 86' lang='lat' dir='ltr'>nativi</span> <span class='ocrx_word' id='word_1_208' title='bbox 1688 1281 1794 1311; x_wconf 80' lang='lat' dir='ltr'>nostri</span> <span class='ocrx_word' id='word_1_209' title='bbox 1818 1281 1858 1310; x_wconf 91' lang='lat' dir='ltr'>de</span> 
     </span>
    </p>
   </div>
   <div class='ocr_carea' id='block_1_10' title="bbox 481 1325 1861 2015">
    <p class='ocr_par' dir='ltr' id='par_1_10' title="bbox 481 1325 1861 2015">
     <span class='ocr_line' id='line_1_31' title="bbox 483 1325 1857 1364; baseline -0.002 -8"><span class='ocrx_word' id='word_1_210' title='bbox 483 1326 629 1356; x_wconf 87' lang='lat' dir='ltr'>Manerio</span> <span class='ocrx_word' id='word_1_211' title='bbox 653 1330 766 1357; x_wconf 86' lang='lat' dir='ltr'>nostro</span> <span class='ocrx_word' id='word_1_212' title='bbox 790 1327 830 1357; x_wconf 91' lang='lat' dir='ltr'>de</span> <span class='ocrx_word' id='word_1_213' title='bbox 856 1327 1086 1364; x_wconf 84' lang='lat' dir='ltr'>Chuddeham,</span> <span class='ocrx_word' id='word_1_214' title='bbox 1110 1327 1264 1364; x_wconf 83' lang='lat' dir='ltr'>salutem,</span> <span class='ocrx_word' id='word_1_215' title='bbox 1284 1327 1483 1356; x_wconf 80' lang='lat' dir='ltr'>etc.-—-Cum</span> <span class='ocrx_word' id='word_1_216' title='bbox 1509 1325 1712 1364; x_wconf 82' lang='lat' dir='ltr'>Redemptor</span> <span class='ocrx_word' id='word_1_217' title='bbox 1736 1327 1857 1361; x_wconf 87' lang='lat' dir='ltr'>noster,</span> 
     </span>
     <span class='ocr_line' id='line_1_32' title="bbox 482 1368 1859 1408; baseline -0.002 -8"><span class='ocrx_word' id='word_1_218' title='bbox 482 1369 591 1400; x_wconf 81' lang='lat' dir='ltr'>tocius</span> <span class='ocrx_word' id='word_1_219' title='bbox 623 1370 784 1400; x_wconf 86' lang='lat' dir='ltr'>Conditor</span> <span class='ocrx_word' id='word_1_220' title='bbox 814 1373 972 1407; x_wconf 79' lang='lat' dir='ltr'>creature,</span> <span class='ocrx_word' id='word_1_221' title='bbox 1004 1371 1047 1400; x_wconf 83' lang='lat' dir='ltr'>ad</span> <span class='ocrx_word' id='word_1_222' title='bbox 1084 1370 1146 1400; x_wconf 90' lang='lat' dir='ltr'>hoc</span> <span class='ocrx_word' id='word_1_223' title='bbox 1179 1370 1362 1400; x_wconf 82' lang='lat' dir='ltr'>humanam</span> <span class='ocrx_word' id='word_1_224' title='bbox 1391 1379 1523 1399; x_wconf 85' lang='lat' dir='ltr'>carnem</span> <span class='ocrx_word' id='word_1_225' title='bbox 1561 1368 1788 1408; x_wconf 82' lang='lat' dir='ltr'>assumpserit,</span> <span class='ocrx_word' id='word_1_226' title='bbox 1821 1371 1859 1397; x_wconf 89' lang='lat' dir='ltr'>ut</span> 
     </span>
     <span class='ocr_line' id='line_1_33' title="bbox 481 1411 1858 1453; baseline -0.002 -10"><span class='ocrx_word' id='word_1_227' title='bbox 481 1413 617 1452; x_wconf 85' lang='lat' dir='ltr'>dirupto</span> <span class='ocrx_word' id='word_1_228' title='bbox 634 1424 701 1453; x_wconf 88' lang='lat' dir='ltr'>quo</span> <span class='ocrx_word' id='word_1_229' title='bbox 718 1414 915 1444; x_wconf 83' lang='lat' dir='ltr'>tenebamur</span> <span class='ocrx_word' id='word_1_230' title='bbox 931 1414 1052 1453; x_wconf 86' lang='lat' dir='ltr'>captivi</span> <span class='ocrx_word' id='word_1_231' title='bbox 1071 1413 1201 1443; x_wconf 88' lang='lat' dir='ltr'>vinculo</span> <span class='ocrx_word' id='word_1_232' title='bbox 1225 1413 1406 1450; x_wconf 78' lang='lat' dir='ltr'>servitutiS,</span> <span class='ocrx_word' id='word_1_233' title='bbox 1421 1423 1480 1443; x_wconf 86' lang='lat' dir='ltr'>nos</span> <span class='ocrx_word' id='word_1_234' title='bbox 1495 1412 1685 1442; x_wconf 86' lang='lat' dir='ltr'>restitueret</span> <span class='ocrx_word' id='word_1_235' title='bbox 1702 1411 1858 1449; x_wconf 79' lang='lat' dir='ltr'>libertati,</span> 
     </span>
     <span class='ocr_line' id='line_1_34' title="bbox 483 1455 1857 1497; baseline -0.002 -10"><span class='ocrx_word' id='word_1_236' title='bbox 483 1456 614 1487; x_wconf 80' lang='lat' dir='ltr'>salubre</span> <span class='ocrx_word' id='word_1_237' title='bbox 631 1457 812 1487; x_wconf 79' lang='lat' dir='ltr'>admodum</span> <span class='ocrx_word' id='word_1_238' title='bbox 830 1460 1025 1497; x_wconf 80' lang='lat' dir='ltr'>reputamus</span> <span class='ocrx_word' id='word_1_239' title='bbox 1049 1457 1208 1491; x_wconf 85' lang='lat' dir='ltr'>homines,</span> <span class='ocrx_word' id='word_1_240' title='bbox 1227 1467 1309 1496; x_wconf 87' lang='lat' dir='ltr'>quos</span> <span class='ocrx_word' id='word_1_241' title='bbox 1326 1457 1367 1486; x_wconf 88' lang='lat' dir='ltr'>ab</span> <span class='ocrx_word' id='word_1_242' title='bbox 1383 1456 1480 1486; x_wconf 89' lang='lat' dir='ltr'>inicio</span> <span class='ocrx_word' id='word_1_243' title='bbox 1504 1456 1634 1486; x_wconf 80' lang='lat' dir='ltr'>Natura</span> <span class='ocrx_word' id='word_1_244' title='bbox 1650 1455 1769 1485; x_wconf 86' lang='lat' dir='ltr'>liberos</span> <span class='ocrx_word' id='word_1_245' title='bbox 1787 1464 1857 1494; x_wconf 88' lang='lat' dir='ltr'>pro-</span> 
     </span>
     <span class='ocr_line' id='line_1_35' title="bbox 483 1498 1858 1540; baseline -0.002 -10"><span class='ocrx_word' id='word_1_246' title='bbox 483 1500 608 1530; x_wconf 76' lang='lat' dir='ltr'>creavit</span> <span class='ocrx_word' id='word_1_247' title='bbox 623 1504 656 1529; x_wconf 89' lang='lat' dir='ltr'>et</span> <span class='ocrx_word' id='word_1_248' title='bbox 672 1500 726 1540; x_wconf 81' lang='lat' dir='ltr'>jus</span> <span class='ocrx_word' id='word_1_249' title='bbox 743 1501 895 1540; x_wconf 82' lang='lat' dir='ltr'>gencium</span> <span class='ocrx_word' id='word_1_250' title='bbox 920 1504 1034 1540; x_wconf 83' lang='lat' dir='ltr'>postea</span> <span class='ocrx_word' id='word_1_251' title='bbox 1057 1500 1188 1540; x_wconf 80' lang='lat' dir='ltr'>subegit</span> <span class='ocrx_word' id='word_1_252' title='bbox 1213 1500 1387 1530; x_wconf 82' lang='lat' dir='ltr'>hominum</span> <span class='ocrx_word' id='word_1_253' title='bbox 1410 1499 1576 1537; x_wconf 84' lang='lat' dir='ltr'>servituti,</span> <span class='ocrx_word' id='word_1_254' title='bbox 1595 1498 1743 1528; x_wconf 77' lang='lat' dir='ltr'>libertati</span> <span class='ocrx_word' id='word_1_255' title='bbox 1766 1499 1858 1527; x_wconf 83' lang='lat' dir='ltr'>resti-</span> 
     </span>
     <span class='ocr_line' id='line_1_36' title="bbox 483 1541 1858 1583; baseline 0 -10"><span class='ocrx_word' id='word_1_256' title='bbox 483 1547 576 1573; x_wconf 89' lang='lat' dir='ltr'>tuere</span> <span class='ocrx_word' id='word_1_257' title='bbox 593 1544 737 1573; x_wconf 86' lang='lat' dir='ltr'>naturali</span> <span class='ocrx_word' id='word_1_258' title='bbox 754 1555 761 1581; x_wconf 90' lang='lat'>;</span> <span class='ocrx_word' id='word_1_259' title='bbox 786 1547 820 1574; x_wconf 89' lang='lat' dir='ltr'>et</span> <span class='ocrx_word' id='word_1_260' title='bbox 837 1544 897 1574; x_wconf 89' lang='lat' dir='ltr'>hoc</span> <span class='ocrx_word' id='word_1_261' title='bbox 914 1544 1085 1583; x_wconf 87' lang='lat' dir='ltr'>potissime</span> <span class='ocrx_word' id='word_1_262' title='bbox 1103 1547 1139 1573; x_wconf 90' lang='lat' dir='ltr'>ut</span> <span class='ocrx_word' id='word_1_263' title='bbox 1157 1554 1271 1574; x_wconf 89' lang='lat' dir='ltr'>eorum</span> <span class='ocrx_word' id='word_1_264' title='bbox 1283 1543 1384 1573; x_wconf 86' lang='lat' dir='ltr'>libere</span> <span class='ocrx_word' id='word_1_265' title='bbox 1396 1543 1518 1573; x_wconf 85' lang='lat' dir='ltr'>servire</span> <span class='ocrx_word' id='word_1_266' title='bbox 1531 1543 1662 1572; x_wconf 75' lang='lat' dir='ltr'>valeant</span> <span class='ocrx_word' id='word_1_267' title='bbox 1676 1541 1858 1573; x_wconf 84' lang='lat' dir='ltr'>Conditori.</span> 
     </span>
     <span class='ocr_line' id='line_1_37' title="bbox 485 1584 1857 1626; baseline -0.001 -10"><span class='ocrx_word' id='word_1_268' title='bbox 485 1586 541 1625; x_wconf 90' lang='lat' dir='ltr'>Ut,</span> <span class='ocrx_word' id='word_1_269' title='bbox 558 1586 670 1626; x_wconf 84' lang='lat' dir='ltr'>igitur,</span> <span class='ocrx_word' id='word_1_270' title='bbox 689 1587 827 1617; x_wconf 86' lang='lat' dir='ltr'>clericali</span> <span class='ocrx_word' id='word_1_271' title='bbox 844 1591 1006 1617; x_wconf 80' lang='lat' dir='ltr'>caractere</span> <span class='ocrx_word' id='word_1_272' title='bbox 1022 1587 1181 1626; x_wconf 81' lang='lat' dir='ltr'>insigniri,</span> <span class='ocrx_word' id='word_1_273' title='bbox 1199 1598 1235 1617; x_wconf 86' lang='lat' dir='ltr'>ac</span> <span class='ocrx_word' id='word_1_274' title='bbox 1251 1597 1365 1616; x_wconf 90' lang='lat' dir='ltr'>omnes</span> <span class='ocrx_word' id='word_1_275' title='bbox 1381 1587 1521 1616; x_wconf 84' lang='lat' dir='ltr'>Minores</span> <span class='ocrx_word' id='word_1_276' title='bbox 1534 1589 1568 1615; x_wconf 91' lang='lat' dir='ltr'>et</span> <span class='ocrx_word' id='word_1_277' title='bbox 1582 1586 1695 1615; x_wconf 81' lang='lat' dir='ltr'>Sacros</span> <span class='ocrx_word' id='word_1_278' title='bbox 1709 1584 1857 1622; x_wconf 89' lang='lat' dir='ltr'>Ordines,</span> 
     </span>
     <span class='ocr_line' id='line_1_38' title="bbox 483 1629 1859 1670; baseline -0.002 -10"><span class='ocrx_word' id='word_1_279' title='bbox 483 1640 559 1660; x_wconf 90' lang='lat' dir='ltr'>cum</span> <span class='ocrx_word' id='word_1_280' title='bbox 583 1631 624 1660; x_wconf 86' lang='lat' dir='ltr'>ad</span> <span class='ocrx_word' id='word_1_281' title='bbox 648 1630 721 1660; x_wconf 84' lang='lat' dir='ltr'>illos</span> <span class='ocrx_word' id='word_1_282' title='bbox 744 1631 950 1670; x_wconf 88' lang='lat' dir='ltr'>recipiendos</span> <span class='ocrx_word' id='word_1_283' title='bbox 974 1630 1053 1660; x_wconf 85' lang='lat' dir='ltr'>alias</span> <span class='ocrx_word' id='word_1_284' title='bbox 1076 1634 1227 1670; x_wconf 82' lang='lat' dir='ltr'>repertus</span> <span class='ocrx_word' id='word_1_285' title='bbox 1250 1630 1353 1660; x_wconf 80' lang='lat' dir='ltr'>fueris</span> <span class='ocrx_word' id='word_1_286' title='bbox 1375 1630 1523 1667; x_wconf 89' lang='lat' dir='ltr'>idoneus,</span> <span class='ocrx_word' id='word_1_287' title='bbox 1548 1629 1637 1659; x_wconf 90' lang='lat' dir='ltr'>licite</span> <span class='ocrx_word' id='word_1_288' title='bbox 1665 1629 1859 1668; x_wconf 83' lang='lat' dir='ltr'>promoveri,</span> 
     </span>
     <span class='ocr_line' id='line_1_39' title="bbox 485 1671 1860 1711; baseline -0.002 -8"><span class='ocrx_word' id='word_1_289' title='bbox 485 1683 611 1703; x_wconf 88' lang='lat' dir='ltr'>necnon</span> <span class='ocrx_word' id='word_1_290' title='bbox 630 1673 831 1704; x_wconf 87' lang='lat' dir='ltr'>Beneficium</span> <span class='ocrx_word' id='word_1_291' title='bbox 852 1674 1129 1711; x_wconf 81' lang='lat' dir='ltr'>Ecclesiasticum,</span> <span class='ocrx_word' id='word_1_292' title='bbox 1152 1684 1226 1704; x_wconf 91' lang='lat' dir='ltr'>cum</span> <span class='ocrx_word' id='word_1_293' title='bbox 1245 1683 1322 1704; x_wconf 83' lang='lat' dir='ltr'>cura</span> <span class='ocrx_word' id='word_1_294' title='bbox 1340 1673 1391 1703; x_wconf 89' lang='lat' dir='ltr'>vel</span> <span class='ocrx_word' id='word_1_295' title='bbox 1408 1673 1478 1703; x_wconf 89' lang='lat' dir='ltr'>sine</span> <span class='ocrx_word' id='word_1_296' title='bbox 1494 1683 1582 1710; x_wconf 84' lang='lat' dir='ltr'>cura,</span> <span class='ocrx_word' id='word_1_297' title='bbox 1601 1672 1702 1702; x_wconf 88' lang='lat' dir='ltr'>libere</span> <span class='ocrx_word' id='word_1_298' title='bbox 1717 1671 1860 1711; x_wconf 86' lang='lat' dir='ltr'>recipere</span> 
     </span>
     <span class='ocr_line' id='line_1_40' title="bbox 486 1714 1860 1756; baseline -0.001 -11"><span class='ocrx_word' id='word_1_299' title='bbox 486 1716 593 1746; x_wconf 86' lang='lat' dir='ltr'>valeas</span> <span class='ocrx_word' id='word_1_300' title='bbox 610 1719 644 1746; x_wconf 90' lang='lat' dir='ltr'>et</span> <span class='ocrx_word' id='word_1_301' title='bbox 660 1717 749 1747; x_wconf 86' lang='lat' dir='ltr'>licite</span> <span class='ocrx_word' id='word_1_302' title='bbox 766 1717 917 1755; x_wconf 86' lang='lat' dir='ltr'>retinere,</span> <span class='ocrx_word' id='word_1_303' title='bbox 935 1728 972 1747; x_wconf 90' lang='lat' dir='ltr'>eo</span> <span class='ocrx_word' id='word_1_304' title='bbox 988 1728 1054 1747; x_wconf 89' lang='lat' dir='ltr'>non</span> <span class='ocrx_word' id='word_1_305' title='bbox 1072 1717 1227 1747; x_wconf 81' lang='lat' dir='ltr'>obstante</span> <span class='ocrx_word' id='word_1_306' title='bbox 1243 1717 1332 1756; x_wconf 89' lang='lat' dir='ltr'>quod</span> <span class='ocrx_word' id='word_1_307' title='bbox 1349 1717 1391 1746; x_wconf 91' lang='lat' dir='ltr'>de</span> <span class='ocrx_word' id='word_1_308' title='bbox 1406 1716 1520 1746; x_wconf 76' lang='lat' dir='ltr'>nativo</span> <span class='ocrx_word' id='word_1_309' title='bbox 1537 1719 1649 1745; x_wconf 87' lang='lat' dir='ltr'>nostro</span> <span class='ocrx_word' id='word_1_310' title='bbox 1666 1714 1860 1755; x_wconf 89' lang='lat' dir='ltr'>hujusmodi</span> 
     </span>
     <span class='ocr_line' id='line_1_41' title="bbox 484 1759 1861 1800; baseline -0.001 -11"><span class='ocrx_word' id='word_1_311' title='bbox 484 1759 643 1799; x_wconf 82' lang='lat' dir='ltr'>originem</span> <span class='ocrx_word' id='word_1_312' title='bbox 667 1760 807 1799; x_wconf 83' lang='lat' dir='ltr'>traxisti,</span> <span class='ocrx_word' id='word_1_313' title='bbox 834 1760 1019 1790; x_wconf 82' lang='lat' dir='ltr'>Licenciam</span> <span class='ocrx_word' id='word_1_314' title='bbox 1043 1760 1115 1798; x_wconf 81' lang='lat' dir='ltr'>tibi,</span> <span class='ocrx_word' id='word_1_315' title='bbox 1140 1763 1306 1800; x_wconf 89' lang='lat' dir='ltr'>quantum</span> <span class='ocrx_word' id='word_1_316' title='bbox 1330 1760 1364 1790; x_wconf 91' lang='lat' dir='ltr'>in</span> <span class='ocrx_word' id='word_1_317' title='bbox 1389 1759 1483 1789; x_wconf 82' lang='lat' dir='ltr'>nobis</span> <span class='ocrx_word' id='word_1_318' title='bbox 1507 1761 1566 1797; x_wconf 87' lang='lat' dir='ltr'>est,</span> <span class='ocrx_word' id='word_1_319' title='bbox 1591 1759 1803 1788; x_wconf 86' lang='lat' dir='ltr'>concedimus</span> <span class='ocrx_word' id='word_1_320' title='bbox 1827 1761 1861 1787; x_wconf 83' lang='lat' dir='ltr'>et</span> 
     </span>
     <span class='ocr_line' id='line_1_42' title="bbox 482 1801 1860 1841; baseline -0.001 -9"><span class='ocrx_word' id='word_1_321' title='bbox 482 1802 619 1833; x_wconf 81' lang='lat' dir='ltr'>liberam</span> <span class='ocrx_word' id='word_1_322' title='bbox 636 1803 830 1833; x_wconf 80' lang='lat' dir='ltr'>facultatem</span> <span class='ocrx_word' id='word_1_323' title='bbox 849 1814 855 1839; x_wconf 77' lang='grc' dir='ltr'><strong>ς</strong></span> <span class='ocrx_word' id='word_1_324' title='bbox 879 1814 916 1833; x_wconf 80' lang='lat' dir='ltr'>ac</span> <span class='ocrx_word' id='word_1_325' title='bbox 932 1806 975 1841; x_wconf 87' lang='lat' dir='ltr'>te,</span> <span class='ocrx_word' id='word_1_326' title='bbox 993 1814 1030 1833; x_wconf 84' lang='lat' dir='ltr'>ea</span> <span class='ocrx_word' id='word_1_327' title='bbox 1046 1804 1224 1833; x_wconf 78' lang='lat' dir='ltr'>dumtaxat</span> <span class='ocrx_word' id='word_1_328' title='bbox 1237 1803 1426 1833; x_wconf 84' lang='lat' dir='ltr'>condicione</span> <span class='ocrx_word' id='word_1_329' title='bbox 1443 1803 1470 1832; x_wconf 86' lang='lat' dir='ltr'>si</span> <span class='ocrx_word' id='word_1_330' title='bbox 1488 1803 1556 1832; x_wconf 91' lang='lat' dir='ltr'>Deo</span> <span class='ocrx_word' id='word_1_331' title='bbox 1573 1802 1606 1831; x_wconf 90' lang='lat' dir='ltr'>in</span> <span class='ocrx_word' id='word_1_332' title='bbox 1623 1802 1722 1832; x_wconf 81' lang='lat' dir='ltr'>Sacro</span> <span class='ocrx_word' id='word_1_333' title='bbox 1735 1801 1860 1832; x_wconf 87' lang='lat' dir='ltr'>Ordine</span> 
     </span>
     <span class='ocr_line' id='line_1_43' title="bbox 484 1845 1859 1886; baseline -0.001 -10"><span class='ocrx_word' id='word_1_334' title='bbox 484 1846 626 1876; x_wconf 88' lang='lat' dir='ltr'>volueris</span> <span class='ocrx_word' id='word_1_335' title='bbox 650 1846 815 1885; x_wconf 81' lang='lat' dir='ltr'>famulari,</span> <span class='ocrx_word' id='word_1_336' title='bbox 833 1847 1115 1885; x_wconf 75' lang='lat' dir='ltr'>manumittimus,</span> <span class='ocrx_word' id='word_1_337' title='bbox 1140 1850 1174 1876; x_wconf 90' lang='lat' dir='ltr'>et</span> <span class='ocrx_word' id='word_1_338' title='bbox 1197 1846 1238 1876; x_wconf 81' lang='lat' dir='ltr'>ab</span> <span class='ocrx_word' id='word_1_339' title='bbox 1262 1846 1352 1875; x_wconf 87' lang='lat' dir='ltr'>omni</span> <span class='ocrx_word' id='word_1_340' title='bbox 1375 1846 1456 1886; x_wconf 60' lang='lat' dir='ltr'>jugo</span> <span class='ocrx_word' id='word_1_341' title='bbox 1479 1845 1634 1875; x_wconf 85' lang='lat' dir='ltr'>secularis</span> <span class='ocrx_word' id='word_1_342' title='bbox 1658 1845 1859 1874; x_wconf 86' lang='lat' dir='ltr'>absolvimus</span> 
     </span>
     <span class='ocr_line' id='line_1_44' title="bbox 484 1888 1859 1929; baseline -0.001 -11"><span class='ocrx_word' id='word_1_343' title='bbox 484 1889 665 1920; x_wconf 88' lang='lat' dir='ltr'>servitutis.</span> <span class='ocrx_word' id='word_1_344' title='bbox 714 1890 772 1927; x_wconf 88' lang='lat' dir='ltr'>Eo,</span> <span class='ocrx_word' id='word_1_345' title='bbox 796 1895 919 1927; x_wconf 81' lang='lat' dir='ltr'>tamen,</span> <span class='ocrx_word' id='word_1_346' title='bbox 945 1890 1084 1929; x_wconf 84' lang='lat' dir='ltr'>proviso,</span> <span class='ocrx_word' id='word_1_347' title='bbox 1110 1890 1199 1928; x_wconf 87' lang='lat' dir='ltr'>quod</span> <span class='ocrx_word' id='word_1_348' title='bbox 1223 1889 1318 1919; x_wconf 87' lang='lat' dir='ltr'>nobis</span> <span class='ocrx_word' id='word_1_349' title='bbox 1342 1893 1375 1919; x_wconf 91' lang='lat' dir='ltr'>et</span> <span class='ocrx_word' id='word_1_350' title='bbox 1399 1888 1648 1920; x_wconf 81' lang='lat' dir='ltr'>Successoribus</span> <span class='ocrx_word' id='word_1_351' title='bbox 1666 1888 1798 1925; x_wconf 75' lang='lat' dir='ltr'>nostris,</span> <span class='ocrx_word' id='word_1_352' title='bbox 1825 1888 1859 1918; x_wconf 90' lang='lat' dir='ltr'>in</span> 
     </span>
     <span class='ocr_line' id='line_1_45' title="bbox 486 1932 1858 1971; baseline -0.001 -9"><span class='ocrx_word' id='word_1_353' title='bbox 486 1932 618 1971; x_wconf 82' lang='lat' dir='ltr'>Capella</span> <span class='ocrx_word' id='word_1_354' title='bbox 635 1935 747 1963; x_wconf 82' lang='lat' dir='ltr'>nostra</span> <span class='ocrx_word' id='word_1_355' title='bbox 764 1933 804 1963; x_wconf 91' lang='lat' dir='ltr'>de</span> <span class='ocrx_word' id='word_1_356' title='bbox 825 1933 994 1971; x_wconf 78' lang='lat' dir='ltr'>Boseham,</span> <span class='ocrx_word' id='word_1_357' title='bbox 1012 1933 1061 1962; x_wconf 90' lang='lat' dir='ltr'>vel</span> <span class='ocrx_word' id='word_1_358' title='bbox 1079 1932 1167 1970; x_wconf 83' lang='lat' dir='ltr'>alibi,</span> <span class='ocrx_word' id='word_1_359' title='bbox 1185 1933 1225 1962; x_wconf 87' lang='lat' dir='ltr'>ad</span> <span class='ocrx_word' id='word_1_360' title='bbox 1243 1936 1390 1962; x_wconf 80' lang='lat' dir='ltr'>nostram</span> <span class='ocrx_word' id='word_1_361' title='bbox 1406 1943 1464 1963; x_wconf 78' lang='lat' dir='ltr'>seu</span> <span class='ocrx_word' id='word_1_362' title='bbox 1482 1932 1714 1962; x_wconf 87' lang='lat' dir='ltr'>Successorum</span> <span class='ocrx_word' id='word_1_363' title='bbox 1732 1934 1858 1961; x_wconf 87' lang='lat' dir='ltr'>nostro-</span> 
     </span>
     <span class='ocr_line' id='line_1_46' title="bbox 482 1974 1826 2015; baseline -0.001 -10"><span class='ocrx_word' id='word_1_364' title='bbox 482 1985 559 2006; x_wconf 86' lang='lat' dir='ltr'>rum</span> <span class='ocrx_word' id='word_1_365' title='bbox 576 1975 839 2015; x_wconf 85' lang='lat' dir='ltr'>disposicionem,</span> <span class='ocrx_word' id='word_1_366' title='bbox 858 1976 1020 2006; x_wconf 82' lang='lat' dir='ltr'>deservias</span> <span class='ocrx_word' id='word_1_367' title='bbox 1037 1976 1070 2006; x_wconf 91' lang='lat' dir='ltr'>in</span> <span class='ocrx_word' id='word_1_368' title='bbox 1089 1976 1384 2006; x_wconf 58' lang='lat' dir='ltr'>Divinis—Data]</span> <span class='ocrx_word' id='word_1_369' title='bbox 1403 1980 1438 2005; x_wconf 84' lang='lat' dir='ltr'>at</span> <span class='ocrx_word' id='word_1_370' title='bbox 1454 1975 1628 2012; x_wconf 76' lang='lat' dir='ltr'>Ohidham,</span> <span class='ocrx_word' id='word_1_371' title='bbox 1648 1976 1687 2005; x_wconf 82' lang='lat'>12</span> <span class='ocrx_word' id='word_1_372' title='bbox 1705 1974 1826 2005; x_wconf 88' lang='lat' dir='ltr'>March.</span> 
     </span>
    </p>
   </div>
   <div class='ocr_carea' id='block_1_11' title="bbox 439 2035 1859 2130">
    <p class='ocr_par' dir='ltr' id='par_1_11' title="bbox 439 2035 1859 2130">
     <span class='ocr_line' id='line_1_47' title="bbox 439 2035 1133 2084; baseline 0 -12"><span class='ocrx_word' id='word_1_373' title='bbox 439 2035 609 2084; x_wconf 83' lang='lat' dir='ltr'>Oratory</span> <span class='ocrx_word' id='word_1_374' title='bbox 624 2048 634 2081; x_wconf 77' lang='lat'><em>3</em></span> <span class='ocrx_word' id='word_1_375' title='bbox 663 2035 816 2072; x_wconf 70' lang='lat' dir='ltr'>Licence</span> <span class='ocrx_word' id='word_1_376' title='bbox 836 2043 872 2072; x_wconf 77' lang='lat' dir='ltr'>to</span> <span class='ocrx_word' id='word_1_377' title='bbox 892 2036 1133 2082; x_wconf 72' lang='lat' dir='ltr'>celebrate,—</span> 
     </span>
     <span class='ocr_line' id='line_1_48' title="bbox 440 2087 1859 2130; baseline -0.001 -12"><span class='ocrx_word' id='word_1_378' title='bbox 440 2089 538 2126; x_wconf 86' lang='lat' dir='ltr'>Item,</span> <span class='ocrx_word' id='word_1_379' title='bbox 555 2090 644 2128; x_wconf 86' lang='lat' dir='ltr'>apud</span> <span class='ocrx_word' id='word_1_380' title='bbox 662 2089 863 2127; x_wconf 88' lang='lat' dir='ltr'>Farendone‚</span> <span class='ocrx_word' id='word_1_381' title='bbox 881 2090 968 2130; x_wconf 76' lang='lat' dir='ltr'>xvijo</span> <span class='ocrx_word' id='word_1_382' title='bbox 984 2089 1037 2119; x_wconf 91' lang='lat' dir='ltr'>die</span> <span class='ocrx_word' id='word_1_383' title='bbox 1054 2089 1176 2120; x_wconf 82' lang='lat' dir='ltr'>mensis</span> <span class='ocrx_word' id='word_1_384' title='bbox 1193 2089 1316 2128; x_wconf 86' lang='lat' dir='ltr'>Marcii,</span> <span class='ocrx_word' id='word_1_385' title='bbox 1335 2089 1521 2120; x_wconf 86' lang='lat' dir='ltr'>Willelmus</span> <span class='ocrx_word' id='word_1_386' title='bbox 1547 2088 1735 2128; x_wconf 72' lang='lat' dir='ltr'>Huwysche</span> <span class='ocrx_word' id='word_1_387' title='bbox 1752 2091 1786 2118; x_wconf 88' lang='lat' dir='ltr'>et</span> <span class='ocrx_word' id='word_1_388' title='bbox 1803 2087 1859 2119; x_wconf 80' lang='lat' dir='ltr'>Ri-</span> 
     </span>
    </p>
   </div>
   <div class='ocr_carea' id='block_1_12' title="bbox 485 2131 1860 2216">
    <p class='ocr_par' dir='ltr' id='par_1_12' title="bbox 485 2131 1860 2216">
     <span class='ocr_line' id='line_1_49' title="bbox 485 2131 1860 2173; baseline 0 -12"><span class='ocrx_word' id='word_1_389' title='bbox 485 2132 592 2169; x_wconf 83' lang='lat' dir='ltr'>carda‚</span> <span class='ocrx_word' id='word_1_390' title='bbox 619 2132 693 2172; x_wconf 78' lang='lat' dir='ltr'>ejus</span> <span class='ocrx_word' id='word_1_391' title='bbox 716 2143 809 2172; x_wconf 82' lang='lat' dir='ltr'>uxor,</span> <span class='ocrx_word' id='word_1_392' title='bbox 834 2133 1024 2163; x_wconf 85' lang='lat' dir='ltr'>habuerunt</span> <span class='ocrx_word' id='word_1_393' title='bbox 1049 2133 1242 2171; x_wconf 86' lang='lat' dir='ltr'>Licenciam,</span> <span class='ocrx_word' id='word_1_394' title='bbox 1266 2138 1342 2171; x_wconf 89' lang='lat' dir='ltr'>ctc.,</span> <span class='ocrx_word' id='word_1_395' title='bbox 1366 2133 1400 2163; x_wconf 90' lang='lat' dir='ltr'>in</span> <span class='ocrx_word' id='word_1_396' title='bbox 1426 2132 1566 2173; x_wconf 80' lang='lat' dir='ltr'>Capellis</span> <span class='ocrx_word' id='word_1_397' title='bbox 1589 2133 1666 2169; x_wconf 89' lang='lat' dir='ltr'>suis,</span> <span class='ocrx_word' id='word_1_398' title='bbox 1692 2142 1795 2172; x_wconf 89' lang='lat' dir='ltr'>usque</span> <span class='ocrx_word' id='word_1_399' title='bbox 1818 2131 1860 2161; x_wconf 82' lang='lat' dir='ltr'>ad</span> 
     </span>
     <span class='ocr_line' id='line_1_50' title="bbox 486 2175 1782 2216; baseline -0.001 -11"><span class='ocrx_word' id='word_1_400' title='bbox 486 2175 622 2205; x_wconf 81' lang='lat' dir='ltr'>Festum</span> <span class='ocrx_word' id='word_1_401' title='bbox 649 2176 844 2206; x_wconf 83' lang='lat' dir='ltr'>Nativitatis</span> <span class='ocrx_word' id='word_1_402' title='bbox 869 2176 981 2207; x_wconf 83' lang='lat' dir='ltr'>Sancti</span> <span class='ocrx_word' id='word_1_403' title='bbox 1005 2176 1167 2207; x_wconf 50' lang='lat' dir='ltr'>&#39;Iohannis</span> <span class='ocrx_word' id='word_1_404' title='bbox 1184 2177 1335 2216; x_wconf 77' lang='lat' dir='ltr'>Baptiste</span> <span class='ocrx_word' id='word_1_405' title='bbox 1352 2177 1501 2216; x_wconf 84' lang='lat' dir='ltr'>proximo</span> <span class='ocrx_word' id='word_1_406' title='bbox 1518 2180 1599 2206; x_wconf 88' lang='lat' dir='ltr'>tunc</span> <span class='ocrx_word' id='word_1_407' title='bbox 1616 2175 1782 2206; x_wconf 81' lang='lat' dir='ltr'>futurum.</span> 
     </span>
    </p>
   </div>
   <div class='ocr_carea' id='block_1_13' title="bbox 443 2235 1861 2285">
    <p class='ocr_par' dir='ltr' id='par_1_13' title="bbox 443 2235 1861 2285">
     <span class='ocr_line' id='line_1_51' title="bbox 443 2235 1861 2285; baseline 0 -14"><span class='ocrx_word' id='word_1_408' title='bbox 443 2235 718 2273; x_wconf 85' lang='lat' dir='ltr'>Procurations</span> <span class='ocrx_word' id='word_1_409' title='bbox 738 2237 778 2273; x_wconf 84' lang='lat' dir='ltr'>of</span> <span class='ocrx_word' id='word_1_410' title='bbox 798 2236 865 2273; x_wconf 87' lang='lat' dir='ltr'>the</span> <span class='ocrx_word' id='word_1_411' title='bbox 885 2236 1251 2285; x_wconf 79' lang='lat' dir='ltr'>Cardinal-Legates</span> <span class='ocrx_word' id='word_1_412' title='bbox 1267 2249 1277 2283; x_wconf 82' lang='lat'><em>3</em></span> <span class='ocrx_word' id='word_1_413' title='bbox 1306 2236 1529 2274; x_wconf 74' lang='lat' dir='ltr'>Commissz&#39;o</span> <span class='ocrx_word' id='word_1_414' title='bbox 1550 2236 1703 2273; x_wconf 72' lang='lat' dir='ltr'>Priorz&#39;s</span> <span class='ocrx_word' id='word_1_415' title='bbox 1727 2235 1861 2272; x_wconf 72' lang='lat' dir='ltr'>Sancti</span> 
     </span>
    </p>
   </div>
   <div class='ocr_carea' id='block_1_14' title="bbox 494 2289 1862 2392">
    <p class='ocr_par' dir='ltr' id='par_1_14' title="bbox 494 2289 1862 2392">
     <span class='ocr_line' id='line_1_52' title="bbox 494 2289 1862 2339; baseline 0 -13"><span class='ocrx_word' id='word_1_416' title='bbox 494 2289 680 2326; x_wconf 73' lang='lat' dir='ltr'>Nicholaz&#39;</span> <span class='ocrx_word' id='word_1_417' title='bbox 708 2290 855 2327; x_wconf 73' lang='lat' dir='ltr'>Exonie</span> <span class='ocrx_word' id='word_1_418' title='bbox 874 2291 927 2327; x_wconf 76' lang='lat' dir='ltr'>ad</span> <span class='ocrx_word' id='word_1_419' title='bbox 945 2291 1202 2338; x_wconf 73' lang='lat' dir='ltr'>recipiendum</span> <span class='ocrx_word' id='word_1_420' title='bbox 1230 2291 1276 2327; x_wconf 79' lang='lat' dir='ltr'>ab</span> <span class='ocrx_word' id='word_1_421' title='bbox 1308 2289 1544 2339; x_wconf 75' lang='lat' dir='ltr'>Officialibus</span> <span class='ocrx_word' id='word_1_422' title='bbox 1571 2290 1862 2327; x_wconf 67' lang='lat' dir='ltr'>Ao&#39;clzz‘diaeono-</span> 
     </span>
     <span class='ocr_line' id='line_1_53' title="bbox 494 2343 1862 2392; baseline -0.001 -12"><span class='ocrx_word' id='word_1_423' title='bbox 494 2356 580 2380; x_wconf 80' lang='lat' dir='ltr'>rum</span> <span class='ocrx_word' id='word_1_424' title='bbox 599 2351 809 2391; x_wconf 75' lang='lat' dir='ltr'>compotum</span> <span class='ocrx_word' id='word_1_425' title='bbox 829 2358 940 2392; x_wconf 76' lang='lat' dir='ltr'>super</span> <span class='ocrx_word' id='word_1_426' title='bbox 958 2344 1164 2391; x_wconf 74' lang='lat' dir='ltr'>recepcione</span> <span class='ocrx_word' id='word_1_427' title='bbox 1178 2345 1495 2390; x_wconf 73' lang='lat' dir='ltr'>promcracz&#39;onwn</span> <span class='ocrx_word' id='word_1_428' title='bbox 1519 2343 1862 2388; x_wconf 71' lang='lat' dir='ltr'>Cardinalium,——</span> 
     </span>
    </p>
   </div>
   <div class='ocr_carea' id='block_1_15' title="bbox 441 2396 1860 2437">
    <p class='ocr_par' dir='ltr' id='par_1_15' title="bbox 441 2396 1860 2437">
     <span class='ocr_line' id='line_1_54' title="bbox 441 2396 1860 2437; baseline 0.001 -11"><span class='ocrx_word' id='word_1_429' title='bbox 441 2396 599 2435; x_wconf 85' lang='lat' dir='ltr'>Thomas,</span> <span class='ocrx_word' id='word_1_430' title='bbox 615 2400 689 2435; x_wconf 85' lang='lat' dir='ltr'>etc,</span> <span class='ocrx_word' id='word_1_431' title='bbox 708 2398 812 2428; x_wconf 89' lang='lat' dir='ltr'>Priori</span> <span class='ocrx_word' id='word_1_432' title='bbox 830 2398 999 2428; x_wconf 87' lang='lat' dir='ltr'>Prioratus</span> <span class='ocrx_word' id='word_1_433' title='bbox 1017 2398 1128 2428; x_wconf 81' lang='lat' dir='ltr'>Sancti</span> <span class='ocrx_word' id='word_1_434' title='bbox 1142 2398 1292 2428; x_wconf 84' lang='lat' dir='ltr'>Nicholai</span> <span class='ocrx_word' id='word_1_435' title='bbox 1310 2398 1444 2436; x_wconf 78' lang='lat' dir='ltr'>Exonie,</span> <span class='ocrx_word' id='word_1_436' title='bbox 1462 2409 1498 2428; x_wconf 83' lang='lat' dir='ltr'>ac</span> <span class='ocrx_word' id='word_1_437' title='bbox 1515 2398 1681 2437; x_wconf 83' lang='lat' dir='ltr'>Magistris</span> <span class='ocrx_word' id='word_1_438' title='bbox 1698 2397 1860 2427; x_wconf 89' lang='lat' dir='ltr'>Willelmo</span> 
     </span>
    </p>
   </div>
   <div class='ocr_carea' id='block_1_16' title="bbox 481 2440 1857 2871">
    <p class='ocr_par' dir='ltr' id='par_1_16' title="bbox 481 2440 1857 2871">
     <span class='ocr_line' id='line_1_55' title="bbox 484 2440 1857 2479; baseline 0 -9"><span class='ocrx_word' id='word_1_439' title='bbox 484 2440 739 2478; x_wconf 85' lang='lat' dir='ltr'>Tnddevvorthe‚</span> <span class='ocrx_word' id='word_1_440' title='bbox 764 2441 869 2471; x_wconf 85' lang='lat' dir='ltr'>nostri</span> <span class='ocrx_word' id='word_1_441' title='bbox 896 2441 1089 2472; x_wconf 87' lang='lat' dir='ltr'>Consistorii</span> <span class='ocrx_word' id='word_1_442' title='bbox 1114 2441 1307 2478; x_wconf 85' lang='lat' dir='ltr'>Presidenti,</span> <span class='ocrx_word' id='word_1_443' title='bbox 1332 2444 1367 2471; x_wconf 88' lang='lat' dir='ltr'>et</span> <span class='ocrx_word' id='word_1_444' title='bbox 1391 2441 1537 2471; x_wconf 81' lang='lat' dir='ltr'>Johanni</span> <span class='ocrx_word' id='word_1_445' title='bbox 1561 2442 1601 2471; x_wconf 90' lang='lat' dir='ltr'>de</span> <span class='ocrx_word' id='word_1_446' title='bbox 1626 2441 1857 2479; x_wconf 84' lang='lat' dir='ltr'>Northewode,</span> 
     </span>
     <span class='ocr_line' id='line_1_56' title="bbox 485 2483 1857 2522; baseline 0.001 -9"><span class='ocrx_word' id='word_1_447' title='bbox 485 2483 624 2514; x_wconf 80' lang='lat' dir='ltr'>Officiali</span> <span class='ocrx_word' id='word_1_448' title='bbox 641 2488 752 2514; x_wconf 88' lang='lat' dir='ltr'>nostre</span> <span class='ocrx_word' id='word_1_449' title='bbox 768 2484 1017 2515; x_wconf 80' lang='lat' dir='ltr'>Jurisdicciouis</span> <span class='ocrx_word' id='word_1_450' title='bbox 1036 2484 1212 2514; x_wconf 85' lang='lat' dir='ltr'>Peculiaris</span> <span class='ocrx_word' id='word_1_451' title='bbox 1228 2484 1261 2514; x_wconf 91' lang='lat' dir='ltr'>in</span> <span class='ocrx_word' id='word_1_452' title='bbox 1280 2484 1435 2522; x_wconf 80' lang='lat' dir='ltr'>Devonia,</span> <span class='ocrx_word' id='word_1_453' title='bbox 1450 2495 1577 2515; x_wconf 91' lang='lat' dir='ltr'>necnon</span> <span class='ocrx_word' id='word_1_454' title='bbox 1592 2484 1727 2522; x_wconf 82' lang='lat' dir='ltr'>Hugoni</span> <span class='ocrx_word' id='word_1_455' title='bbox 1744 2485 1857 2521; x_wconf 87' lang='lat' dir='ltr'>Deme,</span> 
     </span>
     <span class='ocr_line' id='line_1_57' title="bbox 484 2527 1857 2567; baseline 0.001 -11"><span class='ocrx_word' id='word_1_456' title='bbox 484 2530 598 2557; x_wconf 86' lang='lat' dir='ltr'>nostro</span> <span class='ocrx_word' id='word_1_457' title='bbox 622 2527 797 2567; x_wconf 84' lang='lat' dir='ltr'>Receptori</span> <span class='ocrx_word' id='word_1_458' title='bbox 820 2527 982 2566; x_wconf 80' lang='lat' dir='ltr'>Generali,</span> <span class='ocrx_word' id='word_1_459' title='bbox 1000 2528 1151 2565; x_wconf 81' lang='lat' dir='ltr'>sulutem,</span> <span class='ocrx_word' id='word_1_460' title='bbox 1173 2527 1368 2565; x_wconf 66' lang='lat' dir='ltr'>etc—Quia</span> <span class='ocrx_word' id='word_1_461' title='bbox 1396 2528 1527 2566; x_wconf 77' lang='lat' dir='ltr'>Exonie,</span> <span class='ocrx_word' id='word_1_462' title='bbox 1551 2527 1717 2564; x_wconf 83' lang='lat' dir='ltr'>&#39;Pottonie‚</span> <span class='ocrx_word' id='word_1_463' title='bbox 1739 2528 1857 2557; x_wconf 84' lang='lat' dir='ltr'>Barna-</span> 
     </span>
     <span class='ocr_line' id='line_1_58' title="bbox 484 2570 1856 2610; baseline 0.001 -11"><span class='ocrx_word' id='word_1_464' title='bbox 484 2570 632 2610; x_wconf 85' lang='lat' dir='ltr'>stapolie,</span> <span class='ocrx_word' id='word_1_465' title='bbox 640 2574 675 2601; x_wconf 88' lang='lat' dir='ltr'>et</span> <span class='ocrx_word' id='word_1_466' title='bbox 686 2571 851 2601; x_wconf 84' lang='lat' dir='ltr'>Cornubie</span> <span class='ocrx_word' id='word_1_467' title='bbox 864 2571 1177 2601; x_wconf 84' lang='lat' dir='ltr'>Archidiaconorum</span> <span class='ocrx_word' id='word_1_468' title='bbox 1190 2570 1360 2609; x_wconf 81' lang='lat' dir='ltr'>Officiales,</span> <span class='ocrx_word' id='word_1_469' title='bbox 1370 2571 1568 2601; x_wconf 83' lang='lat' dir='ltr'>Collectores</span> <span class='ocrx_word' id='word_1_470' title='bbox 1580 2571 1856 2601; x_wconf 84' lang='lat' dir='ltr'>Procuracionum</span> 
     </span>
     <span class='ocr_line' id='line_1_59' title="bbox 484 2613 1857 2652; baseline 0.001 -9"><span class='ocrx_word' id='word_1_471' title='bbox 484 2613 847 2644; x_wconf 88' lang='lat' dir='ltr'>Reverendissimorum</span> <span class='ocrx_word' id='word_1_472' title='bbox 865 2614 1004 2644; x_wconf 81' lang='lat' dir='ltr'>Patrum</span> <span class='ocrx_word' id='word_1_473' title='bbox 1021 2617 1053 2644; x_wconf 86' lang='lat' dir='ltr'>et</span> <span class='ocrx_word' id='word_1_474' title='bbox 1071 2614 1301 2652; x_wconf 80' lang='lat' dir='ltr'>Dominorum,</span> <span class='ocrx_word' id='word_1_475' title='bbox 1320 2614 1539 2644; x_wconf 87' lang='lat' dir='ltr'>Dominorum</span> <span class='ocrx_word' id='word_1_476' title='bbox 1565 2614 1708 2644; x_wconf 83' lang='lat' dir='ltr'>Simonis</span> <span class='ocrx_word' id='word_1_477' title='bbox 1725 2617 1786 2644; x_wconf 88' lang='lat' dir='ltr'>etc.</span> <span class='ocrx_word' id='word_1_478' title='bbox 1808 2613 1857 2652; x_wconf 77' lang='lat' dir='ltr'>(ut</span> 
     </span>
     <span class='ocr_line' id='line_1_60' title="bbox 481 2657 1855 2697; baseline 0.001 -12"><span class='ocrx_word' id='word_1_479' title='bbox 481 2666 592 2695; x_wconf 76' lang='lat' dir='ltr'>supra,</span> <span class='ocrx_word' id='word_1_480' title='bbox 621 2667 702 2696; x_wconf 84' lang='lat' dir='ltr'>page</span> <span class='ocrx_word' id='word_1_481' title='bbox 729 2657 816 2695; x_wconf 82' lang='lat'>248),</span> <span class='ocrx_word' id='word_1_482' title='bbox 841 2668 899 2697; x_wconf 88' lang='lat' dir='ltr'>pro</span> <span class='ocrx_word' id='word_1_483' title='bbox 920 2657 1027 2697; x_wconf 91' lang='lat' dir='ltr'>primo</span> <span class='ocrx_word' id='word_1_484' title='bbox 1054 2667 1140 2687; x_wconf 85' lang='lat' dir='ltr'>anno</span> <span class='ocrx_word' id='word_1_485' title='bbox 1167 2657 1401 2687; x_wconf 87' lang='lat' dir='ltr'>Nunciacionis</span> <span class='ocrx_word' id='word_1_486' title='bbox 1424 2668 1482 2687; x_wconf 87' lang='lat' dir='ltr'>sue</span> <span class='ocrx_word' id='word_1_487' title='bbox 1506 2657 1695 2687; x_wconf 82' lang='lat' dir='ltr'>debitarum</span> <span class='ocrx_word' id='word_1_488' title='bbox 1722 2657 1855 2695; x_wconf 82' lang='lat' dir='ltr'>eisdem,</span> 
     </span>
     <span class='ocr_line' id='line_1_61' title="bbox 484 2700 1856 2740; baseline 0.001 -11"><span class='ocrx_word' id='word_1_489' title='bbox 484 2700 673 2737; x_wconf 84' lang='lat' dir='ltr'>constituti,</span> <span class='ocrx_word' id='word_1_490' title='bbox 701 2700 734 2730; x_wconf 90' lang='lat' dir='ltr'>in</span> <span class='ocrx_word' id='word_1_491' title='bbox 758 2700 954 2740; x_wconf 83' lang='lat' dir='ltr'>hujusmodi</span> <span class='ocrx_word' id='word_1_492' title='bbox 979 2700 1251 2740; x_wconf 85' lang='lat' dir='ltr'>procuracionum</span> <span class='ocrx_word' id='word_1_493' title='bbox 1281 2700 1474 2730; x_wconf 87' lang='lat' dir='ltr'>colleccione</span> <span class='ocrx_word' id='word_1_494' title='bbox 1498 2704 1531 2730; x_wconf 91' lang='lat' dir='ltr'>et</span> <span class='ocrx_word' id='word_1_495' title='bbox 1555 2701 1588 2730; x_wconf 92' lang='lat' dir='ltr'>in</span> <span class='ocrx_word' id='word_1_496' title='bbox 1620 2700 1856 2731; x_wconf 86' lang='lat' dir='ltr'>certificacione</span> 
     </span>
     <span class='ocr_line' id='line_1_62' title="bbox 484 2742 1854 2784; baseline 0.001 -12"><span class='ocrx_word' id='word_1_497' title='bbox 484 2742 658 2773; x_wconf 89' lang='lat' dir='ltr'>nominum</span> <span class='ocrx_word' id='word_1_498' title='bbox 674 2743 761 2782; x_wconf 84' lang='lat' dir='ltr'>ipsas</span> <span class='ocrx_word' id='word_1_499' title='bbox 778 2744 1026 2783; x_wconf 87' lang='lat' dir='ltr'>procuraciones</span> <span class='ocrx_word' id='word_1_500' title='bbox 1039 2743 1242 2782; x_wconf 85' lang='lat' dir='ltr'>debencium,</span> <span class='ocrx_word' id='word_1_501' title='bbox 1257 2746 1326 2773; x_wconf 85' lang='lat' dir='ltr'>tam</span> <span class='ocrx_word' id='word_1_502' title='bbox 1344 2754 1401 2783; x_wconf 90' lang='lat' dir='ltr'>pro</span> <span class='ocrx_word' id='word_1_503' title='bbox 1418 2743 1646 2784; x_wconf 73' lang='lat' dir='ltr'>spiritualibus</span> <span class='ocrx_word' id='word_1_504' title='bbox 1659 2753 1759 2783; x_wconf 77' lang='lat' dir='ltr'>quain</span> <span class='ocrx_word' id='word_1_505' title='bbox 1773 2746 1854 2774; x_wconf 88' lang='lat' dir='ltr'>tem—</span> 
     </span>
     <span class='ocr_line' id='line_1_63' title="bbox 484 2785 1856 2827; baseline 0.001 -12"><span class='ocrx_word' id='word_1_506' title='bbox 484 2785 650 2825; x_wconf 81' lang='lat' dir='ltr'>poralibus</span> <span class='ocrx_word' id='word_1_507' title='bbox 666 2787 743 2824; x_wconf 87' lang='lat' dir='ltr'>suis,</span> <span class='ocrx_word' id='word_1_508' title='bbox 761 2787 961 2826; x_wconf 85' lang='lat' dir='ltr'>necligentes</span> <span class='ocrx_word' id='word_1_509' title='bbox 985 2787 1123 2817; x_wconf 79' lang='lat' dir='ltr'>fuerunt</span> <span class='ocrx_word' id='word_1_510' title='bbox 1140 2790 1174 2816; x_wconf 90' lang='lat' dir='ltr'>et</span> <span class='ocrx_word' id='word_1_511' title='bbox 1190 2790 1278 2824; x_wconf 87' lang='lat' dir='ltr'>sunt,</span> <span class='ocrx_word' id='word_1_512' title='bbox 1296 2790 1397 2827; x_wconf 87' lang='lat' dir='ltr'>prout</span> <span class='ocrx_word' id='word_1_513' title='bbox 1421 2790 1514 2826; x_wconf 82' lang='lat' dir='ltr'>patet</span> <span class='ocrx_word' id='word_1_514' title='bbox 1537 2797 1594 2827; x_wconf 89' lang='lat' dir='ltr'>per</span> <span class='ocrx_word' id='word_1_515' title='bbox 1618 2786 1856 2818; x_wconf 86' lang='lat' dir='ltr'>Certificatoria</span> 
     </span>
     <span class='ocr_line' id='line_1_64' title="bbox 482 2829 1854 2871; baseline 0.002 -13"><span class='ocrx_word' id='word_1_516' title='bbox 482 2829 674 2868; x_wconf 89' lang='lat' dir='ltr'>eorundem,</span> <span class='ocrx_word' id='word_1_517' title='bbox 690 2839 755 2870; x_wconf 91' lang='lat' dir='ltr'>que</span> <span class='ocrx_word' id='word_1_518' title='bbox 772 2830 864 2860; x_wconf 87' lang='lat' dir='ltr'>vobis</span> <span class='ocrx_word' id='word_1_519' title='bbox 880 2840 946 2860; x_wconf 87' lang='lat' dir='ltr'>una</span> <span class='ocrx_word' id='word_1_520' title='bbox 962 2840 1038 2861; x_wconf 88' lang='lat' dir='ltr'>cum</span> <span class='ocrx_word' id='word_1_521' title='bbox 1056 2830 1269 2861; x_wconf 87' lang='lat' dir='ltr'>Presentibus</span> <span class='ocrx_word' id='word_1_522' title='bbox 1292 2831 1564 2869; x_wconf 87' lang='lat' dir='ltr'>transmittimus,</span> <span class='ocrx_word' id='word_1_523' title='bbox 1581 2830 1764 2871; x_wconf 90' lang='lat' dir='ltr'>plurimum</span> <span class='ocrx_word' id='word_1_524' title='bbox 1781 2840 1854 2861; x_wconf 91' lang='lat' dir='ltr'>con-</span> 
     </span>
    </p>
   </div>
  </div>
 </body>
</html>
