1987 3062
398 231 577 265 BISHOP
612 229 819 263 THOMAs·
850 230 915 262 DE
950 229 1354 265 BRANTYNGHAM.
1621 222 1648 264 9

105 336 193 369 [AD.
267 335 458 377 Apostolica
488 335 641 366 absolvar
672 335 834 366 Licencia.
898 335 1135 374 Possessiones,
1167 346 1254 374 vero,
1286 336 1329 366 ad
1357 346 1507 367 mensam
1539 347 1647 368 meam

107 371 183 430 }37⁰'
266 380 495 420 Episcopalem
512 379 722 419 pertinentes
738 389 804 409 non
822 379 974 417 vendam,
992 390 1100 420 neque
1124 380 1264 418 donabo,
1282 390 1391 420 neque
1416 380 1647 420 impignorabo,

107 407 169 464 vlbL
186 439 225 464 Π,
265 434 373 464 neque
400 424 442 454 de
468 434 554 454 novo
577 422 770 461 infeudabo,
796 423 846 452 vel
876 422 940 452 alio
968 423 1066 453 modo
1094 423 1253 461 alienabo,
1282 423 1473 455 inconsulto
1500 425 1649 455 Romano

266 467 437 498 Pontifice.
485 467 538 498 Sic
556 476 609 497 me
626 467 718 497 Deus
734 465 875 506 adjuvet
896 469 932 498 et
948 466 1008 497 hec
1025 467 1149 498 Sancta
1166 467 1228 497 Dei
1246 467 1427 508 Evangelia
1445 466 1475 499 2¹

105 540 156 567 fol.
171 542 195 567 6·
270 541 524 580 -Admissio
543 542 747 587 Fratrum,
760 541 884 590 just-ta
899 541 1168 591 Privileyium
1182 542 1312 591 Super
1330 543 1635 590 cathedram,—

106 595 195 626 [1370-
214 597 271 637 viij
290 597 344 628 die
361 597 483 627 mensis
500 596 624 635 Marcii,
639 597 738 627 Anno
756 596 891 626 Domini
908 597 1085 627 Millesimo
1099 597 1230 629 CCCmo
1246 598 1360 628 1xx1110.

108 631 145 660 Ῑ·]
395 640 566 671 Johannes
585 639 712 680 Hundy
824 640 959 671 Ordinis
977 640 1156 679 Minorum,
1174 642 1369 681 presentati,
1388 652 1446 682 per
1463 642 1648 673 Dominum

215 662 350 693 Fratres
361 640 383 723 {
395 684 414 714 J
419 683 566 714 ohannes
581 688 618 714 at
631 683 777 723 Syrtone
822 687 901 715 sunt
915 684 1060 715 admissi.

214 728 335 759 Frater
350 728 370 759 J
374 727 520 758 ohannes
534 727 717 764 Laurencii,
732 727 867 758 Ordinis
883 727 1145 766 Predicatorum,
1159 731 1375 768 presentatus
1389 729 1533 760 Domino
1548 729 1649 770 juxta

264 771 481 811 Privilegium
498 770 688 810 predictum
704 770 775 801 loco
793 771 921 802 Fratris
934 771 1061 802 'rhome
1080 771 1236 810 Penkors,
1249 773 1413 812 defuncti,
1434 772 1504 813 xiiij
1524 774 1647 804 Kalen-

265 815 324 845 das
340 814 465 854 Aprilis
482 815 536 854 [19
555 813 693 852 March]‚
711 814 809 844 Anno
826 814 985 854 predicto,
1005 825 1063 855 per
1077 815 1261 846 Dominum
1277 820 1329 846 est
1346 817 1520 847 admissus.

265 902 306 933 de
333 902 478 942 Turyna,
508 901 642 932 Ordinis
669 901 932 940 Predicatorum,
960 902 1126 933 admissus
1154 902 1222 933 fuit
1247 914 1306 943 per
1335 904 1528 941 Dominum,
1558 905 1648 944 apud

266 945 439 984 Exoniam,
456 945 497 976 ad
521 945 752 976 Confessiones
774 945 967 982 audiendas,
992 949 1069 985 etc.,
1092 946 1193 986 juxta
1216 947 1359 978 formam
1385 948 1648 979 Constitucionis

265 989 457 1029 supradicte
472 991 695 1029 presentatus.

106 1116 205 1147 [1372]
270 1110 478 1148 -Citacio
498 1110 727 1146 Damnatus
756 1138 926 1146 .....
958 1110 1006 1146 in
1035 1110 1271 1147 Visitacio‘ne
1291 1110 1613 1161 (mutilata),—

215 1165 369 1203 Thomas,
386 1168 463 1202 etc.‚
486 1165 618 1195 Decano
642 1164 684 1194 de
707 1164 876 1202 Toritone,
901 1175 939 1195 ac
962 1165 1101 1205 singulis
1119 1165 1254 1196 Curatis
1276 1165 1429 1205 ejusdem
1447 1166 1649 1204 Decanatus,

265 1209 419 1247 salutern,
437 1207 652 1239 etc-Vobis
675 1207 885 1247 conjunctim
908 1211 943 1239 et
971 1208 1103 1239 divisim
1128 1209 1374 1240 committimus
1397 1213 1433 1240 et
1450 1211 1650 1241 mandamus

265 1252 427 1293 quatinus
450 1251 571 1289 citetis,
596 1262 654 1282 seu
678 1251 774 1281 citari
798 1251 937 1289 faciatis,
956 1252 1190 1292 peremptorie,
1211 1263 1325 1283 omnes
1349 1256 1384 1284 et
1408 1253 1555 1293 singulas
1572 1255 1648 1284 Per-

266 1305 362 1326 sonas
379 1305 523 1335 quarum
542 1295 763 1325 Personarum
780 1298 815 1325 et
835 1295 1075 1326 Beneficiorum
1092 1296 1228 1326 nomina
1244 1296 1277 1326 in
1297 1296 1423 1327 Cedula
1440 1297 1502 1327 hiis
1519 1307 1650 1328 annexa

268 1339 495 1377 continentur,
514 1338 605 1379 quod
621 1341 835 1377 compareant
852 1349 961 1369 coram
978 1339 1082 1377 nobis,
1101 1340 1150 1370 vel
1170 1340 1293 1370 nostris
1310 1339 1342 1370 in
1360 1340 1422 1370 hac
1438 1344 1532 1380 parte
1553 1342 1648 1372 Com-

269 1382 437 1420 missariis,
458 1392 525 1412 uno
549 1381 601 1412 vel
624 1381 786 1421 pluribus,
811 1382 984 1421 deputatis
1008 1393 1065 1413 seu
1091 1383 1294 1422 deputandis
1318 1383 1596 1424 quibuscumque,
1615 1385 1647 1415 in

269 1425 413 1456 Ecclesia
431 1425 615 1456 Parochiali
632 1425 672 1455 de
689 1425 847 1455 Toritone
865 1425 994 1465 Magna,
1012 1426 1065 1456 die
1084 1426 1238 1457 Mercurii
1252 1427 1404 1466 proxima
1420 1430 1496 1467 post
1510 1428 1649 1459 Festum

268 1469 494 1499 Exaltacionis
524 1469 646 1499 Sancte
677 1468 793 1500 Crucis
826 1469 977 1509 proximo
1008 1470 1166 1500 futurum
1194 1470 1248 1508 [15
1274 1468 1398 1511 Sept.]‚
1423 1481 1524 1511 super
1551 1472 1651 1503 certis

267 1512 419 1543 articulis
449 1512 637 1542 animarum
671 1522 809 1542 suarum
847 1513 1088 1543 correccionem
1121 1514 1348 1553 tangentibus,
1382 1514 1415 1545 in
1448 1515 1651 1546 Visitacione

271 1559 386 1586 nostra
410 1555 444 1586 in
468 1556 559 1586 dicto
584 1555 865 1586 Archidiaconatu
894 1557 1040 1587 exercita
1064 1557 1254 1596 compertis,
1279 1557 1430 1596 detectis,
1459 1562 1494 1589 et
1521 1559 1650 1598 delatis,

267 1603 435 1639 quatenus
453 1599 586 1629 easdem
600 1599 761 1629 Personas
777 1600 949 1630 concernit
965 1600 1109 1638 divisim,
1127 1601 1327 1640 responsuri,
1345 1605 1380 1632 et
1396 1612 1496 1641 super
1513 1602 1649 1640 eisdem,

269 1643 295 1673 si
312 1646 475 1683 oporteat,
493 1642 712 1682 personaliter
727 1642 885 1682 juraturi,
904 1643 1113 1684 ulteriusque
1130 1644 1254 1675 facturi
1267 1647 1302 1675 et
1318 1646 1487 1685 recepturi
1503 1647 1591 1686 quod
1609 1647 1652 1677 ad

268 1696 395 1717 meram
420 1686 609 1716 animarum
641 1696 777 1716 suarum
806 1687 1046 1717 correccionem
1072 1687 1259 1718 dinoscitur
1287 1688 1465 1728 pertinere,
1493 1693 1529 1720 et
1561 1689 1651 1730 quod

267 1729 441 1762 Canonicis
478 1730 637 1760 convenit
668 1729 850 1760 Institutis.
913 1730 1121 1769 Terminum,
1153 1735 1278 1770 autem,
1312 1733 1577 1772 peremptorium
1616 1736 1652 1764 et

267 1773 472 1813 personalem
491 1773 710 1810 vocacionem,
731 1777 870 1813 propter
885 1773 1033 1804 locorum
1051 1774 1261 1805 vicinitatem
1283 1778 1318 1806 et
1340 1786 1441 1815 grave
1464 1777 1649 1816 periculum

265 1817 465 1856 animarum,
482 1827 519 1848 ac
535 1817 675 1847 celerem
693 1817 968 1848 reformacionem
989 1818 1200 1857 spiritualem
1217 1829 1318 1859 quam
1342 1820 1451 1850 facere
1467 1830 1650 1860 speramuS,

266 1860 312 1891 sic
327 1860 487 1891 duximus
502 1860 766 1891 abbreviandum
792 1864 828 1891 et
850 1861 953 1891 eciam
977 1862 1224 1902 assignandum.
1272 1863 1318 1893 Et
1341 1863 1423 1903 quid
1446 1863 1594 1895 feceritis
1617 1864 1650 1895 in

266 1904 436 1944 premissis
452 1914 521 1943 nos,
538 1907 599 1935 aut
614 1904 722 1934 dictos
736 1904 988 1935 Commissarios
1004 1908 1145 1944 nostros,
1159 1906 1201 1936 ad
1214 1906 1362 1946 prefatos
1379 1907 1468 1937 diem
1481 1910 1516 1938 et
1530 1908 1649 1946 locum,

267 1947 380 1978 debite
393 1947 590 1979 certificetis.
607 1948 821 1978 Presencium
834 1951 869 1978 et
882 1948 970 1979 dicte
987 1949 1103 1979 cedule
1119 1960 1196 1979 cum
1214 1953 1337 1988 tenore,
1356 1950 1463 1990 sigillo
1479 1951 1651 1982 autentico

267 1991 487 2031 consignat03
525 1991 666 2021 eandem
694 1991 856 2022 (ledulam
884 1992 980 2022 nobis
1005 2003 1064 2031 per
1091 1993 1202 2023 omnia
1230 1994 1593 2025 remittentes—Data
1616 1995 1650 2026 in

267 2034 415 2065 Manerio
428 2037 542 2065 nostro
556 2035 597 2065 de
611 2034 734 2075 Clyste,
752 2033 818 2075 Vjto
835 2035 889 2065 die
904 2036 1028 2066 mensis
1042 2036 1198 2076 Augusti,
1212 2037 1311 2067 Anno
1324 2038 1460 2068 Domini
1474 2038 1651 2069 Millesimo

268 2078 398 2110 CCCmo
414 2076 546 2118 lxxijd0‚
563 2081 598 2109 et
615 2078 882 2109 Consecracionis
899 2083 1015 2110 nostre
1032 2080 1143 2111 tercio.

106 2205 213 2270 fflbssb·
270 2204 498 2242 ——C'ollacio
529 2204 668 2242 Thome
698 2204 840 2254 Swaby
869 2206 923 2243 ad
949 2206 1196 2243 Po'ebendam
1224 2206 1271 2243 in
1300 2206 1474 2244 Ecclesia
1502 2208 1649 2245 Emoni—

108 2278 182 2305 1370.
267 2272 420 2304 6⁷28&—

215 2313 368 2351 Thomas,
385 2315 459 2350 etc„
477 2312 599 2343 dilecto
622 2313 657 2343 in
683 2313 816 2344 Christo
839 2313 916 2352 filio,
943 2314 1071 2344 Thome
1093 2314 1135 2344 de
1159 2314 1289 2355 Swaby,
1306 2315 1433 2354 clerieo,
1451 2316 1648 2347 eto—Cum

267 2356 576 2387 Excellentissimus
599 2356 634 2387 in
658 2356 794 2387 Christo
819 2357 976 2397 Princeps
999 2361 1034 2388 et
1059 2358 1224 2388 Dominus
1248 2362 1372 2396 noster,
1391 2359 1555 2390 Dominus
1580 2361 1647 2390 Ed-

267 2401 408 2438 wax-dus,
427 2400 488 2430 Dei
504 2399 612 2439 gracia
629 2400 699 2430 Rex
716 2400 836 2440 Anglie
852 2405 887 2431 et
906 2401 1043 2431 Francie
1067 2401 1208 2432 illustris
1231 2412 1268 2431 ac
1292 2402 1456 2433 Dominus
1474 2403 1503 2433 H
1510 2403 1646 2441 ibernie,

267 2443 510 2474 Canonicatum
542 2443 686 2473 Ecclesie
725 2447 838 2474 nostre
876 2444 1072 2475 Exoniensis
1111 2448 1145 2475 et
1184 2445 1392 2476 Prebendam
1425 2456 1509 2486 qnos
1541 2457 1649 2486 nuper

268 2487 428 2527 Magister
455 2487 563 2516 Adam
596 2486 816 2526 Myrimouth,
845 2487 927 2518 dum
955 2488 1051 2526 vixit,
1079 2488 1230 2519 obtinuit
1260 2488 1294 2518 in
1322 2489 1448 2527 eadem,
1481 2495 1647 2529 vacantes,

267 2531 398 2560 racione
414 2529 651 2569 temporalium
668 2530 889 2570 Episcopatus
911 2531 1053 2570 predicti
1070 2542 1178 2572 nuper
1194 2532 1343 2563 vacantis
1359 2532 1392 2562 in
1409 2533 1477 2563 suis
1494 2533 1648 2564 manibus

267 2573 498 2611 existencium,
522 2573 585 2603 tibi
608 2573 799 2612 contulerit,
824 2584 901 2604 cum
923 2574 991 2605 suis
1014 2574 1150 2615 juribus
1177 2578 1212 2606 et
1235 2575 1451 2614 pertinenciis
1475 2577 1647 2615 universis,

267 2620 369 2656 prout
384 2617 417 2647 in
436 2616 558 2647 Literis
584 2616 692 2656 Regiis
716 2617 793 2647 inde
816 2618 976 2648 confectis
1000 2618 1131 2657 plenius
1148 2619 1341 2649 continetur
1358 2630 1365 2657 3
1397 2622 1431 2650 te
1447 2620 1489 2649 ad
1508 2620 1647 2650 Canoni-

267 2663 381 2691 catum
404 2663 439 2691 et
463 2660 671 2690 Prebendam
695 2660 863 2699 predictos
886 2661 1111 2700 admittimus,
1137 2665 1172 2693 et
1197 2672 1255 2701 per
1280 2662 1397 2693 birreti
1420 2663 1528 2693 nostri
1545 2664 1646 2694 tradi-

113 2731 122 2750 ¹
148 2733 215 2764 Fol.
234 2732 273 2764 5¹³
295 2735 446 2765 contains
469 2745 487 2764 a
506 2735 623 2765 Letter
647 2735 784 2765 written
803 2735 845 2774 by
958 2736 1170 2775 Stapeldon's
1190 2736 1276 2767 Will.
1327 2736 1342 2766 I
1359 2735 1444 2766 have
1460 2736 1596 2776 printed
1620 2738 1648 2768 it

154 2776 276 2817 Bishop
294 2777 498 2808 Grandisson
521 2777 555 2807 in
581 2778 674 2815 1328,
695 2777 845 2808 contain·
956 2778 989 2808 in
1019 2778 1141 2818 Bishop
1173 2778 1403 2810 Grandisson’s
1434 2779 1586 2819 Reyiscer,
1617 2792 1647 2821 p.

153 2819 210 2860 ing
246 2830 266 2850 a
303 2820 381 2861 long
420 2823 553 2852 extract
595 2821 683 2851 from
721 2821 846 2861 Bishop
958 2820 1053 2854 1557.
