1987 3062
23 2813 30 2900 l

27 2914 31 2951 i

421 265 710 298 REGISTRUM
749 264 1210 299 OOMMUNE—ANNO
1242 254 1337 297 13⁰:
1540 252 1633 298 467

102 365 385 417 A-12·gaci‹›ne
410 367 540 398 illorum
566 368 624 408 qui
647 368 872 398 conclusiones
896 367 1060 407 predictas
1083 377 1215 397 exnunc
1239 367 1406 406 predicare
1429 377 1486 397 seu
1512 377 1630 396 manu·

100 399 193 457 {fffiml
252 414 366 442 tenere
394 412 559 441 voluerint
592 412 703 441 animo
731 412 909 449 obstinato,
938 411 1116 450 dignemur
1142 421 1307 450 apponere
1331 411 1503 441 brachium
1532 410 1632 449 Regie

158 452 163 457 ’
199 451 204 458 '
252 455 437 494 potestatis.
484 455 562 493 Nos,
595 455 663 485 zelo
704 456 795 485 Fidei
827 454 1005 492 Catholice,
1038 454 1134 494 cujus
1165 464 1281 484 sumus
1312 458 1346 484 et
1377 465 1446 484 esse
1477 454 1632 484 volumus

252 498 441 528 defensores
478 499 512 529 in
552 499 716 536 omnibus,
751 503 789 528 ut
820 502 984 536 tenemur,
1016 498 1185 535 commoti,
1218 497 1436 537 nolentesque
1467 497 1631 527 sustinere

250 542 445 582 hujusmodi
463 542 592 572 hereses
608 546 668 572 aut
685 552 808 572 errores
825 542 911 572 infra
928 541 1088 571 terminos
1106 546 1217 571 nostre
1242 541 1418 580 potestatis
1441 541 1630 581 aliqualiter

250 586 411 625 pululare,
447 586 577 625 prefato
618 585 880 625 Archiepiscopo,
912 584 1052 625 ejusque
1092 584 1322 623 Suffraganeis,
1365 585 1405 614 ad
1444 595 1558 614 omnes
1596 587 1631 614 et

250 629 396 668 singulos
413 629 470 669 qui
488 629 593 659 dictas
610 630 834 659 conclusiones
851 629 897 659 sic
920 630 1116 667 dampnatas
1141 629 1307 668 predicare
1330 638 1387 658 seu
1413 632 1632 658 manutenere

251 673 428 709 voluerint,
456 672 539 703 clam
565 673 615 702 vel
647 673 765 712 palam,
795 672 997 712 ubicumque
1024 672 1165 702 inveniri
1198 675 1357 711 poterunt
1381 671 1574 701 arestandos
1597 675 1633 701 et

252 717 392 755 prisonis
408 717 477 746 suis
502 716 640 756 propriis
664 727 721 746 seu
746 716 887 746 aliorum
913 726 970 755 pro
994 725 1107 745 eorum
1132 715 1337 755 beneplacito
1361 715 1630 752 committendos,

255 760 289 789 in
321 760 443 790 eisdem
477 760 674 790 detinendos
705 769 881 799 quousque
911 759 952 788 ab
983 769 1132 788 errorum
1160 762 1194 788 et
1225 759 1377 788 heresum
1410 758 1632 798 pravitatibus

254 803 457 843 resipiscant,
487 803 537 833 vel
565 803 606 833 de
633 803 827 843 hujusmodi
853 802 1006 832 arestatis
1038 812 1095 841 per
1122 812 1181 832 nos
1205 805 1239 832 et
1263 802 1449 833 Concilium
1478 805 1631 831 nostrum

253 847 349 876 aliter
371 847 474 877 fuerit
498 847 676 886 provisum,
693 846 927 876 auctoritatem
944 849 978 875 et
995 845 1162 875 licenciam
1187 848 1302 875 tenore
1327 845 1537 875 Presencium
1555 855 1631 875 con-

253 891 401 920 cedimus
425 894 459 920 et
481 890 724 920 committimus
747 889 911 929 speciales,
958 889 1166 926 Mandantes,
1190 889 1335 928 insuper,
1360 893 1393 919 et
1417 889 1633 929 injungentes

257 934 418 964 universis
449 937 483 964 et
513 933 653 973 singulis
681 933 772 972 ligeis
802 933 962 963 Ministris
994 935 1028 962 et
1058 933 1202 962 subditis
1230 933 1361 970 nostris,
1390 933 1634 972 cujuscumque

254 980 362 1007 status
379 988 435 1007 seu
454 977 654 1007 condicionis
671 976 806 1013 fuerint,
823 976 856 1006 iu
874 976 938 1006 fide
962 978 996 1005 et
1020 975 1175 1013 ligeancia
1200 976 1321 1015 quibus
1346 977 1439 1006 nobis
1463 980 1633 1012 tenentur,

256 1031 298 1050 ne
329 1021 391 1060 ipsi
415 1020 708 1050 manutentoribus
735 1020 803 1050 sive
837 1019 1098 1058 predicatoribus
1121 1019 1287 1049 dictarum
1316 1019 1564 1050 conclusionum
1589 1018 1635 1048 sic

257 1065 586 1104 condempnatarum,
604 1067 664 1094 aut
680 1074 795 1093 eorum
813 1063 1010 1101 fautoribus,
1028 1063 1172 1100 faveant,
1191 1062 1375 1101 consulant,
1393 1066 1451 1093 aut
1476 1063 1634 1092 auxilien-

257 1110 314 1138 tur
330 1108 398 1138 ullo
415 1109 522 1145 modo,
540 1107 603 1137 sub
620 1107 830 1137 forisfactura
846 1107 996 1136 omnium
1014 1116 1079 1146 que
1096 1106 1189 1136 nobis
1206 1106 1394 1136 forisfacere
1417 1109 1577 1146 poterunt
1601 1106 1635 1135 in

258 1155 426 1189 eventum,
445 1154 496 1182 set
514 1151 625 1191 pocius
647 1150 775 1190 prefato
793 1150 1056 1189 Archiepiscopo‚
1074 1149 1214 1190 ejusque
1232 1150 1452 1188 Suffraganeis
1469 1160 1505 1180 ac
1525 1149 1635 1179 Minis-

258 1195 319 1224 tris
350 1195 429 1232 suis,
460 1195 493 1225 in
526 1195 722 1224 execucione
761 1194 973 1224 Presencium
1013 1197 1159 1232 pareant,
1192 1193 1349 1223 obediant
1387 1193 1570 1231 humiliter,
1603 1196 1637 1222 et

258 1238 446 1276 intendant,
464 1239 509 1268 sic
525 1238 615 1278 quod
632 1238 744 1267 debita
761 1242 795 1267 et
812 1241 925 1277 aperta
942 1237 1123 1277 publicacio
1140 1237 1298 1266 adversus
1321 1237 1548 1267 conclusiones
1565 1247 1635 1276 pre-

259 1282 374 1320 dictas,
399 1286 433 1313 et
457 1292 570 1312 earum
594 1284 856 1318 manutentor-es,
881 1281 1005 1320 absque
1029 1280 1280 1320 perturbacione
1305 1280 1372 1310 fieri
1397 1280 1513 1318 valeat,
1538 1282 1639 1319 prout

257 1335 317 1364 pro
343 1325 534 1355 defensione
559 1328 592 1355 et
615 1325 865 1355 conservacione
892 1324 983 1354 Fidei
1007 1323 1176 1355 Catholice
1200 1323 1303 1353 fuerit
1326 1323 1492 1353 salubrius
1516 1323 1636 1353 sacien-

259 1368 351 1399 dum.
398 1369 435 1399 In
453 1369 550 1408 cujus
566 1368 613 1398 rei
630 1368 862 1399 testimonium
878 1367 937 1398 lias
951 1367 1079 1398 Literas
1096 1370 1226 1397 nostras
1239 1366 1309 1397 fieri
1322 1367 1460 1397 fecimus
1473 1370 1638 1406 patentes.

258 1412 423 1442 —Tested
439 1416 474 1442 at
490 1413 733 1449 XVestminster,
752 1413 791 1441 26
809 1412 906 1442 June.

105 1462 150 1488 sol.

105 1497 158 1522 951³
219 1466 432 1515 Ottery-St.
456 1467 568 1516 Mary
585 1480 594 1513 3
633 1466 783 1502 Licence
804 1472 840 1502 to
859 1465 1102 1510 celebrate,—

109 1516 206 1556 „icffiL
223 1520 321 1558 Item,
338 1521 427 1560 apud
454 1520 546 1557 Clist,
572 1520 687 1550 xxixno
711 1519 764 1549 (lie
787 1519 891 1556 Junii,
917 1518 1081 1548 Dominus
1105 1518 1268 1549 concessit
1292 1518 1477 1549 Licenciam
1496 1518 1640 1549 Domino

261 1564 407 1594 Johanni
438 1563 610 1601 Coterelle,
638 1563 776 1594 Custodi
802 1562 945 1593 Ecclesie
970 1563 1071 1592 Beate
1095 1562 1197 1592 Marie
1221 1563 1261 1592 de
1285 1563 1398 1602 Otery,
1423 1563 1511 1602 quod
1538 1562 1642 1601 possit

262 1607 368 1637 facere
400 1607 521 1637 Divina
553 1607 718 1644 celebrari,
747 1616 805 1646 per
835 1606 1035 1646 presbiteros
1066 1606 1222 1645 ydoneos,
1251 1606 1283 1635 in
1316 1606 1485 1645 presencia
1513 1616 1581 1644 sua,
1607 1606 1641 1635 in

262 1650 394 1690 Capella
412 1651 479 1680 sive
497 1650 649 1681 Oratorio
665 1650 753 1680 infra
777 1650 983 1680 Mansionem
1008 1649 1170 1689 ejusdem,
1188 1650 1331 1679 durante
1355 1649 1550 1679 infirmitate
1575 1659 1641 1689 qua

260 1697 342 1724 tunc
365 1694 523 1724 detentus
550 1697 631 1729 erat,
662 1696 798 1734 propter
831 1703 933 1734 quam
964 1693 1004 1723 ad
1036 1692 1219 1723 Ecclesiam
1250 1693 1454 1723 antedictam
1486 1693 1640 1723 accedere

261 1738 441 1778 nequebat.

109 1792 127 1825 J
133 1799 194 1818 ⁸¹⁴¹·
220 1794 295 1830 For
315 1793 382 1830 the
402 1798 527 1830 arrest
546 1793 586 1829 of
607 1797 682 1829 two
703 1792 1065 1829 cxcommunicated
1085 1804 1314 1842 persons,—

111 1833 156 1852 US'
220 1848 316 1885 Item,
334 1847 468 1884 ibidem,
486 1849 605 1886 quarto
622 1847 674 1876 die
692 1846 815 1876 mensis
831 1846 923 1883 Julii,
942 1846 1106 1876 Dominus
1123 1846 1255 1886 scripsit
1274 1846 1373 1886 Regie
1397 1845 1567 1886 Majestati
1584 1856 1643 1886 pro

264 1891 416 1931 capcione
440 1900 614 1930 corporum
640 1890 859 1920 Dominorum
883 1890 1047 1920 ,Iohannis
1073 1890 1186 1920 Aubre
1213 1893 1249 1920 et
1272 1890 1418 1920 Simonis
1442 1890 1564 1929 Cogan,
1590 1900 1643 1919 ex-

263 1934 593 1964 communicatorum.

113 1987 193 2047 gffi·
218 1989 443 2026 Axminster
452 2002 462 2035 3
483 1988 651 2025 Illonicz'o
665 1989 766 2036 quod
773 1988 1006 2035 parochiani
1012 1989 1171 2036 faciant
1183 1988 1315 2025 claudi
1330 1988 1644 2033 Cimiterium,—

114 2043 373 2081 marca.ThOfflstS‚
392 2046 464 2081 eto„
483 2043 616 2073 Decano
632 2042 673 2072 de
691 2042 881 2082 Honytone,
899 2046 933 2073 et
950 2043 1077 2073 Vicario
1094 2043 1260 2082 Perpetuo
1279 2042 1421 2072 Ecclesie
1447 2042 1644 2072 Pal-ochialis

266 2087 307 2116 de
323 2086 545 2124 Axeminstre,
563 2086 714 2123 salutem,
732 2086 935 2124 eto—Quia,
954 2089 1089 2126 propter
1111 2086 1280 2116 defectum
1305 2086 1456 2116 clausure
1482 2084 1646 2116 Cimiterii

266 2130 411 2160 Ecclesie
444 2129 641 2160 parochialis
668 2129 709 2159 (le
737 2129 950 2160 Axeminstre
981 2130 1137 2169 predicte,
1167 2133 1268 2169 prout
1291 2129 1437 2160 vidimus
1468 2128 1644 2159 oculariter

264 2174 398 2213 quando
415 2173 536 2203 ultimo
552 2183 684 2203 eramus
707 2172 841 2211 ibidem,
859 2173 987 2203 dictum
1013 2173 1222 2204 Cimiterinm
1247 2183 1305 2212 per
1328 2173 1456 2202 diversa
1479 2172 1643 2210 animalia,

265 2217 367 2247 eciam
392 2226 515 2255 porcos,
534 2216 691 2246 vilissime
707 2216 918 2255 deturpatur,
934 2216 966 2246 in
985 2216 1259 2256 parochianorum
1283 2216 1371 2246 dicte
1395 2215 1539 2246 Ecclesie
1556 2216 1642 2246 vitu-

266 2260 407 2300 perium,
425 2260 595 2299 ipsiusque
612 2259 758 2289 Ecclesie
774 2259 967 2290 scandalum
983 2262 1017 2290 et
1033 2259 1172 2289 aliorum
1191 2259 1412 2299 perniciosum
1429 2259 1619 2299 exemplum
1636 2270 1643 2297 ;

265 2304 370 2342 vobis,
386 2303 500 2342 igitur,
519 2302 737 2342 conjunctim,
755 2306 788 2332 et
805 2302 946 2340 divisim,
963 2303 1218 2341 committimus,
1235 2305 1309 2341 etc.,
1328 2303 1487 2342 quatinus
1512 2313 1642 2333 monea-

266 2348 310 2378 tis
326 2350 360 2377 et
376 2346 594 2377 effectualiter
609 2345 775 2376 inducatis
791 2346 1004 2385 parochianos
1027 2346 1192 2385 predictos
1216 2347 1305 2386 quod
1331 2346 1518 2386 predictum
1543 2346 1642 2377 Cimi-

265 2390 399 2427 terium,
416 2389 498 2420 citra
514 2389 650 2420 Festum
669 2389 782 2420 Sancti
798 2389 966 2419 Michaelis
984 2389 1133 2428 proximo
1149 2399 1238 2420 nunc
1259 2389 1425 2428 futurum,
1442 2389 1645 2420 sufficienter

267 2433 376 2464 claudi
392 2433 525 2470 faciant,
543 2435 583 2462 ut
599 2435 768 2470 tenentur,
784 2432 847 2462 sub
871 2443 955 2472 pena
978 2432 1155 2463 Iuterdicti
1178 2443 1196 2462 a
1219 2433 1392 2472 sepultura
1416 2433 1541 2464 Christi
1565 2433 1642 2464 fide-

267 2478 349 2508 lium
367 2476 449 2507 inibi
465 2475 625 2506 facienda.
672 2475 707 2506 Si
723 2485 816 2515 quos,
833 2479 957 2514 autem,
975 2475 1249 2515 parochianorum
1274 2476 1501 2516 predictorum
1526 2477 1558 2507 in
1584 2477 1644 2507 hac

266 2523 360 2561 parte
375 2520 600 2558 reclamantes,
617 2518 669 2549 vel
685 2519 881 2559 hujusmodi
897 2519 1023 2557 vestris,
1040 2529 1154 2559 ymmo
1170 2520 1279 2550 verius
1303 2520 1435 2558 nostris,
1452 2520 1644 2551 Monicioni-

268 2565 332 2594 bus
362 2563 591 2602 obtemperare
622 2572 687 2592 non
719 2565 883 2600 curantes,
915 2562 1119 2601 inveneritis,
1152 2563 1262 2593 citetis
1293 2564 1436 2602 eosdem,
1460 2574 1518 2594 seu
1550 2564 1645 2594 citari

268 2607 407 2645 faciatis,
425 2606 516 2646 quod
533 2609 745 2645 compareant
761 2616 870 2636 coram
886 2606 991 2644 nobis,
1008 2606 1059 2636 vel
1076 2606 1198 2636 nostris
1220 2606 1254 2636 in
1279 2606 1340 2637 hac
1363 2610 1457 2646 parte
1482 2607 1644 2638 Commis-

269 2650 371 2687 sariis,
385 2650 483 2680 certis
499 2649 551 2680 die
567 2652 602 2680 et
617 2649 688 2679 loco
705 2659 788 2689 quos
804 2649 849 2680 eis
864 2649 1013 2680 videritis
1030 2649 1244 2689 prefigendos,
1256 2660 1388 2680 causam
1401 2650 1646 2681 reclamacionis

267 2704 337 2732 sue,
356 2697 390 2723 et
405 2703 507 2733 quare
524 2692 652 2723 dictum
671 2692 882 2723 Cimiterium
899 2696 1023 2723 extunc
1039 2703 1057 2722 a
1072 2692 1247 2732 sepultura.
1270 2693 1466 2733 hujusmodi
1491 2694 1646 2726 interdici

267 2747 332 2767 non
349 2735 479 2774 debeat,
495 2735 528 2766 in
546 2736 654 2766 forma
668 2735 753 2775 juris
770 2736 981 2776 proposituri,
999 2735 1217 2775 ulteriusque,
1235 2739 1298 2766 etc.
1319 2736 1478 2774 (without
1500 2738 1601 2775 date).

114 2776 185 2840 ἐπ’]
224 2780 367 2817 Exeter
386 2779 595 2816 Cathedral
616 2791 624 2824 3
655 2776 843 2830 [Quedam
865 2778 1074 2817 Ordinacio
1097 2779 1140 2816 in
1160 2780 1329 2817 Ecclesia
1351 2779 1647 2828 Cathedrali,—

277 2835 322 2870 in
339 2847 365 2871 a
384 2834 482 2870 later
499 2829 690 2885 hand}—

253 2886 348 2937 2G²

102 1016 166 1046 [fol.

104 1050 196 1080 107b.]
