1987 3062
440 242 724 277 REGISTRUM
750 245 1000 278 COMMUNE
1068 229 1203 280 ANNO
1238 237 1332 282 10⁰.
1544 239 1637 284 417

106 339 181 383 ΑΗΡ
249 341 403 373 fecerunt
425 343 472 374 eis
492 343 525 373 in
548 342 611 375 hac
634 348 732 384 parte
754 355 814 385 pei·
837 345 956 377 Scdem
978 345 1214 387 Apostolicam
1237 348 1277 379 de
1299 353 1469 389 oportuno
1492 350 1641 381 remedio

103 376 515 434 50131801111501100101101·
533 387 717 427 provideri.
746 387 830 427 Nos,
851 389 1235 429 igitu1'‚—attendentes
1252 392 1344 431 quod
1362 391 1470 423 felicis
1489 392 1643 423 reeorda-

97 1902 147 1928 fol.
163 1903 203 1929 79.

100 2708 174 2733 Fen-

101 2747 207 2767 RuARl-

101 2783 145 2801 US.

249 427 355 459 cionis
371 428 540 461 Dominus
557 429 711 462 Clemens
729 431 826 472 Papa
843 432 965 464 Sextus
983 431 1155 472 quaslibet
1172 433 1468 474 Dispensaciones,
1488 436 1523 466 in
1542 435 1643 466 simili

251 480 331 501 casu
358 470 401 502 ab
429 472 545 503 eadem
574 473 659 505 Sede
686 479 846 515 optentus
874 480 908 507 et
935 476 1149 516 optinendas,
1180 479 1360 509 omissione
1389 479 1575 509 mencionis
1603 479 1644 510 de

250 513 417 562 distancia
439 516 536 546 tercii
559 517 686 556 gradus
706 518 852 558 predict-i
875 530 894 549 a
916 520 1034 560 stipite
1055 530 1124 551 non
1146 521 1237 552 facte
1258 521 1292 551 in
1316 520 1642 561 Dispensacionibus

248 557 333 597 ipsis
353 567 571 599 nequaquam
591 558 761 599 obstante,
786 561 918 594 validas
941 566 976 595 et
997 562 1204 595 sufficientes
1226 564 1371 597 existere
1394 568 1430 596 et
1450 563 1556 595 robur
1576 563 1644 605 ple-

250 600 345 631 narie
373 600 547 633 firmitatis
576 602 711 641 habere,
744 604 962 636 Auctoritate
992 605 1202 646 Apostolica,
1236 606 1641 643 declaravit,—Auctori-

249 646 322 674 tate
341 643 479 675 Domini
500 645 604 685 Papo,
627 647 726 687 cujus
746 647 996 679 Penitenciarie
1014 658 1130 679 curam
1150 649 1310 689 gerimus,
1333 648 1641 690 Circumspeccismi

252 689 364 717 vestre
386 688 632 720 committimus
654 690 828 730 quatinus,
853 691 955 730 juxta
975 690 1173 730 hujusmodi
1195 692 1432 734 Apostolicam
1455 692 1646 723 Declaraci-

249 739 359 768 onem,
383 730 563 762 declaretis
583 732 675 772 ipsas
696 732 831 764 Literas
852 733 937 764 adeo
958 735 1164 766 sufficientes
1187 740 1222 767 et
1243 735 1374 766 validas
1397 736 1468 767 fore
1490 746 1528 766 uc
1551 736 1577 766 si
1601 736 1641 766 ‹le

250 772 419 804 distancia
438 774 536 805 tercii
557 775 685 815 gradus
705 776 851 816 predicti
871 777 906 808 in
927 777 975 808 eis
996 778 1127 809 mencio
1147 778 1241 809 facta
1260 778 1503 810 foret—Data
1523 779 1642 816 Rome,

249 815 341 856 apud
365 816 529 849 Sanctum
552 818 706 859 Petrum,
731 820 781 860 iiij
807 819 889 852 Idus
912 819 1010 851 Junii
1032 820 1088 860 [10
1110 820 1227 860 June}
1254 821 1482 854 Pontifica-tus
1506 822 1645 855 Domini

248 858 385 891 Urbani
405 859 499 902 Pape
521 860 601 892 VIti
621 861 722 893 Anno
744 862 1001 904 primo—Post
1022 873 1179 904 quarum,
1205 864 1353 905 quidem,
1379 865 1574 897 Litera-rum
1596 876 1646 897 re-

250 903 456 944 cepcionem,
482 903 611 936 fuimus
632 905 667 936 in
688 904 753 936 hac
775 910 874 946 parte
896 916 959 948 per
980 906 1120 938 Partem
1143 907 1315 940 dictorum
1337 907 1506 940 Johannis
1529 914 1563 941 et
1586 910 1609 941 J
1612 920 1645 940 0-

249 945 360 978 hanne
381 946 494 980 debite
514 948 671 989 requisiti
691 952 731 980 ut
750 949 794 981 ad
814 959 931 981 earum
951 951 1189 982 execucionem
1209 951 1392 992 procedere
1413 951 1643 992 dignaremur.

249 989 334 1031 Nos,
357 990 475 1031 igitur,
498 1001 561 1032 pro
581 991 826 1024 informacione
846 996 964 1024 nostra
986 994 1222 1034 suggestiones
1242 995 1277 1026 in
1299 994 1400 1027 dictis
1422 995 1549 1028 Literis
1570 1006 1645 1027 con-

249 1036 363 1065 tentas
393 1033 640 1066 deliberacione
668 1035 815 1076 provida
843 1037 1089 1076 examinantes,
1121 1041 1166 1075 et,
1199 1039 1310 1070 causis
1339 1038 1538 1080 hujusmodi
1569 1049 1645 1079 sug-

253 1076 445 1117 gestionum
468 1078 502 1108 in
526 1077 722 1119 hujusmodi
748 1079 874 1111 Literis
898 1081 989 1111 veris
1014 1081 1047 1111 in
1072 1082 1163 1112 omni
1188 1085 1286 1121 parte
1310 1092 1372 1122 pcr
1395 1092 1456 1113 nos
1481 1083 1642 1120 inventis,

249 1119 428 1152 vobiscum
444 1120 680 1162 dispensamus
696 1123 731 1153 in
746 1120 836 1154 hunc
851 1123 1094 1161 modum,—IN
1110 1124 1183 1155 DEI
1200 1124 1367 1163 NOMINE,
1386 1124 1644 1165 AMEN.—Nos‚

250 1163 410 1203 Thomas,
440 1168 519 1205 ete„
549 1165 774 1197 sufficientem
801 1165 967 1198 habentes
995 1171 1203 1207 potestatem
1232 1168 1275 1199 ad
1302 1168 1535 1209 infrascripta,
1566 1169 1648 1209 quia

250 1208 441 1238 invenimus
456 1208 628 1248 predictos
643 1209 665 1240 J
669 1208 837 1240 ohannem
854 1209 1089 1250 Seyntaubyn,
1109 1214 1143 1242 et
1158 1209 1353 1242 Johannam
1369 1221 1508 1242 uxorem
1524 1213 1644 1251 ipsius,

250 1260 333 1280 vera
350 1251 384 1280 111
403 1251 620 1291 suggestione
638 1252 674 1282 in
691 1252 847 1283 Romana
865 1252 969 1283 Curia
989 1262 1092 1292 super
1110 1257 1290 1284 contractu
1308 1254 1398 1284 inter
1415 1254 1507 1293 ipsos
1527 1255 1642 1285 matri-

250 1293 389 1325 moniali
407 1292 528 1326 habito
546 1295 763 1335 expressisse,
785 1298 820 1327 et
838 1296 951 1326 omnia
970 1296 1005 1327 in
1024 1295 1223 1336 hujusmodi
1242 1296 1369 1328 Literis
1388 1297 1487 1329 nobis
1506 1297 1644 1329 directis

251 1340 413 1377 suggesta
433 1338 467 1368 in
487 1336 550 1369 hac
569 1341 669 1378 parte
688 1338 871 1369 veritatem
892 1339 1086 1377 continere3
1115 1343 1154 1371 ut
1173 1340 1250 1380 ipsi,
1272 1340 1391 1381 igitur,
1415 1338 1589 1372 ,Iohannes
1611 1343 1646 1372 et

251 1379 274 1412 J
277 1380 412 1413 ohanna
428 1380 563 1422 possint-
582 1382 616 1412 in
635 1382 684 1413 sic
701 1385 879 1413 contracto
896 1382 988 1413 inter
1005 1392 1061 1414 eos
1079 1383 1300 1414 matrimonio
1318 1393 1504 1422 remanere,
1525 1383 1642 1424 hujus-

250 1423 343 1455 modi
364 1424 608 1466 impedimento
632 1424 723 1465 quod
746 1435 788 1456 ex
811 1425 904 1457 dicta
925 1426 1222 1466 consanguinit-ate
1246 1426 1405 1467 provenit
1428 1436 1644 1467 nequaquam

252 1466 422 1507 obstante,
446 1467 666 1500 Auctoritate
688 1467 889 1509 Apostolica
911 1467 1009 1500 nobis
1032 1469 1067 1500 in
1089 1468 1153 1500 hac
1175 1473 1275 1510 parte
1298 1470 1488 1507 commissa,
1514 1469 1644 1501 miseri-

252 1510 401 1542 corditer
418 1511 664 1552 dispensamus,
686 1512 750 1551 [et]
767 1511 897 1553 prolem
915 1522 957 1543 ex
974 1512 1048 1552 ipso
1066 1512 1284 1543 matrimonio
1304 1516 1509 1553 susceptam,
1531 1514 1558 1544 si
1577 1523 1645 1553 qua

252 1555 308 1593 sit,
340 1559 375 1586 et
403 1554 655 1596 suscipiendam
684 1555 903 1587 Auctoritate
933 1556 1090 1596 predicta
1117 1554 1308 1595 legitimam
1340 1555 1553 1587 decernimus
1582 1565 1645 1596 per

254 1597 444 1630 Presentes.
494 1599 551 1637 Et,
571 1598 651 1630 licet
669 1609 757 1631 unus
775 1599 928 1639 ipsorum
948 1599 1134 1638 conjugum
1151 1599 1269 1637 tercio,
1290 1597 1388 1637 alter,
1409 1608 1500 1633 vero,
1523 1603 1646 1639 quarto

253 1640 416 1682 gra-dibus
434 1652 454 1673 a
472 1642 590 1683 stipite
610 1643 780 1673 communi
800 1641 975 1674 distabant
995 1648 1029 1674 et
1048 1643 1201 1677 distant:
1227 1646 1262 1674 et
1279 1642 1369 1683 quod
1389 1641 1476 1674 alter
1493 1643 1646 1682 ipsorum

251 1686 396 1717 distaret
418 1686 525 1716 tercio
549 1685 584 1716 in
608 1685 728 1726 primis
752 1685 879 1717 Literis
902 1685 1101 1726 hujusmodi
1126 1686 1220 1717 facta
1243 1685 1376 1717 mencio
1399 1695 1466 1716 non
1491 1685 1636 1721 fuisset:

252 1728 449 1769 hujusmodi
464 1729 592 1769 primas
606 1729 751 1765 Literas,
770 1729 949 1760 omissione
965 1729 1151 1760 mencionis
1168 1729 1207 1760 de
1223 1729 1392 1760 distant-ia
1406 1728 1503 1760 tercii
1520 1728 1646 1769 gradus

250 1773 396 1814 predicti
421 1783 440 1804 a
464 1773 582 1813 stipite
606 1783 675 1803 non
699 1772 789 1804 facte
813 1773 847 1803 'm
873 1772 976 1804 dictis
999 1772 1125 1803 Literis
1150 1776 1183 1803 et
1209 1770 1536 1812 Dispensacionibus
1561 1772 1645 1812 ipsis

254 1826 469 1856 nequaquam
488 1815 658 1850 obstante„
680 1815 812 1846 validas
831 1819 865 1847 et
881 1814 1089 1846 sufficientes
1108 1815 1179 1845 fore
1198 1818 1231 1846 et
1249 1813 1354 1846 robur
1371 1814 1522 1854 plenarie
1540 1816 1642 1846 firmi-

249 1861 332 1892 tatis
357 1858 493 1897 habere,
521 1860 623 1900 juxta
646 1859 754 1890 felicis
778 1859 1028 1890 recordacionis
1054 1859 1193 1889 Domini
1218 1858 1402 1890 Clementis
1427 1859 1520 1899 Pape
1546 1860 1638 1891 Sexti

253 1903 531 1935 Declaracionem
558 1903 593 1933 in
619 1901 682 1933 hac
709 1905 807 1942 parte
835 1902 974 1939 factam,
1006 1912 1044 1932 ac
1072 1902 1099 1932 si
1127 1901 1167 1933 de
1194 1901 1363 1933 distancia
1390 1904 1487 1934 tercii
1517 1902 1644 1943 gradus

249 1947 396 1988 predicti
415 1948 450 1978 in
469 1946 668 1987 hujusmodi
689 1946 815 1977 Literis
835 1950 869 1977 et
889 1944 1217 1986 Dispensacionibus
1237 1946 1368 1977 mencio
1389 1946 1484 1977 facta
1505 1946 1638 1983 fuisset,

248 1991 468 2023 Auctoritate
480 1989 679 2031 Apostolica
699 1990 805 2021 eciam
825 1989 1048 2020 declaramus.
1084 1989 1126 2020 In
1145 1999 1289 2029 quorum
1308 1989 1459 2021 omnium
1479 1993 1513 2021 et
1530 1989 1642 2028 singu-

248 2035 359 2066 lorum
387 2034 623 2066 testimonium
653 2037 756 2075 atque
785 2032 900 2072 fidem,
930 2036 1106 2073 presentes
1133 2032 1268 2064 Literas
1298 2035 1445 2068 nostras
1477 2033 1548 2064 sive
1578 2032 1642 2064 hoe

248 2076 431 2110 Publicum
448 2077 732 2116 Instrumentum,
756 2075 859 2117 sigilli
879 2076 989 2107 nostri
1010 2076 1216 2116 appensione
1238 2086 1277 2107 ac
1298 2076 1395 2116 signo
1416 2080 1451 2107 et
1471 2074 1642 2116 subscrip-

249 2123 342 2153 cione
363 2120 537 2152 Edmundi
557 2120 598 2152 de
618 2117 869 2159 Malmeshulle,
895 2119 1018 2155 clerici,
1042 2118 1261 2150 Auctoritate
1282 2118 1485 2160 Apostolica,
1505 2119 1642 2151 Notarii

250 2163 385 2196 Publici
408 2168 442 2196 et
464 2164 573 2195 nostri
596 2163 813 2204 Registrarii,
842 2160 1040 2202 subscripti,
1066 2162 1209 2193 fecimus
1234 2165 1268 2193 et
1292 2161 1531 2193 mandavimus
1556 2172 1642 2192 com-

242 2207 522 2239 muniri—Data
539 2210 573 2237 et
589 2210 666 2237 aeta
683 2207 716 2236 in
733 2205 898 2246 Hospicio
916 2210 1044 2239 nostro.
1065 2206 1098 2236 in
1117 2204 1286 2235 Parochia
1303 2205 1417 2236 Sancti
1438 2204 1634 2241 Clementis,

247 2250 414 2285 Martiris,
434 2253 533 2281 extra
547 2248 800 2289 Templebarre,
819 2258 924 2289 prope
942 2247 1127 2279 Civitatem
1146 2247 1428 2282 Londoniensem.
1448 2246 1570 2278 ultimo
1586 2248 1640 2280 die

248 2294 271 2326 J
274 2292 417 2331 armarii,
436 2292 536 2324 Anno
554 2290 596 2323 ab
614 2291 857 2323 Incarnacione
875 2291 1026 2327 Domini,
1049 2290 1234 2322 secundum
1254 2301 1391 2322 cursum
1412 2294 1447 2322 et
1465 2294 1639 2334 computa-

247 2338 377 2368 cionem
394 2335 545 2368 Ecclesie
562 2334 763 2376 Anglieane,
783 2334 850 2366 Mo.
873 2333 1007 2366 CCCmo
1024 2333 1149 2369 lxxixo,
1169 2332 1366 2364 Indiccione
1382 2334 1501 2373 tercia,
1522 2334 1640 2365 Ponti-

246 2381 369 2412 ficatus
389 2379 528 2411 Domini
548 2377 692 2415 Urbani,
715 2377 844 2409 Divina
864 2375 1091 2408 Providencia
1111 2375 1206 2416 Pape
1226 2375 1331 2413 Sexti,
1356 2375 1455 2407 Anno
1478 2377 1635 2409 secundo.

243 2422 464 2455 Prescntibus
485 2426 568 2453 tunc
590 2420 716 2452 ibidem
738 2420 917 2461 Magistris
939 2419 1112 2451 willelmo
1135 2418 1242 2457 Bydei
1267 2418 1397 2459 Legum
1421 2419 1574 2458 Doctori‚
1601 2425 1635 2451 ct

250 2471 368 2498 nostro
381 2464 525 2497 officiali
542 2464 726 2495 Exoniensi
741 2461 939 2503 Principali‚
955 2465 991 2493 et
1003 2462 1150 2503 Hugone
1164 2462 1204 2493 de
1218 2461 1444 2504 Hickelynge,
1465 2462 1637 2494 Canonico

243 2508 454 2551 prebendato
470 2508 504 2538 in
522 2511 641 2538 nostra
656 2506 811 2537 Ecclesia.
827 2505 1013 2545 Collegiata
1034 2505 1149 2536 Sancti
1164 2504 1355 2543 Carentoci,
1371 2515 1409 2536 ac
1428 2505 1503 2537 aliis
1521 2516 1637 2547 quam-

244 2551 400 2595 pluribus
422 2549 570 2583 testibus
593 2549 636 2580 ad
657 2549 824 2589 premissa
844 2548 978 2580 vocatis
1001 2547 1131 2587 pariter
1153 2552 1187 2579 et
1210 2548 1446 2589 rogatis—Et
1470 2559 1543 2590 ego,
1570 2549 1635 2581 Ed-

243 2595 392 2629 mundus
407 2594 448 2626 de
463 2592 712 2630 Malmeshulle,
732 2591 884 2631 clericus,
904 2590 1166 2623 Herefordensis
1182 2589 1347 2630 Diocesis,
1367 2590 1531 2624 Publicus
1548 2592 1635 2624 Auc-

243 2640 385 2672 toritate
404 2636 605 2679 Apostolica
623 2635 802 2674 Notarius,
824 2638 888 2667 etc.

211 2703 482 2746 Ordinations,
514 2700 832 2744 Confirmations,
855 2702 942 2743 etc„
964 2697 1017 2748 by
1037 2697 1106 2735 the
1126 2697 1511 2750 Coadjutor-Bishop
1527 2714 1538 2748 ς
1568 2702 1634 2740 Ad

264 2756 537 2795 celebrandum
559 2754 727 2792 Ordines
746 2759 779 2790 et
799 2753 884 2790 alia
891 2752 1154 2801 facienda,—

209 2812 310 2851 Item,
332 2809 529 2845 Londoniis,
553 2808 660 2839 tercio
681 2807 734 2838 die
755 2806 881 2838 mensis
898 2804 1087 2843 Februarii,
1106 2805 1278 2838 emanavit
1293 2805 1493 2839 commissio
1510 2808 1623 2840 Fratri

294 2871 376 2913 21)
