1987 3062
329 221 422 263 432
550 233 651 267 THE
677 234 917 268 REGISTER
941 235 1000 267 OF
1024 235 1205 268 B1sn0P
1229 235 1629 270 BRANTYNGHAM.

326 333 404 359 AD·
477 337 657 369 tracionem
682 339 831 369 omnium
856 338 1018 369 bonorum
1043 338 1125 369 dicti
1148 338 1310 377 defuncti,
1329 341 1489 379 tanquam
1514 339 1675 378 intestati,
1694 339 1854 376 Elizabet,

326 368 408 426 {331⁰}
479 381 591 411 relicte
608 382 757 422 ejusdem
775 382 935 419 defuncti,
949 392 1056 412 coram
1075 382 1169 412 nobis
1186 383 1400 422 personaliter
1413 383 1627 423 comparenti,
1644 386 1678 413 et
1689 383 1800 423 jurate
1813 383 1854 413 (18

385 421 389 426 ’
414 421 420 427 ”
480 424 682 455 conficiendo
701 425 796 455 fidele
814 425 1043 456 Inventarium
1070 426 1232 455 bonorum
1258 426 1493 465 predictorum,
1511 429 1546 456 et
1562 426 1602 456 de
1626 427 1769 456 fideliter
1792 426 1853 456 sol·
1884 438 1895 449 ·

478 469 586 498 vendo
602 468 714 498 debita
730 468 880 508 ejusdem
897 469 1057 506 defuncti,
1085 469 1321 507 commisimus,
1338 469 1372 499 111
1389 469 1501 499 debita
1525 469 1609 509 juris
1636 469 1743 499 forma
1761 481 1768 507 ;
1795 470 1854 499 has

483 511 611 542 Literas
628 516 757 542 nostras
773 515 936 552 patentes,
961 512 1023 542 sub
1046 512 1153 551 sigillo
1176 516 1300 550 nostro,
1324 513 1481 543 eidemin
1499 513 1737 553 premissorum
1761 513 1853 543 testi-

477 556 626 586 monium
644 555 1030 585 concedentes.—Dated
1050 556 1202 593 London,
1222 557 1239 585 6
1256 556 1348 595 July.

434 611 516 647 The
547 609 641 646 War
673 610 765 647 with
801 610 948 647 France
965 623 975 657 3
1018 610 1076 647 ,De
1107 611 1254 647 orando
1280 624 1356 658 pro
1379 610 1559 647 excercitu
1593 610 1635 646 in
1669 611 1855 648 Pariz'bzcs

488 664 828 709 transmarinis,—

435 718 531 756 ltem,
552 718 740 756 Londoniis,
757 719 790 748 ix
807 718 860 748 die
876 718 970 755 Julii,
990 717 1154 748 Dominus
1172 718 1343 748 mundavit
1355 719 1486 748 Decano
1503 721 1535 748 et
1553 718 1708 757 Capitulo
1727 718 1854 748 Exonie

477 762 517 790 de
528 761 679 791 faciendo
692 762 927 799 Processiones,
940 766 1012 799 eto,
1026 772 1082 801 pro
1094 761 1179 791 felici
1191 762 1402 801 expedicione
1416 761 1544 791 Nobilis
1562 762 1705 798 Domini,
1719 762 1853 792 Domini

478 805 613 838 Thome,
634 804 772 835 Comitis
790 805 1053 844 Bukyngliamie,
1072 807 1103 834 et
1121 806 1304 835 excercitus
1320 805 1371 834 sui
1388 805 1421 835 in
1439 805 1595 835 Partibus
1613 805 1851 843 transmarinis,

477 847 575 887 juxta
608 848 673 878 vim
712 852 746 878 et
777 849 932 878 effectum
957 849 1070 878 Brevis
1098 848 1186 888 Regii
1212 848 1316 878 habiti
1334 848 1366 878 in
1384 848 1444 878 hae
1469 848 1721 887 parte.——Item,
1747 848 1853 878 simile

478 891 675 921 Mandatum
692 891 758 921 fuit
781 892 946 922 directum
971 891 1109 930 singulis
1132 891 1388 922 Arcliidiaconis.
1440 892 1482 921 Et
1506 891 1669 921 Dominus
1693 892 1853 921 concessit

475 934 509 964 xl
526 934 595 964 (lies
613 935 826 973 Indulgencie
842 935 996 964 omnibus
1013 935 1080 964 suis
1097 935 1241 965 subditis
1254 935 1449 974 hujusmodi
1464 935 1689 964 Processiones
1702 934 1850 965 facienti-

478 978 548 1015 bus,
568 978 617 1007 vel
641 988 694 1008 eas
717 978 934 1018 sequentibus
951 988 987 1008 ac
1005 979 1055 1017 pie
1080 978 1260 1008 Dominum
1286 978 1469 1014 orantibus,
1492 982 1529 1007 ut
1545 979 1579 1007 in
1598 978 1728 1011 forma:
1752 978 1849 1008 dura-

475 1023 568 1050 turas
585 1031 759 1061 quousque
776 1022 886 1052 dictus
905 1022 1021 1052 Comes
1037 1031 1187 1051 reversus
1204 1021 1307 1051 fuerit
1323 1022 1364 1052 de
1382 1021 1537 1051 Partibus
1555 1022 1792 1051 transmarinis.

323 1073 384 1103 [fol.
433 1077 699 1123 Dartmouth,
737 1076 943 1113 Belaxacz'o
976 1076 1168 1123 Sequestri
1197 1076 1240 1112 in
1260 1076 1457 1123 fructibus
1488 1076 1648 1112 Ecclesia
1681 1077 1725 1112 dc
1758 1077 1852 1113 Ton-

333 1107 379 1132 '4b.

323 1110 338 1133 δ
390 1110 398 1139 ]
483 1132 602 1176 stalle,
625 1130 861 1167 Auctoritate
880 1130 1096 1177 Apostolica
1115 1130 1216 1166 alias
1235 1130 1520 1177 interpositi,—

432 1185 584 1223 Tliomas,
602 1188 674 1221 etc.,
693 1184 851 1222 Magistro
868 1184 994 1223 Rogero
1017 1183 1058 1213 de
1076 1183 1312 1222 Cliestrefelde,
1332 1184 1463 1214 Hectori
1486 1184 1629 1214 Ecclesie
1653 1183 1851 1214 Parochialis

475 1230 516 1258 (18
541 1228 729 1268 Ipplepene,
753 1230 788 1257 et
812 1227 954 1257 Domino
980 1227 1120 1257 Ricardo
1137 1226 1347 1267 [Holrygge],
1372 1227 1500 1257 Vieario
1525 1228 1690 1267 Perpetuo
1711 1228 1851 1257 Ecclesie

476 1271 675 1302 Parochialis
691 1272 732 1301 (18
750 1271 928 1310 Bryxham,
946 1271 1099 1308 salutem,
1117 1271 1310 1307 etc—Quia
1333 1271 1501 1301 Johannes
1519 1271 1645 1310 Brigge,
1664 1271 1850 1310 Perpetuus

476 1315 625 1346 Vicarius
651 1314 793 1345 Ecclesie
818 1314 1015 1344 parochialis
1039 1314 1080 1344 de
1103 1314 1280 1352 Tonstalle,
1298 1314 1392 1344 nobis
1416 1314 1570 1344 exhibuit
1592 1317 1698 1344 certas
1722 1314 1851 1344 Literas

477 1359 693 1398 Apostolicas,
711 1358 743 1387 in
762 1368 795 1387 se
818 1357 1035 1387 effectualiter
1057 1357 1266 1388 continentes
1289 1358 1456 1396 quomodo
1478 1357 1566 1387 idem
1590 1358 1759 1388 ‚Iohannes
1783 1362 1850 1388 tres

475 1402 668 1433 Sentencias
684 1401 887 1437 diffinitivas,
904 1401 937 1430 in
956 1400 1056 1431 Curia
1072 1401 1229 1438 Romana,
1243 1404 1356 1431 contra
1368 1400 1548 1439 Religiosos
1563 1401 1665 1438 Viros,
1683 1401 1849 1431 Abbatem

475 1449 508 1476 et
522 1446 733 1476 Conventum
747 1444 939 1474 Mouasterii
951 1444 992 1473 de
1004 1444 1113 1481 Torre,
1126 1447 1239 1481 etc.,et
1252 1444 1637 1484 quemdaleillelmum
1654 1444 1848 1484 Haysseche-

475 1489 580 1528 leghe,
608 1489 839 1528 presbiterum,
867 1498 966 1527 super
992 1487 1067 1527 jure
1094 1487 1221 1517 Vicarie
1248 1488 1288 1517 de
1313 1487 1481 1517 Tonstalle
1506 1488 1640 1527 prefate,
1668 1488 1701 1517 in
1726 1498 1849 1527 posses-

476 1533 560 1562 sorio
576 1532 701 1572 judicio
718 1531 899 1571 reportavit
918 1541 925 1568 ;
950 1540 1084 1569 nosque,
1101 1531 1143 1560 ad
1166 1531 1361 1560 instanciam
1386 1531 1488 1570 ipsius
1512 1530 1683 1568 Johannis,
1709 1532 1848 1570 Seques-

475 1578 565 1606 trum
585 1576 616 1605 111
635 1574 803 1605 fructibus
819 1575 907 1604 dicte
924 1574 1061 1611 Vicarie,
1078 1573 1245 1604 occasione
1262 1574 1330 1604 litis
1354 1574 1547 1614 hujusmodi
1571 1574 1650 1604 alias
1673 1574 1849 1612 interposi-

474 1622 557 1656 tum,
576 1618 804 1655 relaxavimus,
822 1617 915 1647 sicud
938 1617 1143 1654 tenebamur,
1169 1620 1203 1647 et
1226 1618 1328 1647 eciam
1352 1621 1466 1647 tenore
1492 1617 1700 1647 presencium
1726 1617 1846 1647 relaxa-

474 1672 575 1699 mus;
611 1662 711 1699 vobis,
739 1661 945 1701 conjunctim
970 1664 1004 1691 et
1028 1660 1169 1698 divisim,
1194 1660 1315 1700 quibus
1346 1671 1453 1700 nuper
1484 1661 1677 1691 Custodiam
1710 1661 1850 1700 predicti

475 1706 646 1745 Sequestri
663 1716 721 1734 nos
739 1704 951 1734 meminimus
968 1703 1177 1740 commisisse,
1195 1704 1438 1734 committimus
1461 1708 1495 1733 et
1519 1703 1715 1734 mandamus
1739 1705 1847 1744 quati-

474 1760 538 1779 nus
557 1748 804 1779 Relaxacionem
824 1747 994 1786 Sequestri
1018 1747 1213 1786 hujusmodi
1238 1748 1382 1787 personis
1406 1757 1547 1786 quarum
1572 1747 1712 1777 interest
1742 1747 1848 1786 publi-

473 1792 564 1829 cetis,
582 1792 737 1831 dictoque
754 1791 900 1821 Jolianni
917 1791 957 1820 (18
973 1791 1138 1820 fructibus
1157 1791 1282 1820 Vicarie
1308 1791 1495 1830 prescripte,
1513 1791 1545 1820 in
1565 1793 1673 1820 vestra
1696 1791 1849 1821 custodia

472 1836 601 1865 racione
618 1834 789 1874 Sequestri
807 1834 980 1864 memorati
996 1833 1228 1871 existentibus,
1247 1834 1380 1871 curetis,
1400 1837 1439 1864 ut
1455 1834 1621 1871 convenit,
1640 1834 1848 1874 respondere.

472 1879 625 1909 —Dated
644 1878 790 1915 London,
811 1878 849 1907 19
866 1877 955 1917 July.

320 1936 414 1963 folffl.
432 1939 673 1976 Stokenham
692 1952 702 1985 3
733 1938 1058 1985 Certificatorium
1077 1938 1220 1985 querele.
1239 1938 1360 1975 delate
1382 1938 1499 1976 Cum‘e
1522 1937 1848 1976 Canticarz'ensi—

487 1993 792 2037 Todewortlze‚—

428 2047 621 2077 Reverende
641 2046 851 2076 discrecionis
874 2045 954 2083 viro,
980 2045 1123 2076 Domino
1148 2045 1286 2076 Officiali
1311 2046 1409 2076 Curie
1434 2045 1693 2083 Cantuariensis,
1711 2048 1768 2076 aut
1794 2045 1849 2075 alii

469 2091 557 2120 dicte
574 2090 672 2121 Curie
697 2089 884 2119 Presidenti
907 2090 1115 2128 cuicumque,
1132 2090 1284 2127 Thomas,
1303 2093 1376 2126 etc„
1396 2089 1630 2126 obedienciam,
1647 2089 1847 2119 etc—Man-

470 2134 587 2163 datum
616 2133 704 2163 dicte
733 2133 841 2171 Curie,
868 2143 889 2162 x
916 2133 1084 2162 Kalendas
1113 2133 1256 2171 Augusti
1282 2131 1338 2172 [223
1363 2131 1469 2172 sum,
1500 2133 1695 2172 recepimus,
1722 2132 1754 2161 in
1788 2132 1847 2162 hec

470 2176 833 2214 verba,——Reverendo‚
852 2180 928 2213 etc„
948 2176 1100 2205 Decanus
1120 2176 1260 2206 Ecclesie
1278 2177 1378 2206 Beate
1402 2176 1503 2206 Mal-ie
1519 2175 1560 2206 (18
1584 2175 1737 2205 Arcubus
1762 2175 1845 2205 Lon-

470 2221 654 2256 doniarum,
675 2219 809 2249 Domini
826 2219 981 2249 Officialis
999 2219 1097 2250 Curie
1116 2219 1374 2256 Cantuariensis,
1394 2219 1427 2249 in
1451 2219 1554 2259 ipsius
1571 2218 1730 2256 absencia,
1750 2218 1846 2249 Com-

470 2263 639 2293 missarius
664 2262 842 2300 Generalis,
860 2263 1091 2298 reverenciam,
1116 2264 1310 2294 etc—Cum
1335 2273 1402 2299 nos,
1426 2263 1460 2292 in
1484 2263 1626 2302 quadam
1646 2262 1752 2292 Causa
1769 2262 1844 2291 sub-

469 2306 641 2337 traccionis
658 2306 855 2336 Divinorum
873 2306 1061 2336 Officiorum
1081 2306 1402 2346 Ministracionisque
1419 2306 1707 2336 Sacramentorum
1732 2308 1767 2335 et
1790 2305 1845 2335 Sa-

469 2350 721 2379 cramentalium
739 2349 779 2379 ad
798 2349 960 2389 prefatam
979 2349 1112 2380 Curiam
1130 2349 1277 2388 legitime
1293 2349 1458 2386 devoluta,
1477 2359 1540 2389 que
1558 2349 1590 2378 in
1615 2348 1728 2378 eadem
1746 2348 1845 2378 verti-

470 2397 527 2423 tur
543 2393 630 2422 inter
641 2393 844 2422 XVillelmum
864 2393 967 2431 Style,
982 2392 1142 2422 'rhomam
1161 2394 1281 2432 Govys,
1294 2392 1480 2422 ι10111111118111
1499 2392 1642 2431 Martyn,
1657 2391 1844 2422 ‚Johannem

471 2436 587 2475 Colyn,
605 2436 772 2466 Audream
791 2439 860 2465 atte
878 2436 1013 2473 Fursen,
1031 2438 1065 2465 et
1083 2435 1275 2466 Michaelem
1288 2436 1421 2474 Sanger,
1436 2446 1472 2465 ac
1491 2439 1614 2465 ceteros
1632 2434 1844 2474 parochianos

469 2480 614 2510 Ecclesie
633 2479 829 2508 Parochialis
846 2479 914 2508 sive
939 2479 1070 2518 Capelle
1094 2479 1135 2508 (18
1159 2479 1338 2516 Shirforde,
1355 2479 1453 2518 juxta
1477 2478 1692 2515 Stokenham,
1710 2478 1842 2507 Partem

470 2522 634 2559 actricem,
654 2533 693 2552 ex
711 2525 804 2561 parte
821 2532 897 2558 una,
917 2525 951 2552 et
968 2522 1149 2551 Dominum
1168 2522 1374 2552 lVillelmum
1392 2522 1549 2559 Clistone,
1568 2522 1769 2560 Perpetuum
1788 2520 1842 2550 Vi-

469 2566 592 2595 carium
614 2565 754 2595 Ecclesie
771 2566 811 2594 de
828 2565 1032 2595 Stokenham
1051 2565 1207 2604 predicta,
1232 2566 1364 2596 Partem
1382 2575 1481 2603 ream,
1499 2576 1538 2595 ex
1555 2565 1669 2601 altera,
1696 2564 1842 2603 legitime

469 2619 527 2649 pro
545 2609 762 2639 Ordinaeione
779 2608 866 2638 dicte
882 2608 1019 2646 Vicat-ie,
1037 2618 1092 2638 seu
1112 2619 1188 2639 vera
1211 2608 1303 2648 eopia
1326 2608 1476 2648 ejusdem
1500 2608 1532 2638 in
1559 2607 1709 2646 Registro
1733 2609 1840 2637 vestro

469 2652 642 2690 existente,
674 2651 707 2681 in
739 2652 926 2681 subsidium
957 2651 1161 2691 probacionis
1184 2652 1382 2682 intencionis
1405 2651 1492 2681 dicte
1517 2651 1624 2681 Partis
1648 2650 1785 2687 actricis,
1809 2649 1841 2679 in

471 2696 614 2735 quadam
641 2695 865 2734 proposicione
882 2694 915 2724 in
932 2695 1076 2724 termino
1093 2695 1134 2725 ad
1151 2695 1402 2735 proponendum
1427 2694 1538 2724 omnia
1554 2694 1587 2724 in
1612 2694 1700 2724 facto
1723 2692 1840 2723 consis-

470 2738 577 2768 toneia
601 2739 632 2767 111
658 2739 803 2767 secunda
826 2738 988 2767 instancia
1012 2738 1044 2767 in
1069 2737 1167 2768 (lictis
1193 2739 1299 2769 Causa
1322 2741 1355 2768 et
1380 2738 1478 2768 Curia
1495 2737 1659 2776 assignato
1676 2735 1840 2776 proposita

468 2782 620 2818 deducte,
638 2781 678 2811 ad
696 2781 832 2810 eandem
851 2781 983 2811 Curiam
1001 2782 1269 2819 transmittenda,
1287 2781 1373 2811 facta
1390 2781 1454 2811 fide
1470 2791 1535 2820 que
1551 2781 1592 2810 de
1614 2779 1689 2820 jure
1705 2778 1839 2819 requiri-

468 2824 566 2854 turin
581 2824 640 2854 hae
652 2827 757 2864 parte,
771 2824 982 2854 scribendum
994 2824 1080 2855 forte
1091 2825 1341 2863 decreverimus,
1355 2823 1487 2865 justicia
1499 2823 1659 2854 suadente
1670 2833 1677 2861 ;
1691 2821 1840 2862 quocirca
