<?xml version="1.0" encoding="UTF-8"?>
<!DOCTYPE html PUBLIC "-//W3C//DTD XHTML 1.0 Transitional//EN"
    "http://www.w3.org/TR/xhtml1/DTD/xhtml1-transitional.dtd">
<html xmlns="http://www.w3.org/1999/xhtml" xml:lang="en" lang="en">
 <head>
  <title>
</title>
<meta http-equiv="Content-Type" content="text/html;charset=utf-8" />
  <meta name='ocr-system' content='tesseract 3.04.00' />
  <meta name='ocr-capabilities' content='ocr_page ocr_carea ocr_par ocr_line ocrx_word'/>
</head>
<body>
  <div class='ocr_page' id='page_1' title='image "./registerofthomas01cathuoft_0025.png"; bbox 0 0 1987 3062; ppageno 0'>
   <div class='ocr_carea' id='block_1_1' title="bbox 95 309 218 437">
    <p class='ocr_par' dir='ltr' id='par_1_1' title="bbox 95 309 182 407">
     <span class='ocr_line' id='line_1_1' title="bbox 97 309 182 339; baseline 0.012 -5"><span class='ocrx_word' id='word_1_1' title='bbox 97 309 182 339; x_wconf 88' lang='lat' dir='ltr'>[A.D.</span> 
     </span>
     <span class='ocr_line' id='line_1_2' title="bbox 97 344 178 369; baseline 0.012 -1"><span class='ocrx_word' id='word_1_2' title='bbox 97 344 178 369; x_wconf 86' lang='lat'>1369·</span> 
     </span>
     <span class='ocr_line' id='line_1_3' title="bbox 95 376 148 407; baseline 0 -5"><span class='ocrx_word' id='word_1_3' title='bbox 95 376 148 407; x_wconf 91' lang='lat'>70].</span> 
     </span>
    </p>

    <p class='ocr_par' dir='ltr' id='par_1_2' title="bbox 100 410 218 437">
     <span class='ocr_line' id='line_1_4' title="bbox 100 410 218 437; baseline 0.025 -3"><span class='ocrx_word' id='word_1_4' title='bbox 100 410 160 436; x_wconf 77' lang='lat' dir='ltr'>Vol.</span> <span class='ocrx_word' id='word_1_5' title='bbox 178 411 218 437; x_wconf 87' lang='lat' dir='ltr'>II.</span> 
     </span>
    </p>
   </div>
   <div class='ocr_carea' id='block_1_2' title="bbox 96 1904 201 1932">
    <p class='ocr_par' dir='ltr' id='par_1_3' title="bbox 96 1904 201 1932">
     <span class='ocr_line' id='line_1_5' title="bbox 96 1904 201 1932; baseline 0.019 -2"><span class='ocrx_word' id='word_1_6' title='bbox 96 1904 146 1931; x_wconf 75' lang='lat' dir='ltr'>fol.</span> <span class='ocrx_word' id='word_1_7' title='bbox 157 1906 201 1932; x_wconf 85' lang='lat' dir='ltr'>2b.</span> 
     </span>
    </p>
   </div>
   <div class='ocr_carea' id='block_1_3' title="bbox 401 198 1636 245">
    <p class='ocr_par' dir='ltr' id='par_1_4' title="bbox 401 198 1636 245">
     <span class='ocr_line' id='line_1_6' title="bbox 401 198 1636 245; baseline 0.005 -6"><span class='ocrx_word' id='word_1_8' title='bbox 401 207 580 241; x_wconf 83' lang='lat' dir='ltr'>BISHOP</span> <span class='ocrx_word' id='word_1_9' title='bbox 614 207 818 241; x_wconf 80' lang='lat' dir='ltr'>THOMAs</span> <span class='ocrx_word' id='word_1_10' title='bbox 855 208 920 240; x_wconf 84' lang='lat' dir='ltr'>DE</span> <span class='ocrx_word' id='word_1_11' title='bbox 955 208 1356 245; x_wconf 76' lang='lat' dir='ltr'><strong>BRANTYNGHAM.</strong></span> <span class='ocrx_word' id='word_1_12' title='bbox 1611 198 1636 244; x_wconf 88' lang='grc'>7</span> 
     </span>
    </p>
   </div>
   <div class='ocr_carea' id='block_1_4' title="bbox 257 311 1637 1877">
    <p class='ocr_par' dir='ltr' id='par_1_5' title="bbox 257 311 1637 1877">
     <span class='ocr_line' id='line_1_7' title="bbox 259 311 1633 361; baseline 0.003 -14"><span class='ocrx_word' id='word_1_13' title='bbox 259 322 308 348; x_wconf 91' lang='lat' dir='ltr'>ne</span> <span class='ocrx_word' id='word_1_14' title='bbox 348 311 525 348; x_wconf 79' lang='lat' dir='ltr'>Ecclesia</span> <span class='ocrx_word' id='word_1_15' title='bbox 562 312 648 360; x_wconf 90' lang='lat' dir='ltr'>ipsa</span> <span class='ocrx_word' id='word_1_16' title='bbox 686 312 801 361; x_wconf 82' lang='lat' dir='ltr'>longe</span> <span class='ocrx_word' id='word_1_17' title='bbox 840 313 1062 350; x_wconf 89' lang='lat' dir='ltr'>vacacionis</span> <span class='ocrx_word' id='word_1_18' title='bbox 1101 312 1327 361; x_wconf 87' lang='lat' dir='ltr'>subjaceret</span> <span class='ocrx_word' id='word_1_19' title='bbox 1364 313 1633 359; x_wconf 78' lang='lat' dir='ltr'>incommodis,</span> 
     </span>
     <span class='ocr_line' id='line_1_8' title="bbox 257 366 1635 416; baseline 0.002 -15"><span class='ocrx_word' id='word_1_20' title='bbox 257 366 436 414; x_wconf 89' lang='lat' dir='ltr'>paternis</span> <span class='ocrx_word' id='word_1_21' title='bbox 456 368 497 403; x_wconf 89' lang='lat' dir='ltr'>et</span> <span class='ocrx_word' id='word_1_22' title='bbox 523 366 687 402; x_wconf 88' lang='lat' dir='ltr'>solicitis</span> <span class='ocrx_word' id='word_1_23' title='bbox 716 366 860 403; x_wconf 90' lang='lat' dir='ltr'>studiis</span> <span class='ocrx_word' id='word_1_24' title='bbox 889 367 1156 413; x_wconf 89' lang='lat' dir='ltr'>intendentes,</span> <span class='ocrx_word' id='word_1_25' title='bbox 1187 372 1277 416; x_wconf 88' lang='lat' dir='ltr'>post</span> <span class='ocrx_word' id='word_1_26' title='bbox 1306 367 1635 405; x_wconf 74' lang='lat' dir='ltr'>deliberacionem</span> 
     </span>
     <span class='ocr_line' id='line_1_9' title="bbox 259 418 1636 470; baseline 0.002 -15"><span class='ocrx_word' id='word_1_27' title='bbox 259 432 377 467; x_wconf 91' lang='lat' dir='ltr'>quam</span> <span class='ocrx_word' id='word_1_28' title='bbox 397 418 446 456; x_wconf 92' lang='lat' dir='ltr'>de</span> <span class='ocrx_word' id='word_1_29' title='bbox 460 419 699 468; x_wconf 87' lang='lat' dir='ltr'>preficiendo</span> <span class='ocrx_word' id='word_1_30' title='bbox 719 419 846 457; x_wconf 91' lang='lat' dir='ltr'>eidem</span> <span class='ocrx_word' id='word_1_31' title='bbox 865 420 1038 458; x_wconf 90' lang='lat' dir='ltr'>Ecclesie</span> <span class='ocrx_word' id='word_1_32' title='bbox 1057 434 1267 470; x_wconf 77' lang='lat' dir='ltr'>personam</span> <span class='ocrx_word' id='word_1_33' title='bbox 1288 422 1427 459; x_wconf 87' lang='lat' dir='ltr'>utilem</span> <span class='ocrx_word' id='word_1_34' title='bbox 1447 435 1492 458; x_wconf 89' lang='lat' dir='ltr'>ac</span> <span class='ocrx_word' id='word_1_35' title='bbox 1513 422 1636 459; x_wconf 88' lang='lat' dir='ltr'>eciam</span> 
     </span>
     <span class='ocr_line' id='line_1_10' title="bbox 258 472 1633 525; baseline 0.002 -16"><span class='ocrx_word' id='word_1_36' title='bbox 258 472 504 510; x_wconf 70' lang='lat' dir='ltr'>fructuosam</span> <span class='ocrx_word' id='word_1_37' title='bbox 550 473 763 510; x_wconf 84' lang='lat' dir='ltr'>habuimus</span> <span class='ocrx_word' id='word_1_38' title='bbox 809 487 899 511; x_wconf 91' lang='lat' dir='ltr'>cum</span> <span class='ocrx_word' id='word_1_39' title='bbox 947 474 1157 512; x_wconf 87' lang='lat' dir='ltr'>Fratribus</span> <span class='ocrx_word' id='word_1_40' title='bbox 1205 476 1351 512; x_wconf 88' lang='lat' dir='ltr'>nostris</span> <span class='ocrx_word' id='word_1_41' title='bbox 1390 475 1633 525; x_wconf 72' lang='lat' dir='ltr'>diligentem,</span> 
     </span>
     <span class='ocr_line' id='line_1_11' title="bbox 258 525 1634 576; baseline 0.002 -13"><span class='ocrx_word' id='word_1_42' title='bbox 258 525 417 564; x_wconf 90' lang='lat' dir='ltr'>demum</span> <span class='ocrx_word' id='word_1_43' title='bbox 437 526 487 564; x_wconf 91' lang='lat' dir='ltr'>ad</span> <span class='ocrx_word' id='word_1_44' title='bbox 507 527 709 576; x_wconf 78' lang='lat' dir='ltr'>prefatum</span> <span class='ocrx_word' id='word_1_45' title='bbox 729 527 921 564; x_wconf 88' lang='lat' dir='ltr'>Thomam</span> <span class='ocrx_word' id='word_1_46' title='bbox 942 529 1135 574; x_wconf 89' lang='lat' dir='ltr'>Electum,</span> <span class='ocrx_word' id='word_1_47' title='bbox 1158 528 1207 566; x_wconf 91' lang='lat' dir='ltr'>de</span> <span class='ocrx_word' id='word_1_48' title='bbox 1226 529 1434 566; x_wconf 86' lang='lat' dir='ltr'>literarum</span> <span class='ocrx_word' id='word_1_49' title='bbox 1455 530 1634 575; x_wconf 85' lang='lat' dir='ltr'>sciencia,</span> 
     </span>
     <span class='ocr_line' id='line_1_12' title="bbox 259 581 1635 632; baseline 0.002 -15"><span class='ocrx_word' id='word_1_50' title='bbox 259 581 342 618; x_wconf 90' lang='lat' dir='ltr'>vite</span> <span class='ocrx_word' id='word_1_51' title='bbox 361 594 407 618; x_wconf 90' lang='lat' dir='ltr'>ac</span> <span class='ocrx_word' id='word_1_52' title='bbox 427 594 581 618; x_wconf 92' lang='lat' dir='ltr'>morum</span> <span class='ocrx_word' id='word_1_53' title='bbox 600 581 821 627; x_wconf 88' lang='lat' dir='ltr'>honestate,</span> <span class='ocrx_word' id='word_1_54' title='bbox 844 583 1113 631; x_wconf 74' lang='lat' dir='ltr'>spiritualium</span> <span class='ocrx_word' id='word_1_55' title='bbox 1129 583 1386 632; x_wconf 73' lang='lat' dir='ltr'>providencia</span> <span class='ocrx_word' id='word_1_56' title='bbox 1406 587 1447 621; x_wconf 90' lang='lat' dir='ltr'>et</span> <span class='ocrx_word' id='word_1_57' title='bbox 1466 588 1635 632; x_wconf 90' lang='lat' dir='ltr'>tempor-</span> 
     </span>
     <span class='ocr_line' id='line_1_13' title="bbox 258 634 1636 686; baseline 0.004 -16"><span class='ocrx_word' id='word_1_58' title='bbox 258 634 381 671; x_wconf 86' lang='lat' dir='ltr'>alium</span> <span class='ocrx_word' id='word_1_59' title='bbox 409 635 773 684; x_wconf 85' lang='lat' dir='ltr'>circumspeccione,</span> <span class='ocrx_word' id='word_1_60' title='bbox 805 640 846 673; x_wconf 92' lang='lat' dir='ltr'>et</span> <span class='ocrx_word' id='word_1_61' title='bbox 874 636 962 673; x_wconf 87' lang='lat' dir='ltr'>aliis</span> <span class='ocrx_word' id='word_1_62' title='bbox 992 637 1191 673; x_wconf 88' lang='lat' dir='ltr'>virtutum</span> <span class='ocrx_word' id='word_1_63' title='bbox 1220 638 1383 683; x_wconf 87' lang='lat' dir='ltr'>meritis,</span> <span class='ocrx_word' id='word_1_64' title='bbox 1406 641 1525 686; x_wconf 88' lang='lat' dir='ltr'>prout</span> <span class='ocrx_word' id='word_1_65' title='bbox 1545 637 1636 675; x_wconf 90' lang='lat' dir='ltr'>fide-</span> 
     </span>
     <span class='ocr_line' id='line_1_14' title="bbox 259 687 1635 740; baseline 0.003 -16"><span class='ocrx_word' id='word_1_66' title='bbox 259 687 470 737; x_wconf 83' lang='lat' dir='ltr'>dignorum</span> <span class='ocrx_word' id='word_1_67' title='bbox 490 690 719 726; x_wconf 90' lang='lat' dir='ltr'>testimonio</span> <span class='ocrx_word' id='word_1_68' title='bbox 739 690 971 739; x_wconf 86' lang='lat' dir='ltr'>accepimus,</span> <span class='ocrx_word' id='word_1_69' title='bbox 994 691 1242 740; x_wconf 85' lang='lat' dir='ltr'>insignitum,</span> <span class='ocrx_word' id='word_1_70' title='bbox 1265 691 1483 729; x_wconf 78' lang='lat' dir='ltr'>direximus</span> <span class='ocrx_word' id='word_1_71' title='bbox 1503 692 1635 728; x_wconf 90' lang='lat' dir='ltr'>oculos</span> 
     </span>
     <span class='ocr_line' id='line_1_15' title="bbox 258 743 1635 794; baseline 0.002 -15"><span class='ocrx_word' id='word_1_72' title='bbox 258 746 393 780; x_wconf 90' lang='lat' dir='ltr'>nostre</span> <span class='ocrx_word' id='word_1_73' title='bbox 421 743 577 780; x_wconf 90' lang='lat' dir='ltr'>mentis.</span> <span class='ocrx_word' id='word_1_74' title='bbox 638 743 791 788; x_wconf 78' lang='lat' dir='ltr'>Quibus</span> <span class='ocrx_word' id='word_1_75' title='bbox 821 744 1015 790; x_wconf 89' lang='lat' dir='ltr'>omnibus,</span> <span class='ocrx_word' id='word_1_76' title='bbox 1048 758 1201 782; x_wconf 87' lang='lat' dir='ltr'>necnon</span> <span class='ocrx_word' id='word_1_77' title='bbox 1230 745 1429 782; x_wconf 89' lang='lat' dir='ltr'>dictorum</span> <span class='ocrx_word' id='word_1_78' title='bbox 1457 745 1635 794; x_wconf 85' lang='lat' dir='ltr'>Capituli</span> 
     </span>
     <span class='ocr_line' id='line_1_16' title="bbox 258 796 1636 847; baseline 0.003 -15"><span class='ocrx_word' id='word_1_79' title='bbox 258 796 385 845; x_wconf 88' lang='lat' dir='ltr'>ipsam</span> <span class='ocrx_word' id='word_1_80' title='bbox 401 796 591 833; x_wconf 89' lang='lat' dir='ltr'>Thomam</span> <span class='ocrx_word' id='word_1_81' title='bbox 607 797 843 847; x_wconf 82' lang='lat' dir='ltr'>eligencium</span> <span class='ocrx_word' id='word_1_82' title='bbox 859 798 1043 835; x_wconf 89' lang='lat' dir='ltr'>concordi</span> <span class='ocrx_word' id='word_1_83' title='bbox 1060 799 1279 845; x_wconf 87' lang='lat' dir='ltr'>voluntate,</span> <span class='ocrx_word' id='word_1_84' title='bbox 1297 803 1457 836; x_wconf 86' lang='lat' dir='ltr'>attenta</span> <span class='ocrx_word' id='word_1_85' title='bbox 1472 799 1636 836; x_wconf 88' lang='lat' dir='ltr'>medita-</span> 
     </span>
     <span class='ocr_line' id='line_1_17' title="bbox 258 850 1635 902; baseline 0.003 -15"><span class='ocrx_word' id='word_1_86' title='bbox 258 850 369 887; x_wconf 92' lang='lat' dir='ltr'>cione</span> <span class='ocrx_word' id='word_1_87' title='bbox 388 851 576 899; x_wconf 75' lang='lat' dir='ltr'>pensatis,</span> <span class='ocrx_word' id='word_1_88' title='bbox 599 850 647 888; x_wconf 90' lang='lat' dir='ltr'>de</span> <span class='ocrx_word' id='word_1_89' title='bbox 667 864 835 900; x_wconf 88' lang='lat' dir='ltr'>persona</span> <span class='ocrx_word' id='word_1_90' title='bbox 854 852 1025 900; x_wconf 89' lang='lat' dir='ltr'>predicti</span> <span class='ocrx_word' id='word_1_91' title='bbox 1046 853 1193 890; x_wconf 90' lang='lat' dir='ltr'>Thome</span> <span class='ocrx_word' id='word_1_92' title='bbox 1212 853 1368 902; x_wconf 82' lang='lat' dir='ltr'>prefate</span> <span class='ocrx_word' id='word_1_93' title='bbox 1383 854 1568 899; x_wconf 88' lang='lat' dir='ltr'>Ecclesie,</span> <span class='ocrx_word' id='word_1_94' title='bbox 1586 853 1635 891; x_wconf 90' lang='lat' dir='ltr'>de</span> 
     </span>
     <span class='ocr_line' id='line_1_18' title="bbox 258 903 1636 956; baseline 0.003 -16"><span class='ocrx_word' id='word_1_95' title='bbox 258 903 455 941; x_wconf 88' lang='lat' dir='ltr'>dictorum</span> <span class='ocrx_word' id='word_1_96' title='bbox 486 905 674 941; x_wconf 75' lang='lat' dir='ltr'>Fratrum</span> <span class='ocrx_word' id='word_1_97' title='bbox 704 906 876 951; x_wconf 89' lang='lat' dir='ltr'>consilio,</span> <span class='ocrx_word' id='word_1_98' title='bbox 908 907 1168 944; x_wconf 88' lang='lat' dir='ltr'>Auctoritate</span> <span class='ocrx_word' id='word_1_99' title='bbox 1199 908 1433 956; x_wconf 88' lang='lat' dir='ltr'>Apostolica</span> <span class='ocrx_word' id='word_1_100' title='bbox 1465 907 1636 956; x_wconf 88' lang='lat' dir='ltr'>providi-</span> 
     </span>
     <span class='ocr_line' id='line_1_19' title="bbox 258 959 1636 1010; baseline 0.003 -16"><span class='ocrx_word' id='word_1_101' title='bbox 258 971 356 1003; x_wconf 85' lang='lat' dir='ltr'>mus,</span> <span class='ocrx_word' id='word_1_102' title='bbox 396 959 604 1008; x_wconf 89' lang='lat' dir='ltr'>ipsumque</span> <span class='ocrx_word' id='word_1_103' title='bbox 638 959 830 996; x_wconf 89' lang='lat' dir='ltr'>Thomam</span> <span class='ocrx_word' id='word_1_104' title='bbox 868 960 927 996; x_wconf 91' lang='lat' dir='ltr'>illi</span> <span class='ocrx_word' id='word_1_105' title='bbox 960 960 1197 1009; x_wconf 81' lang='lat' dir='ltr'>prefecimus</span> <span class='ocrx_word' id='word_1_106' title='bbox 1235 962 1277 997; x_wconf 90' lang='lat' dir='ltr'>in</span> <span class='ocrx_word' id='word_1_107' title='bbox 1317 962 1557 1010; x_wconf 87' lang='lat' dir='ltr'>Episcopum</span> <span class='ocrx_word' id='word_1_108' title='bbox 1595 966 1636 999; x_wconf 91' lang='lat' dir='ltr'>et</span> 
     </span>
     <span class='ocr_line' id='line_1_20' title="bbox 259 1012 1635 1064; baseline 0.003 -16"><span class='ocrx_word' id='word_1_109' title='bbox 259 1012 477 1058; x_wconf 86' lang='lat' dir='ltr'>Pastorem,</span> <span class='ocrx_word' id='word_1_110' title='bbox 500 1026 635 1050; x_wconf 89' lang='lat' dir='ltr'>curam</span> <span class='ocrx_word' id='word_1_111' title='bbox 659 1017 700 1050; x_wconf 87' lang='lat' dir='ltr'>et</span> <span class='ocrx_word' id='word_1_112' title='bbox 729 1013 1121 1052; x_wconf 89' lang='lat' dir='ltr'>administracionem</span> <span class='ocrx_word' id='word_1_113' title='bbox 1150 1015 1274 1064; x_wconf 91' lang='lat' dir='ltr'>ipsius</span> <span class='ocrx_word' id='word_1_114' title='bbox 1305 1016 1479 1052; x_wconf 88' lang='lat' dir='ltr'>Ecclesie</span> <span class='ocrx_word' id='word_1_115' title='bbox 1508 1015 1635 1053; x_wconf 91' lang='lat' dir='ltr'>eidem</span> 
     </span>
     <span class='ocr_line' id='line_1_21' title="bbox 259 1065 1636 1118; baseline 0.002 -16"><span class='ocrx_word' id='word_1_116' title='bbox 259 1065 406 1104; x_wconf 86' lang='lat' dir='ltr'>Thome</span> <span class='ocrx_word' id='word_1_117' title='bbox 428 1067 567 1104; x_wconf 88' lang='lat' dir='ltr'>Electo</span> <span class='ocrx_word' id='word_1_118' title='bbox 596 1068 637 1103; x_wconf 92' lang='lat' dir='ltr'>in</span> <span class='ocrx_word' id='word_1_119' title='bbox 658 1067 934 1116; x_wconf 82' lang='lat' dir='ltr'>spiritualibus</span> <span class='ocrx_word' id='word_1_120' title='bbox 964 1072 1005 1105; x_wconf 90' lang='lat' dir='ltr'>et</span> <span class='ocrx_word' id='word_1_121' title='bbox 1034 1069 1319 1118; x_wconf 84' lang='lat' dir='ltr'>temporalibus</span> <span class='ocrx_word' id='word_1_122' title='bbox 1340 1070 1516 1118; x_wconf 82' lang='lat' dir='ltr'>plenarie</span> <span class='ocrx_word' id='word_1_123' title='bbox 1536 1083 1636 1106; x_wconf 89' lang='lat' dir='ltr'>com-</span> 
     </span>
     <span class='ocr_line' id='line_1_22' title="bbox 259 1120 1636 1172; baseline 0.003 -16"><span class='ocrx_word' id='word_1_124' title='bbox 259 1120 483 1167; x_wconf 78' lang='lat' dir='ltr'>mittendo,¹</span> <span class='ocrx_word' id='word_1_125' title='bbox 540 1121 653 1158; x_wconf 87' lang='lat' dir='ltr'>firma</span> <span class='ocrx_word' id='word_1_126' title='bbox 700 1135 767 1170; x_wconf 90' lang='lat' dir='ltr'>spe</span> <span class='ocrx_word' id='word_1_127' title='bbox 815 1122 1036 1172; x_wconf 88' lang='lat' dir='ltr'>fiduciaque</span> <span class='ocrx_word' id='word_1_128' title='bbox 1083 1124 1284 1172; x_wconf 90' lang='lat' dir='ltr'>conceptis</span> <span class='ocrx_word' id='word_1_129' title='bbox 1331 1123 1435 1172; x_wconf 87' lang='lat' dir='ltr'>quod</span> <span class='ocrx_word' id='word_1_130' title='bbox 1478 1123 1636 1172; x_wconf 82' lang='lat' dir='ltr'>prefata</span> 
     </span>
     <span class='ocr_line' id='line_1_23' title="bbox 260 1174 1636 1226; baseline 0.003 -16"><span class='ocrx_word' id='word_1_131' title='bbox 260 1174 446 1220; x_wconf 86' lang='lat' dir='ltr'>Ecclesia,</span> <span class='ocrx_word' id='word_1_132' title='bbox 483 1174 626 1211; x_wconf 80' lang='lat' dir='ltr'>Gracia</span> <span class='ocrx_word' id='word_1_133' title='bbox 660 1175 736 1212; x_wconf 89' lang='lat' dir='ltr'>sibi</span> <span class='ocrx_word' id='word_1_134' title='bbox 766 1177 979 1214; x_wconf 83' lang='lat' dir='ltr'>assistente</span> <span class='ocrx_word' id='word_1_135' title='bbox 1018 1177 1177 1222; x_wconf 88' lang='lat' dir='ltr'>Divina,</span> <span class='ocrx_word' id='word_1_136' title='bbox 1218 1190 1288 1226; x_wconf 88' lang='lat' dir='ltr'>per</span> <span class='ocrx_word' id='word_1_137' title='bbox 1326 1178 1449 1226; x_wconf 91' lang='lat' dir='ltr'>ipsius</span> <span class='ocrx_word' id='word_1_138' title='bbox 1487 1177 1636 1215; x_wconf 90' lang='lat' dir='ltr'>Thome</span> 
     </span>
     <span class='ocr_line' id='line_1_24' title="bbox 260 1228 1637 1280; baseline 0.003 -16"><span class='ocrx_word' id='word_1_139' title='bbox 260 1228 390 1265; x_wconf 88' lang='lat' dir='ltr'>Electi</span> <span class='ocrx_word' id='word_1_140' title='bbox 417 1229 782 1277; x_wconf 87' lang='lat' dir='ltr'>circumspeccionis</span> <span class='ocrx_word' id='word_1_141' title='bbox 811 1229 1051 1267; x_wconf 86' lang='lat' dir='ltr'>industriam</span> <span class='ocrx_word' id='word_1_142' title='bbox 1080 1234 1121 1267; x_wconf 89' lang='lat' dir='ltr'>et</span> <span class='ocrx_word' id='word_1_143' title='bbox 1148 1230 1445 1280; x_wconf 79' lang='lat' dir='ltr'>providenciam</span> <span class='ocrx_word' id='word_1_144' title='bbox 1474 1232 1637 1268; x_wconf 90' lang='lat' dir='ltr'>circum-</span> 
     </span>
     <span class='ocr_line' id='line_1_25' title="bbox 259 1282 1636 1332; baseline 0.002 -14"><span class='ocrx_word' id='word_1_145' title='bbox 259 1285 435 1330; x_wconf 90' lang='lat' dir='ltr'>spectam</span> <span class='ocrx_word' id='word_1_146' title='bbox 455 1282 630 1319; x_wconf 89' lang='lat' dir='ltr'>salubria</span> <span class='ocrx_word' id='word_1_147' title='bbox 649 1283 838 1332; x_wconf 87' lang='lat' dir='ltr'>suscipiet</span> <span class='ocrx_word' id='word_1_148' title='bbox 866 1284 1121 1322; x_wconf 88' lang='lat' dir='ltr'>incrementa.</span> <span class='ocrx_word' id='word_1_149' title='bbox 1182 1285 1374 1329; x_wconf 78' lang='lat' dir='ltr'>Quocirca</span> <span class='ocrx_word' id='word_1_150' title='bbox 1403 1285 1636 1323; x_wconf 90' lang='lat' dir='ltr'>discrecioni</span> 
     </span>
     <span class='ocr_line' id='line_1_26' title="bbox 260 1337 1635 1387; baseline 0.002 -15"><span class='ocrx_word' id='word_1_151' title='bbox 260 1340 391 1373; x_wconf 88' lang='lat' dir='ltr'>vestre</span> <span class='ocrx_word' id='word_1_152' title='bbox 419 1349 489 1384; x_wconf 91' lang='lat' dir='ltr'>per</span> <span class='ocrx_word' id='word_1_153' title='bbox 518 1337 751 1385; x_wconf 86' lang='lat' dir='ltr'>Apostolica</span> <span class='ocrx_word' id='word_1_154' title='bbox 781 1338 938 1386; x_wconf 81' lang='lat' dir='ltr'>Scripta</span> <span class='ocrx_word' id='word_1_155' title='bbox 969 1338 1203 1375; x_wconf 83' lang='lat' dir='ltr'>mandamus</span> <span class='ocrx_word' id='word_1_156' title='bbox 1233 1340 1433 1387; x_wconf 88' lang='lat' dir='ltr'>quatinus,</span> <span class='ocrx_word' id='word_1_157' title='bbox 1465 1339 1635 1377; x_wconf 91' lang='lat' dir='ltr'>eundem</span> 
     </span>
     <span class='ocr_line' id='line_1_27' title="bbox 260 1389 1635 1440; baseline 0.004 -15"><span class='ocrx_word' id='word_1_158' title='bbox 260 1389 452 1426; x_wconf 89' lang='lat' dir='ltr'>Thomam</span> <span class='ocrx_word' id='word_1_159' title='bbox 477 1390 660 1427; x_wconf 85' lang='lat' dir='ltr'>Electum</span> <span class='ocrx_word' id='word_1_160' title='bbox 692 1394 884 1440; x_wconf 88' lang='lat' dir='ltr'>tanquam</span> <span class='ocrx_word' id='word_1_161' title='bbox 914 1392 1076 1429; x_wconf 90' lang='lat' dir='ltr'>Patrem</span> <span class='ocrx_word' id='word_1_162' title='bbox 1105 1396 1146 1429; x_wconf 89' lang='lat' dir='ltr'>et</span> <span class='ocrx_word' id='word_1_163' title='bbox 1176 1393 1382 1430; x_wconf 86' lang='lat' dir='ltr'>Pastorem</span> <span class='ocrx_word' id='word_1_164' title='bbox 1411 1394 1635 1430; x_wconf 88' lang='lat' dir='ltr'>animarum</span> 
     </span>
     <span class='ocr_line' id='line_1_28' title="bbox 260 1444 1636 1493; baseline 0.004 -14"><span class='ocrx_word' id='word_1_165' title='bbox 260 1447 484 1480; x_wconf 87' lang='lat' dir='ltr'>vestrarum</span> <span class='ocrx_word' id='word_1_166' title='bbox 503 1448 618 1493; x_wconf 84' lang='lat' dir='ltr'>grato</span> <span class='ocrx_word' id='word_1_167' title='bbox 637 1444 898 1482; x_wconf 87' lang='lat' dir='ltr'>admittentes</span> <span class='ocrx_word' id='word_1_168' title='bbox 918 1446 1076 1491; x_wconf 83' lang='lat' dir='ltr'>honore,</span> <span class='ocrx_word' id='word_1_169' title='bbox 1094 1460 1140 1483; x_wconf 88' lang='lat' dir='ltr'>ac</span> <span class='ocrx_word' id='word_1_170' title='bbox 1159 1446 1394 1484; x_wconf 86' lang='lat' dir='ltr'>exhibentes</span> <span class='ocrx_word' id='word_1_171' title='bbox 1410 1447 1486 1484; x_wconf 89' lang='lat' dir='ltr'>sibi</span> <span class='ocrx_word' id='word_1_172' title='bbox 1506 1447 1636 1484; x_wconf 88' lang='lat' dir='ltr'>obedi-</span> 
     </span>
     <span class='ocr_line' id='line_1_29' title="bbox 260 1498 1636 1550; baseline 0.003 -16"><span class='ocrx_word' id='word_1_173' title='bbox 260 1498 413 1534; x_wconf 88' lang='lat' dir='ltr'>enciam</span> <span class='ocrx_word' id='word_1_174' title='bbox 446 1501 487 1535; x_wconf 90' lang='lat' dir='ltr'>et</span> <span class='ocrx_word' id='word_1_175' title='bbox 525 1499 792 1536; x_wconf 79' lang='lat' dir='ltr'>reverenciam</span> <span class='ocrx_word' id='word_1_176' title='bbox 823 1499 1001 1536; x_wconf 85' lang='lat' dir='ltr'>debitam</span> <span class='ocrx_word' id='word_1_177' title='bbox 1039 1504 1079 1537; x_wconf 93' lang='lat' dir='ltr'>et</span> <span class='ocrx_word' id='word_1_178' title='bbox 1113 1499 1310 1546; x_wconf 88' lang='lat' dir='ltr'>devotam,</span> <span class='ocrx_word' id='word_1_179' title='bbox 1343 1502 1429 1550; x_wconf 85' lang='lat' dir='ltr'>ejus</span> <span class='ocrx_word' id='word_1_180' title='bbox 1461 1501 1636 1538; x_wconf 91' lang='lat' dir='ltr'>salubria</span> 
     </span>
     <span class='ocr_line' id='line_1_30' title="bbox 260 1552 1633 1604; baseline 0.004 -17"><span class='ocrx_word' id='word_1_181' title='bbox 260 1552 412 1588; x_wconf 86' lang='lat' dir='ltr'>monita</span> <span class='ocrx_word' id='word_1_182' title='bbox 438 1552 663 1601; x_wconf 88' lang='lat' dir='ltr'>suscipiatis</span> <span class='ocrx_word' id='word_1_183' title='bbox 692 1552 898 1591; x_wconf 86' lang='lat' dir='ltr'>humiliter</span> <span class='ocrx_word' id='word_1_184' title='bbox 926 1558 967 1591; x_wconf 89' lang='lat' dir='ltr'>et</span> <span class='ocrx_word' id='word_1_185' title='bbox 995 1554 1205 1591; x_wconf 85' lang='lat' dir='ltr'>efficaciter</span> <span class='ocrx_word' id='word_1_186' title='bbox 1233 1554 1449 1604; x_wconf 89' lang='lat' dir='ltr'>adimplere</span> <span class='ocrx_word' id='word_1_187' title='bbox 1476 1556 1633 1592; x_wconf 88' lang='lat' dir='ltr'>curetis.</span> 
     </span>
     <span class='ocr_line' id='line_1_31' title="bbox 260 1605 1637 1656; baseline 0.004 -15"><span class='ocrx_word' id='word_1_188' title='bbox 260 1605 453 1654; x_wconf 90' lang='lat' dir='ltr'>Alioquin</span> <span class='ocrx_word' id='word_1_189' title='bbox 474 1605 727 1643; x_wconf 81' lang='lat' dir='ltr'>Sentenciam</span> <span class='ocrx_word' id='word_1_190' title='bbox 754 1620 871 1656; x_wconf 92' lang='lat' dir='ltr'>quam</span> <span class='ocrx_word' id='word_1_191' title='bbox 900 1607 1005 1645; x_wconf 89' lang='lat' dir='ltr'>idem</span> <span class='ocrx_word' id='word_1_192' title='bbox 1025 1607 1195 1645; x_wconf 89' lang='lat' dir='ltr'>Thomas</span> <span class='ocrx_word' id='word_1_193' title='bbox 1217 1609 1379 1646; x_wconf 89' lang='lat' dir='ltr'>Electus</span> <span class='ocrx_word' id='word_1_194' title='bbox 1400 1609 1476 1646; x_wconf 91' lang='lat' dir='ltr'>rite</span> <span class='ocrx_word' id='word_1_195' title='bbox 1497 1609 1637 1646; x_wconf 89' lang='lat' dir='ltr'>tulerit</span> 
     </span>
     <span class='ocr_line' id='line_1_32' title="bbox 260 1659 1633 1708; baseline 0.004 -13"><span class='ocrx_word' id='word_1_196' title='bbox 260 1659 301 1694; x_wconf 93' lang='lat' dir='ltr'>in</span> <span class='ocrx_word' id='word_1_197' title='bbox 331 1659 495 1696; x_wconf 89' lang='lat' dir='ltr'>rebelles</span> <span class='ocrx_word' id='word_1_198' title='bbox 525 1663 654 1696; x_wconf 89' lang='lat' dir='ltr'>ratam</span> <span class='ocrx_word' id='word_1_199' title='bbox 683 1660 928 1706; x_wconf 89' lang='lat' dir='ltr'>habebimus,</span> <span class='ocrx_word' id='word_1_200' title='bbox 960 1665 1001 1698; x_wconf 92' lang='lat' dir='ltr'>et</span> <span class='ocrx_word' id='word_1_201' title='bbox 1029 1661 1230 1707; x_wconf 80' lang='lat' dir='ltr'>faciemus,</span> <span class='ocrx_word' id='word_1_202' title='bbox 1261 1666 1423 1700; x_wconf 91' lang='lat' dir='ltr'>auctore</span> <span class='ocrx_word' id='word_1_203' title='bbox 1451 1663 1633 1708; x_wconf 90' lang='lat' dir='ltr'>Domino,</span> 
     </span>
     <span class='ocr_line' id='line_1_33' title="bbox 258 1712 1635 1765; baseline 0.003 -16"><span class='ocrx_word' id='word_1_204' title='bbox 258 1726 381 1762; x_wconf 89' lang='lat' dir='ltr'>usque</span> <span class='ocrx_word' id='word_1_205' title='bbox 401 1712 452 1749; x_wconf 87' lang='lat' dir='ltr'>ad</span> <span class='ocrx_word' id='word_1_206' title='bbox 472 1714 788 1751; x_wconf 79' lang='lat' dir='ltr'>satisfaccionem</span> <span class='ocrx_word' id='word_1_207' title='bbox 809 1715 1047 1765; x_wconf 83' lang='lat' dir='ltr'>condignam</span> <span class='ocrx_word' id='word_1_208' title='bbox 1063 1716 1349 1754; x_wconf 89' lang='lat' dir='ltr'>inviolabiliter</span> <span class='ocrx_word' id='word_1_209' title='bbox 1365 1717 1635 1754; x_wconf 70' lang='lat' dir='ltr'>observari.—</span> 
     </span>
     <span class='ocr_line' id='line_1_34' title="bbox 260 1767 1636 1819; baseline 0.004 -16"><span class='ocrx_word' id='word_1_210' title='bbox 260 1767 366 1803; x_wconf 86' lang='lat' dir='ltr'>Data</span> <span class='ocrx_word' id='word_1_211' title='bbox 386 1767 523 1813; x_wconf 85' lang='lat' dir='ltr'>Rome,</span> <span class='ocrx_word' id='word_1_212' title='bbox 545 1768 652 1817; x_wconf 91' lang='lat' dir='ltr'>apud</span> <span class='ocrx_word' id='word_1_213' title='bbox 673 1768 865 1805; x_wconf 78' lang='lat' dir='ltr'>Sanctum</span> <span class='ocrx_word' id='word_1_214' title='bbox 886 1769 1062 1815; x_wconf 89' lang='lat' dir='ltr'>Petrum,</span> <span class='ocrx_word' id='word_1_215' title='bbox 1085 1770 1142 1819; x_wconf 83' lang='lat' dir='ltr'>iiij</span> <span class='ocrx_word' id='word_1_216' title='bbox 1167 1771 1305 1807; x_wconf 89' lang='lat' dir='ltr'>Nonas</span> <span class='ocrx_word' id='word_1_217' title='bbox 1327 1771 1482 1817; x_wconf 87' lang='lat' dir='ltr'>Marcii,</span> <span class='ocrx_word' id='word_1_218' title='bbox 1501 1771 1636 1808; x_wconf 88' lang='lat' dir='ltr'>Ponti-</span> 
     </span>
     <span class='ocr_line' id='line_1_35' title="bbox 259 1820 1313 1877; baseline 0.004 -20"><span class='ocrx_word' id='word_1_219' title='bbox 259 1820 399 1858; x_wconf 89' lang='lat' dir='ltr'>ficatus</span> <span class='ocrx_word' id='word_1_220' title='bbox 420 1822 547 1858; x_wconf 88' lang='lat' dir='ltr'>nostri</span> <span class='ocrx_word' id='word_1_221' title='bbox 567 1823 690 1859; x_wconf 91' lang='lat' dir='ltr'>Anno</span> <span class='ocrx_word' id='word_1_222' title='bbox 710 1826 851 1860; x_wconf 90' lang='lat' dir='ltr'>octavo</span> <span class='ocrx_word' id='word_1_223' title='bbox 873 1821 912 1875; x_wconf 83' lang='lat'>[5</span> <span class='ocrx_word' id='word_1_224' title='bbox 935 1823 1088 1870; x_wconf 88' lang='lat' dir='ltr'>March,</span> <span class='ocrx_word' id='word_1_225' title='bbox 1115 1823 1313 1877; x_wconf 82' lang='lat'>1369-70].</span> 
     </span>
    </p>
   </div>
   <div class='ocr_carea' id='block_1_5' title="bbox 258 1909 1299 1957">
    <p class='ocr_par' dir='ltr' id='par_1_6' title="bbox 258 1909 1299 1957">
     <span class='ocr_line' id='line_1_36' title="bbox 258 1909 1299 1957; baseline 0.003 -12"><span class='ocrx_word' id='word_1_226' title='bbox 258 1909 465 1957; x_wconf 76' lang='lat' dir='ltr'>—Populo</span> <span class='ocrx_word' id='word_1_227' title='bbox 488 1909 674 1947; x_wconf 74' lang='lat' dir='ltr'>Civitatis</span> <span class='ocrx_word' id='word_1_228' title='bbox 693 1916 727 1946; x_wconf 69' lang='lat' dir='ltr'>et</span> <span class='ocrx_word' id='word_1_229' title='bbox 746 1910 921 1947; x_wconf 61' lang='lat' dir='ltr'>Dionaeis</span> <span class='ocrx_word' id='word_1_230' title='bbox 940 1911 1299 1957; x_wconf 63' lang='lat' dir='ltr'>Eeoniensium‚—</span> 
     </span>
    </p>
   </div>
   <div class='ocr_carea' id='block_1_6' title="bbox 204 1962 1632 2007">
    <p class='ocr_par' dir='ltr' id='par_1_7' title="bbox 204 1962 1632 2007">
     <span class='ocr_line' id='line_1_37' title="bbox 204 1962 1632 2007; baseline 0.004 -15"><span class='ocrx_word' id='word_1_231' title='bbox 204 1962 298 2003; x_wconf 89' lang='lat' dir='ltr'>[This</span> <span class='ocrx_word' id='word_1_232' title='bbox 314 1963 401 2002; x_wconf 86' lang='lat' dir='ltr'>Bull,</span> <span class='ocrx_word' id='word_1_233' title='bbox 420 1963 453 1994; x_wconf 81' lang='lat' dir='ltr'>of</span> <span class='ocrx_word' id='word_1_234' title='bbox 470 1963 528 1994; x_wconf 87' lang='lat' dir='ltr'>the</span> <span class='ocrx_word' id='word_1_235' title='bbox 544 1974 634 1994; x_wconf 84' lang='lat' dir='ltr'>same</span> <span class='ocrx_word' id='word_1_236' title='bbox 650 1964 729 1995; x_wconf 84' lang='lat' dir='ltr'>date</span> <span class='ocrx_word' id='word_1_237' title='bbox 744 1975 780 1995; x_wconf 83' lang='lat' dir='ltr'>as</span> <span class='ocrx_word' id='word_1_238' title='bbox 796 1965 855 1996; x_wconf 87' lang='lat' dir='ltr'>the</span> <span class='ocrx_word' id='word_1_239' title='bbox 872 1965 1059 2006; x_wconf 84' lang='lat' dir='ltr'>preceding,</span> <span class='ocrx_word' id='word_1_240' title='bbox 1077 1967 1296 2006; x_wconf 83' lang='lat' dir='ltr'>corresponds</span> <span class='ocrx_word' id='word_1_241' title='bbox 1315 1966 1398 1997; x_wconf 88' lang='lat' dir='ltr'>with</span> <span class='ocrx_word' id='word_1_242' title='bbox 1414 1967 1442 1998; x_wconf 87' lang='lat' dir='ltr'>it</span> <span class='ocrx_word' id='word_1_243' title='bbox 1468 1967 1632 2007; x_wconf 82' lang='lat' dir='ltr'>through-</span> 
     </span>
    </p>
   </div>
   <div class='ocr_carea' id='block_1_7' title="bbox 98 2082 188 2109">
    <p class='ocr_par' dir='ltr' id='par_1_8' title="bbox 98 2082 188 2109">
     <span class='ocr_line' id='line_1_38' title="bbox 98 2082 188 2109; baseline 0.011 -1"><span class='ocrx_word' id='word_1_244' title='bbox 98 2082 148 2108; x_wconf 75' lang='lat' dir='ltr'>fol.</span> <span class='ocrx_word' id='word_1_245' title='bbox 163 2083 188 2109; x_wconf 85' lang='lat'>3.</span> 
     </span>
    </p>
   </div>
   <div class='ocr_carea' id='block_1_8' title="bbox 256 2006 682 2045">
    <p class='ocr_par' dir='ltr' id='par_1_9' title="bbox 256 2006 682 2045">
     <span class='ocr_line' id='line_1_39' title="bbox 256 2006 682 2045; baseline 0.002 -8"><span class='ocrx_word' id='word_1_246' title='bbox 256 2009 326 2045; x_wconf 87' lang='lat' dir='ltr'>out,</span> <span class='ocrx_word' id='word_1_247' title='bbox 344 2006 476 2037; x_wconf 74' lang='lat' dir='ltr'>mutatis</span> <span class='ocrx_word' id='word_1_248' title='bbox 493 2006 682 2044; x_wconf 68' lang='lat' dir='ltr'>mutandis]</span> 
     </span>
    </p>
   </div>
   <div class='ocr_carea' id='block_1_9' title="bbox 257 2083 1624 2134">
    <p class='ocr_par' dir='ltr' id='par_1_10' title="bbox 257 2083 1624 2134">
     <span class='ocr_line' id='line_1_40' title="bbox 257 2083 1624 2134; baseline 0.003 -15"><span class='ocrx_word' id='word_1_249' title='bbox 257 2083 608 2134; x_wconf 74' lang='lat' dir='ltr'>-Archiepiscopo</span> <span class='ocrx_word' id='word_1_250' title='bbox 626 2084 914 2122; x_wconf 70' lang='lat' dir='ltr'>anztuariensi</span> <span class='ocrx_word' id='word_1_251' title='bbox 928 2098 1004 2133; x_wconf 72' lang='lat' dir='ltr'>pro</span> <span class='ocrx_word' id='word_1_252' title='bbox 1023 2085 1257 2123; x_wconf 73' lang='lat' dir='ltr'>liberacione</span> <span class='ocrx_word' id='word_1_253' title='bbox 1276 2086 1624 2134; x_wconf 69' lang='lat' dir='ltr'>spiritualium,—</span> 
     </span>
    </p>
   </div>
   <div class='ocr_carea' id='block_1_10' title="bbox 206 2137 1634 2187">
    <p class='ocr_par' dir='ltr' id='par_1_11' title="bbox 206 2137 1634 2187">
     <span class='ocr_line' id='line_1_41' title="bbox 206 2137 1634 2187; baseline 0.002 -13"><span class='ocrx_word' id='word_1_254' title='bbox 206 2137 399 2175; x_wconf 88' lang='lat' dir='ltr'>Urbanus</span> <span class='ocrx_word' id='word_1_255' title='bbox 429 2138 658 2187; x_wconf 88' lang='lat' dir='ltr'>Episcopus,</span> <span class='ocrx_word' id='word_1_256' title='bbox 690 2138 835 2176; x_wconf 79' lang='lat' dir='ltr'>Servus</span> <span class='ocrx_word' id='word_1_257' title='bbox 864 2152 1067 2176; x_wconf 89' lang='lat' dir='ltr'>servorum</span> <span class='ocrx_word' id='word_1_258' title='bbox 1102 2139 1188 2185; x_wconf 91' lang='lat' dir='ltr'>Dei,</span> <span class='ocrx_word' id='word_1_259' title='bbox 1220 2139 1455 2177; x_wconf 85' lang='lat' dir='ltr'>Venerabili</span> <span class='ocrx_word' id='word_1_260' title='bbox 1490 2141 1634 2186; x_wconf 85' lang='lat' dir='ltr'>Fratri,</span> 
     </span>
    </p>
   </div>
   <div class='ocr_carea' id='block_1_11' title="bbox 259 2191 1638 2835">
    <p class='ocr_par' dir='ltr' id='par_1_12' title="bbox 259 2191 1638 2835">
     <span class='ocr_line' id='line_1_42' title="bbox 259 2191 1638 2243; baseline 0.002 -15"><span class='ocrx_word' id='word_1_261' title='bbox 259 2191 570 2241; x_wconf 89' lang='lat' dir='ltr'>Archiepiscopo</span> <span class='ocrx_word' id='word_1_262' title='bbox 599 2192 891 2239; x_wconf 85' lang='lat' dir='ltr'>Cantuariensi,</span> <span class='ocrx_word' id='word_1_263' title='bbox 913 2193 1083 2230; x_wconf 88' lang='lat' dir='ltr'>salutem</span> <span class='ocrx_word' id='word_1_264' title='bbox 1103 2197 1144 2230; x_wconf 92' lang='lat' dir='ltr'>et</span> <span class='ocrx_word' id='word_1_265' title='bbox 1163 2194 1437 2243; x_wconf 88' lang='lat' dir='ltr'>Apostolicam</span> <span class='ocrx_word' id='word_1_266' title='bbox 1458 2194 1638 2232; x_wconf 89' lang='lat' dir='ltr'>benedic-</span> 
     </span>
     <span class='ocr_line' id='line_1_43' title="bbox 260 2245 1636 2298; baseline 0.002 -16"><span class='ocrx_word' id='word_1_267' title='bbox 260 2245 549 2283; x_wconf 77' lang='lat' dir='ltr'>cionem.-—Ad</span> <span class='ocrx_word' id='word_1_268' title='bbox 569 2247 772 2283; x_wconf 91' lang='lat' dir='ltr'>cumulum</span> <span class='ocrx_word' id='word_1_269' title='bbox 792 2250 860 2284; x_wconf 90' lang='lat' dir='ltr'>tue</span> <span class='ocrx_word' id='word_1_270' title='bbox 880 2247 987 2284; x_wconf 89' lang='lat' dir='ltr'>cedit</span> <span class='ocrx_word' id='word_1_271' title='bbox 1015 2247 1155 2284; x_wconf 87' lang='lat' dir='ltr'>salutis</span> <span class='ocrx_word' id='word_1_272' title='bbox 1184 2251 1226 2285; x_wconf 89' lang='lat' dir='ltr'>et</span> <span class='ocrx_word' id='word_1_273' title='bbox 1254 2248 1359 2285; x_wconf 85' lang='lat' dir='ltr'>fame</span> <span class='ocrx_word' id='word_1_274' title='bbox 1388 2249 1421 2285; x_wconf 92' lang='lat' dir='ltr'>si</span> <span class='ocrx_word' id='word_1_275' title='bbox 1448 2261 1636 2298; x_wconf 88' lang='lat' dir='ltr'>personas</span> 
     </span>
     <span class='ocr_line' id='line_1_44' title="bbox 261 2299 1636 2351; baseline 0.002 -15"><span class='ocrx_word' id='word_1_276' title='bbox 261 2299 569 2346; x_wconf 89' lang='lat' dir='ltr'>Ecclesiasticas,</span> <span class='ocrx_word' id='word_1_277' title='bbox 587 2301 795 2349; x_wconf 89' lang='lat' dir='ltr'>presertim</span> <span class='ocrx_word' id='word_1_278' title='bbox 810 2301 1036 2338; x_wconf 87' lang='lat' dir='ltr'>Pontificali</span> <span class='ocrx_word' id='word_1_279' title='bbox 1053 2302 1262 2351; x_wconf 83' lang='lat' dir='ltr'>Dignitate</span> <span class='ocrx_word' id='word_1_280' title='bbox 1281 2301 1469 2351; x_wconf 85' lang='lat' dir='ltr'>preditas,</span> <span class='ocrx_word' id='word_1_281' title='bbox 1489 2302 1636 2340; x_wconf 88' lang='lat' dir='ltr'>Divine</span> 
     </span>
     <span class='ocr_line' id='line_1_45' title="bbox 260 2354 1633 2405; baseline 0.002 -15"><span class='ocrx_word' id='word_1_282' title='bbox 260 2354 561 2403; x_wconf 89' lang='lat' dir='ltr'>propiciacionis</span> <span class='ocrx_word' id='word_1_283' title='bbox 582 2355 770 2403; x_wconf 89' lang='lat' dir='ltr'>oportuni</span> <span class='ocrx_word' id='word_1_284' title='bbox 789 2355 952 2404; x_wconf 91' lang='lat' dir='ltr'>presidii</span> <span class='ocrx_word' id='word_1_285' title='bbox 971 2359 1012 2392; x_wconf 93' lang='lat' dir='ltr'>et</span> <span class='ocrx_word' id='word_1_286' title='bbox 1035 2355 1183 2392; x_wconf 85' lang='lat' dir='ltr'>favoris</span> <span class='ocrx_word' id='word_1_287' title='bbox 1212 2356 1345 2405; x_wconf 81' lang='lat' dir='ltr'>gracia</span> <span class='ocrx_word' id='word_1_288' title='bbox 1373 2357 1633 2405; x_wconf 86' lang='lat' dir='ltr'>prosequaris.</span> 
     </span>
     <span class='ocr_line' id='line_1_46' title="bbox 262 2407 1632 2461; baseline 0.001 -17"><span class='ocrx_word' id='word_1_289' title='bbox 262 2407 426 2444; x_wconf 91' lang='lat' dir='ltr'>Dudum</span> <span class='ocrx_word' id='word_1_290' title='bbox 459 2407 654 2457; x_wconf 91' lang='lat' dir='ltr'>siquidem</span> <span class='ocrx_word' id='word_1_291' title='bbox 688 2438 857 2445; x_wconf 90' lang='grc'><strong>.....</strong></span> <span class='ocrx_word' id='word_1_292' title='bbox 894 2409 1083 2457; x_wconf 90' lang='lat' dir='ltr'>suscipiet</span> <span class='ocrx_word' id='word_1_293' title='bbox 1115 2410 1362 2447; x_wconf 90' lang='lat' dir='ltr'>incrementa</span> <span class='ocrx_word' id='word_1_294' title='bbox 1391 2410 1453 2461; x_wconf 68' lang='lat' dir='ltr'>(ut</span> <span class='ocrx_word' id='word_1_295' title='bbox 1481 2409 1632 2459; x_wconf 71' lang='lat' dir='ltr'>supra).</span> 
     </span>
     <span class='ocr_line' id='line_1_47' title="bbox 261 2461 1636 2513; baseline 0.002 -15"><span class='ocrx_word' id='word_1_296' title='bbox 261 2461 373 2507; x_wconf 86' lang='lat' dir='ltr'>Cum,</span> <span class='ocrx_word' id='word_1_297' title='bbox 395 2462 530 2511; x_wconf 83' lang='lat' dir='ltr'>igitur,</span> <span class='ocrx_word' id='word_1_298' title='bbox 553 2465 600 2499; x_wconf 91' lang='lat' dir='ltr'>ut</span> <span class='ocrx_word' id='word_1_299' title='bbox 625 2462 730 2500; x_wconf 89' lang='lat' dir='ltr'>idem</span> <span class='ocrx_word' id='word_1_300' title='bbox 759 2462 929 2499; x_wconf 89' lang='lat' dir='ltr'>Thomas</span> <span class='ocrx_word' id='word_1_301' title='bbox 961 2463 1122 2500; x_wconf 90' lang='lat' dir='ltr'>Electus</span> <span class='ocrx_word' id='word_1_302' title='bbox 1152 2464 1194 2499; x_wconf 91' lang='lat' dir='ltr'>in</span> <span class='ocrx_word' id='word_1_303' title='bbox 1223 2464 1430 2500; x_wconf 89' lang='lat' dir='ltr'>commissa</span> <span class='ocrx_word' id='word_1_304' title='bbox 1458 2464 1636 2513; x_wconf 90' lang='lat' dir='ltr'>predicte</span> 
     </span>
     <span class='ocr_line' id='line_1_48' title="bbox 262 2515 1636 2566; baseline 0.002 -15"><span class='ocrx_word' id='word_1_305' title='bbox 262 2515 436 2553; x_wconf 88' lang='lat' dir='ltr'>Ecclesie</span> <span class='ocrx_word' id='word_1_306' title='bbox 470 2516 704 2553; x_wconf 81' lang='lat' dir='ltr'>Exoniensis</span> <span class='ocrx_word' id='word_1_307' title='bbox 738 2516 909 2553; x_wconf 90' lang='lat' dir='ltr'>subcura</span> <span class='ocrx_word' id='word_1_308' title='bbox 946 2516 1103 2554; x_wconf 80' lang='lat' dir='ltr'>facilius</span> <span class='ocrx_word' id='word_1_309' title='bbox 1141 2517 1328 2566; x_wconf 89' lang='lat' dir='ltr'>proficere</span> <span class='ocrx_word' id='word_1_310' title='bbox 1362 2517 1505 2563; x_wconf 90' lang='lat' dir='ltr'>valeat,</span> <span class='ocrx_word' id='word_1_311' title='bbox 1542 2522 1636 2554; x_wconf 87' lang='lat' dir='ltr'>tuus</span> 
     </span>
     <span class='ocr_line' id='line_1_49' title="bbox 261 2568 1636 2620; baseline 0.002 -15"><span class='ocrx_word' id='word_1_312' title='bbox 261 2568 375 2606; x_wconf 82' lang='lat' dir='ltr'>favor</span> <span class='ocrx_word' id='word_1_313' title='bbox 408 2570 443 2606; x_wconf 90' lang='lat' dir='ltr'>ei</span> <span class='ocrx_word' id='word_1_314' title='bbox 474 2569 558 2607; x_wconf 80' lang='lat' dir='ltr'>fore</span> <span class='ocrx_word' id='word_1_315' title='bbox 588 2573 777 2607; x_wconf 90' lang='lat' dir='ltr'>noscatur</span> <span class='ocrx_word' id='word_1_316' title='bbox 806 2570 1023 2619; x_wconf 90' lang='lat' dir='ltr'>plurimum</span> <span class='ocrx_word' id='word_1_317' title='bbox 1054 2574 1284 2620; x_wconf 87' lang='lat' dir='ltr'>oportunus,</span> <span class='ocrx_word' id='word_1_318' title='bbox 1322 2571 1636 2608; x_wconf 88' lang='lat' dir='ltr'>Fraternitatem</span> 
     </span>
     <span class='ocr_line' id='line_1_50' title="bbox 262 2622 1636 2675; baseline 0.001 -16"><span class='ocrx_word' id='word_1_319' title='bbox 262 2626 374 2660; x_wconf 87' lang='lat' dir='ltr'>tuam</span> <span class='ocrx_word' id='word_1_320' title='bbox 407 2636 590 2673; x_wconf 84' lang='lat' dir='ltr'>rogamus</span> <span class='ocrx_word' id='word_1_321' title='bbox 628 2627 669 2661; x_wconf 92' lang='lat' dir='ltr'>et</span> <span class='ocrx_word' id='word_1_322' title='bbox 704 2622 946 2675; x_wconf 88' lang='lat' dir='ltr'>[h]ortamur</span> <span class='ocrx_word' id='word_1_323' title='bbox 983 2628 1151 2670; x_wconf 85' lang='lat' dir='ltr'>attente,</span> <span class='ocrx_word' id='word_1_324' title='bbox 1184 2637 1254 2673; x_wconf 90' lang='lat' dir='ltr'>per</span> <span class='ocrx_word' id='word_1_325' title='bbox 1292 2625 1526 2674; x_wconf 87' lang='lat' dir='ltr'>Apostolica</span> <span class='ocrx_word' id='word_1_326' title='bbox 1560 2625 1636 2662; x_wconf 89' lang='lat' dir='ltr'>tibi</span> 
     </span>
     <span class='ocr_line' id='line_1_51' title="bbox 262 2676 1637 2726; baseline 0.001 -13"><span class='ocrx_word' id='word_1_327' title='bbox 262 2676 420 2726; x_wconf 81' lang='lat' dir='ltr'>Scripta</span> <span class='ocrx_word' id='word_1_328' title='bbox 447 2677 685 2714; x_wconf 89' lang='lat' dir='ltr'>mandantes</span> <span class='ocrx_word' id='word_1_329' title='bbox 705 2678 906 2726; x_wconf 89' lang='lat' dir='ltr'>quatinus,</span> <span class='ocrx_word' id='word_1_330' title='bbox 937 2678 1136 2726; x_wconf 90' lang='lat' dir='ltr'>predictos</span> <span class='ocrx_word' id='word_1_331' title='bbox 1167 2678 1359 2715; x_wconf 90' lang='lat' dir='ltr'>Thomam</span> <span class='ocrx_word' id='word_1_332' title='bbox 1383 2679 1567 2716; x_wconf 87' lang='lat' dir='ltr'>Electum</span> <span class='ocrx_word' id='word_1_333' title='bbox 1595 2682 1637 2716; x_wconf 90' lang='lat' dir='ltr'>et</span> 
     </span>
     <span class='ocr_line' id='line_1_52' title="bbox 262 2731 1637 2781; baseline 0.001 -14"><span class='ocrx_word' id='word_1_334' title='bbox 262 2731 509 2767; x_wconf 89' lang='lat' dir='ltr'>commissam</span> <span class='ocrx_word' id='word_1_335' title='bbox 542 2731 618 2768; x_wconf 88' lang='lat' dir='ltr'>sibi</span> <span class='ocrx_word' id='word_1_336' title='bbox 649 2731 865 2768; x_wconf 86' lang='lat' dir='ltr'>Ecclesiam</span> <span class='ocrx_word' id='word_1_337' title='bbox 900 2731 1199 2781; x_wconf 82' lang='lat' dir='ltr'>Suffraganeam</span> <span class='ocrx_word' id='word_1_338' title='bbox 1231 2736 1342 2769; x_wconf 88' lang='lat' dir='ltr'>tuam</span> <span class='ocrx_word' id='word_1_339' title='bbox 1370 2731 1532 2778; x_wconf 88' lang='lat' dir='ltr'>habens,</span> <span class='ocrx_word' id='word_1_340' title='bbox 1565 2745 1637 2781; x_wconf 88' lang='lat' dir='ltr'>pro</span> 
     </span>
     <span class='ocr_line' id='line_1_53' title="bbox 263 2784 1637 2835; baseline 0.001 -14"><span class='ocrx_word' id='word_1_341' title='bbox 263 2787 400 2821; x_wconf 88' lang='lat' dir='ltr'>nostra</span> <span class='ocrx_word' id='word_1_342' title='bbox 425 2788 466 2822; x_wconf 88' lang='lat' dir='ltr'>et</span> <span class='ocrx_word' id='word_1_343' title='bbox 494 2784 601 2822; x_wconf 87' lang='lat' dir='ltr'>dicte</span> <span class='ocrx_word' id='word_1_344' title='bbox 621 2784 734 2822; x_wconf 79' lang='lat' dir='ltr'>Sedis</span> <span class='ocrx_word' id='word_1_345' title='bbox 754 2785 991 2831; x_wconf 89' lang='lat' dir='ltr'>reverencia,</span> <span class='ocrx_word' id='word_1_346' title='bbox 1013 2786 1246 2835; x_wconf 89' lang='lat' dir='ltr'>propensius</span> <span class='ocrx_word' id='word_1_347' title='bbox 1266 2785 1572 2832; x_wconf 84' lang='lat' dir='ltr'>commendatos,</span> <span class='ocrx_word' id='word_1_348' title='bbox 1595 2786 1637 2822; x_wconf 89' lang='lat' dir='ltr'>in</span> 
     </span>
    </p>
   </div>
  </div>
 </body>
</html>
