1987 3062
383 249 477 292 560

380 361 454 388 A.D.

380 395 452 421 1384.

381 428 441 454 Vol.
459 429 477 454 Ι.

372 2606 416 2632 fol.

372 2641 426 2667 135.

609 261 709 293 THE
733 261 976 295 REGISTER
1000 262 1064 295 OF
1086 262 1265 296 BISHOP
1288 262 1691 297 BRANTYNGHAM.

541 365 650 404 posito
669 366 820 397 Ecclesie
839 366 957 397 Sancti
976 366 1166 398 Clementis
1182 370 1281 398 extra
1298 369 1443 398 Barram
1461 368 1549 398 Novi
1567 368 1699 408 Templi
1724 367 1915 399 Londonia-

538 419 625 447 rum,
642 410 733 449 quod
749 410 917 441 Dominus
933 411 954 441 J
957 411 1111 442 ohannes
1128 412 1169 442 de
1187 412 1305 442 Monte
1329 414 1432 442 acuto
1456 413 1586 442 dudum
1610 413 1724 443 tenuit
1740 422 1782 442 ex
1798 412 1915 443 dimis-

538 453 634 483 sione
652 454 870 484 Venerabilis
888 455 1011 493 Patris,
1030 456 1169 485 Domini
1193 456 1362 487 ‚Iohannis
1379 457 1420 486 de
1446 456 1691 494 Grandissono,
1708 466 1819 496 nuper
1836 456 1915 495 Epi-

536 498 628 536 scopi
643 497 857 535 Exoniensis‚
876 499 1132 529 Predecessoris
1149 500 1201 530 sui
1217 500 1409 537 inmediati,
1423 510 1493 530 una
1509 511 1587 531 cnm
1605 501 1764 530 domibus
1777 510 1913 539 supere-

536 541 684 571 dificatis
701 546 735 571 et
752 542 897 580 gardino
913 543 1106 583 adjacente,
1124 544 1226 574 simul
1244 554 1322 574 cum
1347 544 1487 584 Capella
1512 544 1630 574 Sancti
1647 545 1777 574 Thome
1801 544 1914 574 eidem

534 588 735 615 tenemento
752 596 896 624 annexa,
914 597 975 626 pro
993 588 1127 618 Divinis
1145 588 1272 618 Officiis
1289 589 1418 618 ibidem
1434 589 1677 618 tantummodo
1688 588 1914 627 celebrandis,

535 629 673 668 absque,
701 632 830 669 tamen,
859 631 1051 671 prejudicio
1078 632 1232 662 Matricis
1259 632 1412 663 Ecclesie
1438 632 1556 662 Sancti
1581 632 1771 663 Clementis
1795 642 1912 671 supra-

535 673 625 703 dicte
641 687 646 710 ;
672 674 841 713 domibus,
858 685 949 713 vero,
967 678 1002 705 et
1020 676 1145 715 shcpis,
1164 686 1242 706 cum
1259 676 1375 715 parvis
1390 677 1546 716 gardinis
1570 676 1700 707 eisdem
1724 676 1912 716 adjacenti-

534 717 607 753 bus,
625 727 645 747 a
662 721 763 757 porta
779 718 956 757 ingressus
973 720 1016 749 ad
1034 722 1274 750 tenementum
1291 721 1496 759 predictum,
1513 730 1634 751 versus
1654 720 1800 760 Regiam
1818 719 1911 750 Stra·

534 763 617 798 tam,
635 772 742 801 usque
766 763 810 792 ad
834 766 1075 794 tenementum
1100 765 1238 794 Domini
1264 764 1509 795 Bathoniensis
1534 764 1703 804 Episcopi,
1729 764 1822 794 dioto
1846 764 1911 794 Do·

534 805 628 835 mino
646 806 816 845 Episcopo
834 807 1030 845 Exoniensi,
1047 810 1083 838 et
1099 809 1170 839 suis
1196 808 1469 846 Successor-ibus,
1487 809 1685 848 specialiter
1704 807 1911 846 reservatis3

534 849 733 880 habendum
750 853 785 880 et
802 852 992 882 tenendum
1010 854 1123 882 totum
1148 853 1343 892 predictum
1368 855 1619 891 tenementum,
1643 862 1714 882 una
1737 862 1816 883 cum
1833 862 1909 891 gar-

534 893 614 923 dino
631 897 666 924 et
685 894 835 933 Capella,
854 896 955 926 modo
972 906 1039 936 quo
1055 896 1240 935 prefertur,
1259 897 1395 936 prefato
1418 897 1569 927 Johanni
1587 899 1622 927 et
1638 896 1759 935 Alicie,
1776 896 1910 926 heredi-

533 937 597 967 bus
614 940 649 967 et
667 938 917 969 Executoribus
935 941 1015 978 suis,
1032 941 1075 970 ad
1093 941 1282 970 terminum
1299 941 1551 981 quinquaginta
1569 951 1738 970 annorum
1754 940 1911 980 proximo

533 983 755 1020 sequent-ium
782 986 860 1022 post
886 984 977 1014 diem
1004 985 1234 1015 confeccionis
1266 985 1499 1022 Presencium,
1533 985 1574 1014 de
1606 985 1681 1024 ipso
1712 984 1910 1015 Venerabili

533 1026 647 1063 Patre,
675 1027 845 1066 Episcopo
870 1029 1035 1066 predicto,
1068 1031 1103 1058 et
1135 1029 1205 1059 suis
1239 1029 1510 1066 Successoribus,
1542 1029 1658 1066 libere,
1690 1029 1842 1068 pacifice,
1875 1030 1910 1058 et

531 1070 657 1108 quiete.
706 1071 894 1101 Reddendo
918 1072 997 1102 inde
1015 1073 1198 1102 annuatim
1216 1073 1280 1103 sibi
1305 1076 1340 1103 ct
1366 1073 1627 1103 Successoribus
1645 1073 1715 1103 suis
1735 1073 1854 1103 decem
1871 1072 1909 1101 li-

530 1113 610 1143 bras
624 1114 880 1153 sterlingorum,
896 1116 939 1145 ad
952 1117 1055 1146 Festa
1068 1117 1209 1153 Pasche,
1220 1117 1423 1147 Nativitatis
1434 1117 1551 1146 Sancti
1560 1117 1580 1147 J
1583 1117 1730 1147 ohannis
1742 1117 1909 1155 Baptiste,

532 1158 720 1195 Michaelis,
738 1161 773 1188 et
791 1159 926 1189 Natalis
944 1160 1094 1199 Domini,
1111 1171 1173 1199 per
1189 1161 1328 1200 equales
1351 1161 1540 1200 porciones.
1588 1161 1822 1199 Reparabunt,
1846 1160 1909 1190 ita-

531 1212 606 1241 que,
624 1204 912 1241 manutenebunt,
930 1207 964 1234 et
982 1205 1231 1234 sustentabunt
1254 1205 1359 1235 iidem
1384 1205 1561 1235 Johannes
1579 1207 1614 1234 et
1629 1204 1751 1242 Alicia,
1769 1206 1804 1234 et
1824 1204 1908 1234 Exe-

530 1249 666 1276 cutores
684 1247 746 1283 sui,
765 1248 896 1277 dictum
914 1250 1153 1278 tenementum
1178 1259 1218 1279 ac
1242 1249 1361 1279 domos
1386 1249 1678 1288 superedificatas,
1695 1258 1830 1278 necnon
1848 1248 1910 1278 Ca-

530 1290 655 1328 pellam
673 1292 876 1329 predictam,
895 1303 1079 1332 murosque
1096 1295 1131 1323 et
1148 1293 1326 1323 clausuras
1343 1293 1489 1332 predicti
1507 1293 1654 1331 gardini,
1666 1293 1701 1322 in
1714 1292 1804 1322 bono
1815 1294 1910 1322 statu

530 1337 566 1363 et
583 1336 794 1373 competenti
812 1336 847 1365 in
865 1337 1034 1373 omnibus,
1054 1337 1250 1376 sumptibus
1267 1338 1338 1367 suis
1357 1337 1505 1376 propriis
1522 1339 1556 1366 et
1573 1337 1742 1376 expensis,
1760 1336 1910 1366 termino

530 1378 685 1417 predicto
702 1380 934 1418 perdurante;
960 1381 1128 1419 domibus,
1154 1392 1244 1418 vero,
1270 1384 1304 1411 et
1330 1381 1470 1420 Capella
1493 1381 1668 1420 predictis,
1686 1380 1909 1410 horribilibus

529 1425 564 1452 et
582 1423 772 1453 subitaneis
796 1425 1074 1463 tempestatibus,
1100 1426 1135 1454 in
1161 1425 1310 1455 Civitate.
1336 1425 1590 1455 Londoniarum
1615 1427 1650 1455 et
1673 1424 1831 1464 partibus
1848 1424 1910 1454 cir-

530 1467 734 1497 cumvicinis
752 1468 1045 1507 contingentibus,
1070 1469 1265 1508 prostratis,
1291 1472 1352 1499 aut
1375 1469 1535 1499 incendio
1552 1469 1587 1498 in
1605 1469 1763 1499 domibus
1787 1468 1909 1498 alienis

529 1514 644 1540 ortum
662 1511 812 1542 habente
829 1513 1030 1550 combustis,
1048 1514 1230 1543 dumtaxat
1247 1514 1410 1552 exceptis.
1458 1513 1599 1543 Proviso
1616 1513 1707 1552 quod
1729 1512 1835 1542 iidem
1851 1513 1907 1542 Jo-

530 1555 662 1585 hannes
679 1558 714 1585 et
732 1556 851 1591 Alicia,
877 1557 1021 1587 heredes
1045 1560 1106 1587 aut
1132 1558 1342 1588 Execntores
1367 1557 1429 1595 sui,
1454 1560 1695 1587 tenementum
1712 1556 1907 1596 predictum

529 1599 718 1638 principale
752 1610 812 1630 seu
844 1601 1020 1640 Capellam
1051 1602 1245 1640 predictam
1277 1602 1379 1632 alicui
1404 1601 1505 1631 alteri
1531 1611 1600 1631 non
1632 1601 1823 1638 dimittant,
1848 1611 1909 1631 seu

530 1643 687 1673 dimittat
719 1654 837 1674 eorum
864 1645 998 1685 aliquis,
1026 1646 1154 1685 absque
1181 1656 1342 1685 expresso
1368 1655 1512 1676 assensu
1537 1648 1573 1675 et
1598 1645 1743 1675 licencia
1767 1645 1907 1683 speciali

530 1687 613 1717 dicti
631 1688 850 1718 Venerabilis
867 1689 992 1728 Patris,
1005 1690 1166 1729 Episcopi
1178 1690 1335 1729 predicti,
1348 1700 1407 1720 seu
1421 1690 1664 1719 Successorum
1679 1698 1829 1726 suorum,
1844 1688 1907 1718 sub

530 1731 654 1761 Litoris
667 1732 738 1761 suis
754 1735 815 1762 aut
834 1733 1078 1763 Successorum
1097 1744 1237 1764 suorum
1254 1734 1456 1773 patentibus
1472 1736 1507 1763 et
1526 1733 1697 1771 sigillatis.
1743 1733 1837 1769 Vult,
1856 1735 1906 1762 ta-

529 1785 618 1813 men,
631 1778 666 1805 et
678 1777 836 1806 concedit
853 1777 944 1807 idem
959 1778 1176 1808 Venerabilis
1190 1778 1294 1808 Pater
1306 1778 1397 1817 quod
1414 1777 1541 1817 prefati
1555 1777 1732 1807 Johannes
1745 1779 1779 1806 et
1795 1776 1908 1806 Alicia

528 1829 614 1849 uxor
629 1819 715 1859 ejus,
730 1820 874 1851 heredes
891 1824 925 1851 et
944 1822 1153 1852 Executores
1171 1822 1233 1860 sui,
1252 1822 1444 1859 tabernam,
1459 1831 1624 1859 cameras,
1643 1823 1677 1851 et
1695 1821 1829 1860 shcpas,
1847 1830 1908 1859 per

527 1864 721 1902 predictum
747 1865 942 1895 Johannem
967 1866 1008 1895 de
1033 1876 1122 1896 novo
1146 1866 1258 1896 factas
1283 1868 1317 1895 et
1341 1866 1568 1903 reedificatas,
1587 1865 1734 1895 situatas
1751 1874 1791 1894 ex
1809 1867 1906 1903 parte

529 1907 681 1937 Orientis
698 1914 819 1947 portus
836 1910 1027 1939 tenementi
1044 1910 1202 1949 predicti,
1219 1910 1319 1949 juxta
1336 1910 1479 1948 Regiam
1495 1909 1658 1946 Sti-atam,
1677 1911 1711 1938 et
1721 1908 1905 1947 gardinum

527 1951 640 1981 eidem
667 1954 867 1982 tenemento
894 1963 1077 1991 annexum,
1104 1954 1239 1983 tenenti
1266 1954 1337 1984 sive
1363 1953 1564 1983 tenentibus
1597 1953 1741 1982 diversis
1772 1952 1907 1991 possint

528 1996 709 2025 annuatim
727 1996 850 2034 locare,
868 2000 971 2035 prout
988 1998 1072 2036 ipsis
1096 1997 1271 2027 videbitur
1294 1997 1465 2036 expedire,
1483 1997 1632 2026 termino
1656 1996 1813 2035 predicto
1830 2006 1904 2035 per-

528 2039 685 2070 durante.
735 2040 789 2077 Et,
807 2041 834 2070 si
855 2041 1035 2079 contingat
1060 2041 1233 2071 redditum
1260 2042 1455 2081 predictum
1480 2051 1541 2080 per
1564 2040 1778 2080 quarterium
1802 2040 1905 2069 nnius

528 2083 609 2112 anni
626 2086 704 2122 post
721 2084 870 2123 aliquem
889 2086 1077 2115 terminum
1095 2086 1291 2124 predictum
1316 2088 1430 2115 aretro
1454 2085 1612 2121 existere,
1630 2085 1665 2113 in
1682 2086 1781 2123 parte
1798 2084 1852 2114 vel
1870 2084 1905 2113 in

527 2130 611 2164 tot0,
638 2130 698 2157 aut
726 2128 754 2157 si
780 2129 927 2167 predicti
952 2130 1129 2159 Jolianiies
1153 2132 1187 2159 et
1212 2130 1323 2159 Alicia
1339 2140 1424 2159 uxor
1440 2129 1525 2169 ejus,
1543 2129 1687 2158 heredes
1704 2128 1757 2158 vel
1776 2128 1904 2158 Execu-

528 2174 620 2201 tores
638 2172 700 2210 sui,
718 2182 786 2202 non
804 2174 1053 2211 reparaverint,
1071 2174 1366 2211 manutenuerint,
1387 2176 1421 2203 et
1439 2173 1722 2210 sustentaverint,
1739 2173 1774 2201 in
1792 2172 1906 2201 forma

527 2218 721 2254 prenotata,
738 2219 989 2255 tenementum,
1007 2218 1136 2254 domos,
1155 2217 1342 2257 Capellam,
1360 2227 1487 2254 muros,
1499 2220 1534 2246 et
1546 2217 1722 2246 clausuras
1737 2216 1903 2255 predicta,

528 2260 621 2289 infra
638 2261 853 2299 quarterium
870 2261 973 2291 nnius
991 2262 1071 2291 anni
1089 2264 1274 2301 postquam
1298 2261 1576 2298 manutencione,
1601 2260 1834 2300 reparacione,
1851 2260 1905 2289 vel

529 2305 799 2334 sustentacionie
827 2305 1051 2344 indiguerint,
1078 2316 1139 2335 seu
1167 2306 1194 2335 si
1223 2306 1419 2335 dimiserint
1444 2305 1547 2334 alicui
1573 2306 1812 2334 tenementum
1830 2313 1904 2342 pre-

528 2347 659 2377 dictum
676 2348 877 2387 principale,
896 2359 955 2379 seu
973 2350 1151 2389 Capellam
1168 2350 1371 2389 predictam,
1384 2352 1444 2379 aut
1461 2349 1612 2388 aliquam
1629 2350 1765 2387 partem
1782 2357 1903 2377 eorun-

527 2392 616 2429 dem,
635 2392 707 2421 sine
725 2402 869 2422 assensu
893 2396 927 2422 et
951 2394 1096 2423 licencia
1120 2394 1228 2432 ipsius
1252 2393 1469 2423 Venerabilis
1494 2393 1617 2430 Patris,
1643 2392 1803 2431 Episcopi
1828 2401 1902 2430 pre-

526 2435 620 2472 dicti,
644 2438 705 2465 ant
732 2436 975 2466 Successorum
1002 2448 1153 2475 suorum,
1178 2440 1217 2467 ut
1241 2437 1437 2476 predictum
1461 2438 1524 2475 est,
1541 2438 1668 2466 extunc
1684 2436 1770 2465 bene
1787 2435 1904 2465 licebit

526 2478 618 2509 dicto
645 2479 843 2509 Venerabili
872 2481 977 2517 Patri,
1007 2484 1041 2511 et
1069 2481 1329 2511 Successoribus
1354 2481 1434 2517 suis,
1451 2481 1487 2510 in
1505 2480 1621 2510 omnia
1636 2480 1792 2518 predicta
1809 2481 1902 2509 tene-

526 2526 655 2561 menta,
683 2524 869 2563 Capellam,
896 2525 1015 2555 domos
1040 2527 1075 2555 et
1102 2525 1298 2563 gardinum,
1324 2535 1403 2554 eum
1420 2524 1654 2563 pertinenciis,
1671 2523 1850 2559 reintrare,
1868 2525 1903 2552 et

526 2576 566 2596 ea
592 2567 627 2596 in
657 2570 751 2597 statu
776 2568 923 2606 pristino
952 2569 1101 2598 retinere
1127 2569 1395 2608 imperpetuum,
1420 2568 1549 2607 absque
1574 2567 1850 2597 contradicciOne
1867 2569 1901 2596 et

525 2610 723 2650 calumpnia
739 2612 892 2650 ipsorum
909 2613 1078 2642 Johannis
1096 2616 1130 2643 et
1147 2613 1256 2642 Alicie
1274 2613 1389 2642 uxoris
1407 2622 1476 2649 sue,
1502 2612 1668 2641 heredum
1693 2611 1746 2641 vel
1772 2611 1900 2640 Execu-

525 2656 640 2684 torum
658 2665 808 2692 suorum,
828 2666 887 2685 seu
905 2657 1049 2686 alioruin
1067 2667 1372 2696 quorumcumque.
1421 2656 1474 2692 Et,
1493 2656 1519 2685 si
1532 2656 1710 2694 contingat
1725 2654 1900 2693 prefatum

528 2698 713 2728 Dominum
744 2700 962 2739 Episcopum,
996 2702 1048 2730 vel
1083 2701 1304 2731 Suc-cessores
1331 2710 1419 2737 suos,
1446 2700 1488 2729 ob
1517 2699 1691 2729 defectum
1717 2697 1900 2728 solucionis

525 2743 682 2773 redditus
698 2744 845 2782 predicti
862 2745 915 2774 vel
932 2745 1036 2774 aliam
1053 2754 1305 2784 quamcumque
1322 2754 1461 2774 causam
1480 2743 1636 2783 superius
1653 2744 1898 2782 expressatam,

526 2786 561 2815 in
588 2786 681 2817 dicta
707 2790 917 2825 tenementa,
947 2789 1077 2826 domos,
1106 2791 1141 2819 et
1159 2788 1345 2828 Capellam,
1364 2798 1442 2818 cum
1463 2787 1534 2817 suis
1558 2787 1792 2826 pertinenciis,
1809 2785 1896 2815 rein-

526 2832 629 2868 trare,
648 2831 805 2871 prefatus
821 2832 841 2862 J
845 2832 999 2863 ohannes
1017 2833 1142 2864 Michel
1159 2832 1290 2872 obligat
1307 2842 1352 2871 se,
1370 2831 1514 2862 heredes
1531 2833 1566 2862 et
1583 2831 1793 2862 Executores
1810 2838 1898 2866 snos,
