<?xml version="1.0" encoding="UTF-8"?>
<!DOCTYPE html PUBLIC "-//W3C//DTD XHTML 1.0 Transitional//EN"
    "http://www.w3.org/TR/xhtml1/DTD/xhtml1-transitional.dtd">
<html xmlns="http://www.w3.org/1999/xhtml" xml:lang="en" lang="en">
 <head>
  <title>
</title>
<meta http-equiv="Content-Type" content="text/html;charset=utf-8" />
  <meta name='ocr-system' content='tesseract 3.04.00' />
  <meta name='ocr-capabilities' content='ocr_page ocr_carea ocr_par ocr_line ocrx_word'/>
</head>
<body>
  <div class='ocr_page' id='page_1' title='image "./registerofthomas01cathuoft_0525.png"; bbox 0 0 1987 3062; ppageno 0'>
   <div class='ocr_carea' id='block_1_1' title="bbox 454 226 1654 270">
    <p class='ocr_par' dir='ltr' id='par_1_1' title="bbox 454 226 1654 270">
     <span class='ocr_line' id='line_1_1' title="bbox 454 226 1654 270; baseline -0.001 0"><span class='ocrx_word' id='word_1_1' title='bbox 454 237 738 270; x_wconf 78' lang='lat' dir='ltr'><strong>REGISTRUM</strong></span> <span class='ocrx_word' id='word_1_2' title='bbox 765 236 1223 270; x_wconf 83' lang='lat' dir='ltr'>COMMUNE--ANNO</span> <span class='ocrx_word' id='word_1_3' title='bbox 1259 226 1348 268; x_wconf 84' lang='lat'>13⁰.</span> <span class='ocrx_word' id='word_1_4' title='bbox 1561 227 1654 269; x_wconf 85' lang='lat'>493</span> 
     </span>
    </p>
   </div>
   <div class='ocr_carea' id='block_1_2' title="bbox 117 336 1655 700">
    <p class='ocr_par' dir='ltr' id='par_1_2' title="bbox 117 336 1654 380">
     <span class='ocr_line' id='line_1_2' title="bbox 117 336 1654 380; baseline -0.003 -10"><span class='ocrx_word' id='word_1_5' title='bbox 117 337 192 380; x_wconf 53' lang='lat' dir='ltr'>AgD-</span> <span class='ocrx_word' id='word_1_6' title='bbox 231 341 322 370; x_wconf 85' lang='lat' dir='ltr'>John</span> <span class='ocrx_word' id='word_1_7' title='bbox 351 340 482 377; x_wconf 83' lang='lat' dir='ltr'>Stoute,</span> <span class='ocrx_word' id='word_1_8' title='bbox 512 340 652 377; x_wconf 86' lang='lat' dir='ltr'>deacon,</span> <span class='ocrx_word' id='word_1_9' title='bbox 680 339 750 369; x_wconf 76' lang='lat' dir='ltr'>“ad</span> <span class='ocrx_word' id='word_1_10' title='bbox 778 339 922 369; x_wconf 88' lang='lat' dir='ltr'>Sacrum</span> <span class='ocrx_word' id='word_1_11' title='bbox 949 338 1205 368; x_wconf 87' lang='lat' dir='ltr'>Presbiteratus</span> <span class='ocrx_word' id='word_1_12' title='bbox 1234 337 1427 367; x_wconf 80' lang='lat' dir='ltr'>Ordinem”</span> <span class='ocrx_word' id='word_1_13' title='bbox 1458 336 1583 377; x_wconf 73' lang='lat' dir='ltr'>(Clyst,</span> <span class='ocrx_word' id='word_1_14' title='bbox 1614 338 1654 367; x_wconf 85' lang='lat'>15</span> 
     </span>
    </p>

    <p class='ocr_par' dir='ltr' id='par_1_3' title="bbox 119 372 402 430">
     <span class='ocr_line' id='line_1_3' title="bbox 119 372 402 430; baseline -0.004 -16"><span class='ocrx_word' id='word_1_15' title='bbox 119 372 217 430; x_wconf 46' lang='lat'><strong>{2531</strong></span> <span class='ocrx_word' id='word_1_16' title='bbox 274 382 402 423; x_wconf 85' lang='lat' dir='ltr'>April).</span> 
     </span>
    </p>

    <p class='ocr_par' dir='ltr' id='par_1_4' title="bbox 118 434 1655 496">
     <span class='ocr_line' id='line_1_4' title="bbox 118 434 1655 496; baseline -0.002 -22"><span class='ocrx_word' id='word_1_17' title='bbox 118 438 185 496; x_wconf 48' lang='lat'>[53¹3</span> <span class='ocrx_word' id='word_1_18' title='bbox 226 437 308 474; x_wconf 99' lang='lat' dir='ltr'>The</span> <span class='ocrx_word' id='word_1_19' title='bbox 333 437 573 486; x_wconf 82' lang='lat' dir='ltr'>Expedition</span> <span class='ocrx_word' id='word_1_20' title='bbox 594 437 635 473; x_wconf 80' lang='lat' dir='ltr'>of</span> <span class='ocrx_word' id='word_1_21' title='bbox 654 436 722 473; x_wconf 91' lang='lat' dir='ltr'>the</span> <span class='ocrx_word' id='word_1_22' title='bbox 739 436 880 485; x_wconf 78' lang='lat' dir='ltr'>Bishop</span> <span class='ocrx_word' id='word_1_23' title='bbox 901 436 942 472; x_wconf 82' lang='lat' dir='ltr'>of</span> <span class='ocrx_word' id='word_1_24' title='bbox 962 435 1150 472; x_wconf 84' lang='lat' dir='ltr'>Norwich</span> <span class='ocrx_word' id='word_1_25' title='bbox 1171 435 1329 484; x_wconf 83' lang='lat' dir='ltr'>against</span> <span class='ocrx_word' id='word_1_26' title='bbox 1350 434 1418 471; x_wconf 88' lang='lat' dir='ltr'>the</span> <span class='ocrx_word' id='word_1_27' title='bbox 1438 434 1655 471; x_wconf 86' lang='lat' dir='ltr'>adherents</span> 
     </span>
    </p>

    <p class='ocr_par' dir='ltr' id='par_1_5' title="bbox 121 472 1655 700">
     <span class='ocr_line' id='line_1_5' title="bbox 121 472 1655 539; baseline -0.003 -11"><span class='ocrx_word' id='word_1_28' title='bbox 121 474 136 497; x_wconf 63' lang='lat' dir='ltr'>b</span> <span class='ocrx_word' id='word_1_29' title='bbox 158 472 177 501; x_wconf 58' lang='lat'>⁴]</span> <span class='ocrx_word' id='word_1_30' title='bbox 280 491 322 527; x_wconf 78' lang='lat' dir='ltr'>of</span> <span class='ocrx_word' id='word_1_31' title='bbox 349 491 417 528; x_wconf 83' lang='lat' dir='ltr'>the</span> <span class='ocrx_word' id='word_1_32' title='bbox 438 491 650 539; x_wconf 80' lang='lat' dir='ltr'>Anti-pope</span> <span class='ocrx_word' id='word_1_33' title='bbox 664 504 673 536; x_wconf 80' lang='lat'><em>3</em></span> <span class='ocrx_word' id='word_1_34' title='bbox 704 491 945 527; x_wconf 64' lang='lat' dir='ltr'>Mandatum</span> <span class='ocrx_word' id='word_1_35' title='bbox 964 489 1256 537; x_wconf 64' lang='lat' dir='ltr'>Archiepiscopi</span> <span class='ocrx_word' id='word_1_36' title='bbox 1284 495 1327 524; x_wconf 69' lang='grc' dir='ltr'><strong><em>Μ</em></strong></span> <span class='ocrx_word' id='word_1_37' title='bbox 1341 488 1603 537; x_wconf 72' lang='lat' dir='ltr'>processiones</span> <span class='ocrx_word' id='word_1_38' title='bbox 1622 495 1655 524; x_wconf 67' lang='lat' dir='ltr'>et</span> 
     </span>
     <span class='ocr_line' id='line_1_6' title="bbox 280 542 1652 592; baseline -0.002 -11"><span class='ocrx_word' id='word_1_39' title='bbox 280 545 479 581; x_wconf 65' lang='lat' dir='ltr'>oraciones</span> <span class='ocrx_word' id='word_1_40' title='bbox 497 544 607 592; x_wconf 69' lang='lat' dir='ltr'><em>fison!</em></span> <span class='ocrx_word' id='word_1_41' title='bbox 630 558 705 592; x_wconf 68' lang='lat' dir='ltr'>pro</span> <span class='ocrx_word' id='word_1_42' title='bbox 722 544 841 592; x_wconf 53' lang='lat' dir='ltr'>sklici</span> <span class='ocrx_word' id='word_1_43' title='bbox 879 543 1122 592; x_wconf 63' lang='lat' dir='ltr'>enqaerlicione</span> <span class='ocrx_word' id='word_1_44' title='bbox 1161 543 1346 591; x_wconf 73' lang='lat' dir='ltr'>Episcopi</span> <span class='ocrx_word' id='word_1_45' title='bbox 1376 542 1652 588; x_wconf 60' lang='lat' dir='ltr'>waoieemis,</span> 
     </span>
     <span class='ocr_line' id='line_1_7' title="bbox 283 596 1655 646; baseline -0.004 -10"><span class='ocrx_word' id='word_1_46' title='bbox 283 599 514 636; x_wconf 73' lang='lat' dir='ltr'>Cruciatam</span> <span class='ocrx_word' id='word_1_47' title='bbox 535 612 559 634; x_wconf 78' lang='lat' dir='ltr'>a</span> <span class='ocrx_word' id='word_1_48' title='bbox 579 599 673 635; x_wconf 61' lang='lat' dir='ltr'>Sede</span> <span class='ocrx_word' id='word_1_49' title='bbox 694 598 914 646; x_wconf 72' lang='lat' dir='ltr'>Apostolica</span> <span class='ocrx_word' id='word_1_50' title='bbox 934 597 1009 633; x_wconf 69' lang='lat' dir='ltr'>sibi</span> <span class='ocrx_word' id='word_1_51' title='bbox 1030 610 1243 633; x_wconf 70' lang='lat' dir='ltr'><em>concessam</em></span> <span class='ocrx_word' id='word_1_52' title='bbox 1263 603 1399 633; x_wconf 74' lang='lat' dir='ltr'>contra</span> <span class='ocrx_word' id='word_1_53' title='bbox 1420 596 1655 633; x_wconf 61' lang='lat' dir='ltr'>scismaticos</span> 
     </span>
     <span class='ocr_line' id='line_1_8' title="bbox 279 650 1483 700; baseline -0.002 -12"><span class='ocrx_word' id='word_1_54' title='bbox 279 652 516 698; x_wconf 64' lang='lat' dir='ltr'>emen-emis,</span> <span class='ocrx_word' id='word_1_55' title='bbox 540 666 628 688; x_wconf 74' lang='lat' dir='ltr'>cum</span> <span class='ocrx_word' id='word_1_56' title='bbox 648 652 914 700; x_wconf 72' lang='lat' dir='ltr'>lndeclgsencia</span> <span class='ocrx_word' id='word_1_57' title='bbox 933 651 1104 699; x_wconf 55' lang='lat' dir='ltr'>&lt;jusdem</span> <span class='ocrx_word' id='word_1_58' title='bbox 1123 650 1483 699; x_wconf 73' lang='lat' dir='ltr'>Archiepiscopi‚-</span> 
     </span>
    </p>
   </div>
   <div class='ocr_carea' id='block_1_3' title="bbox 121 727 1656 2706">
    <p class='ocr_par' dir='ltr' id='par_1_6' title="bbox 230 727 1656 1033">
     <span class='ocr_line' id='line_1_9' title="bbox 230 727 1656 768; baseline -0.002 -9"><span class='ocrx_word' id='word_1_59' title='bbox 230 729 392 759; x_wconf 86' lang='lat' dir='ltr'>Directed</span> <span class='ocrx_word' id='word_1_60' title='bbox 418 733 454 759; x_wconf 89' lang='lat' dir='ltr'>to</span> <span class='ocrx_word' id='word_1_61' title='bbox 483 729 542 759; x_wconf 85' lang='lat' dir='ltr'>the</span> <span class='ocrx_word' id='word_1_62' title='bbox 569 729 697 768; x_wconf 76' lang='lat' dir='ltr'>Bisliop</span> <span class='ocrx_word' id='word_1_63' title='bbox 721 728 757 758; x_wconf 80' lang='lat' dir='ltr'>of</span> <span class='ocrx_word' id='word_1_64' title='bbox 782 729 934 763; x_wconf 74' lang='lat' dir='ltr'>London,</span> <span class='ocrx_word' id='word_1_65' title='bbox 953 728 1030 757; x_wconf 83' lang='lat' dir='ltr'>who</span> <span class='ocrx_word' id='word_1_66' title='bbox 1055 732 1131 757; x_wconf 89' lang='lat' dir='ltr'>sent</span> <span class='ocrx_word' id='word_1_67' title='bbox 1158 738 1177 757; x_wconf 87' lang='lat' dir='ltr'>a</span> <span class='ocrx_word' id='word_1_68' title='bbox 1204 738 1291 767; x_wconf 82' lang='lat' dir='ltr'>copy</span> <span class='ocrx_word' id='word_1_69' title='bbox 1315 730 1351 757; x_wconf 89' lang='lat' dir='ltr'>to</span> <span class='ocrx_word' id='word_1_70' title='bbox 1377 727 1436 757; x_wconf 87' lang='lat' dir='ltr'>the</span> <span class='ocrx_word' id='word_1_71' title='bbox 1466 727 1595 766; x_wconf 86' lang='lat' dir='ltr'>Bishop</span> <span class='ocrx_word' id='word_1_72' title='bbox 1619 727 1656 756; x_wconf 86' lang='lat' dir='ltr'>of</span> 
     </span>
     <span class='ocr_line' id='line_1_10' title="bbox 276 771 1655 813; baseline -0.001 -10"><span class='ocrx_word' id='word_1_73' title='bbox 276 774 413 810; x_wconf 83' lang='lat' dir='ltr'>Exeter‚</span> <span class='ocrx_word' id='word_1_74' title='bbox 430 774 520 803; x_wconf 86' lang='lat' dir='ltr'>from</span> <span class='ocrx_word' id='word_1_75' title='bbox 546 773 728 813; x_wconf 58' lang='lat' dir='ltr'>lVykham,</span> <span class='ocrx_word' id='word_1_76' title='bbox 756 773 796 802; x_wconf 89' lang='grc'>16</span> <span class='ocrx_word' id='word_1_77' title='bbox 821 773 969 811; x_wconf 34' lang='lat' dir='ltr'>April,j</span> <span class='ocrx_word' id='word_1_78' title='bbox 980 773 1051 802; x_wconf 82' lang='lat' dir='ltr'>Rex</span> <span class='ocrx_word' id='word_1_79' title='bbox 1075 772 1249 811; x_wconf 77' lang='lat' dir='ltr'>pacificuS,</span> <span class='ocrx_word' id='word_1_80' title='bbox 1269 771 1428 801; x_wconf 86' lang='lat' dir='ltr'>Christus</span> <span class='ocrx_word' id='word_1_81' title='bbox 1451 772 1587 809; x_wconf 66' lang='lat' dir='ltr'>jhesus,</span> <span class='ocrx_word' id='word_1_82' title='bbox 1614 773 1655 801; x_wconf 88' lang='lat' dir='ltr'>de</span> 
     </span>
     <span class='ocr_line' id='line_1_11' title="bbox 275 816 1654 855; baseline -0.001 -9"><span class='ocrx_word' id='word_1_83' title='bbox 275 818 338 847; x_wconf 89' lang='lat' dir='ltr'>hoc</span> <span class='ocrx_word' id='word_1_84' title='bbox 356 818 485 847; x_wconf 82' lang='lat' dir='ltr'>inundo</span> <span class='ocrx_word' id='word_1_85' title='bbox 502 818 715 847; x_wconf 79' lang='lat' dir='ltr'>transiturus</span> <span class='ocrx_word' id='word_1_86' title='bbox 732 817 774 846; x_wconf 85' lang='lat' dir='ltr'>ad</span> <span class='ocrx_word' id='word_1_87' title='bbox 794 817 944 853; x_wconf 87' lang='lat' dir='ltr'>Patrem,</span> <span class='ocrx_word' id='word_1_88' title='bbox 963 817 1131 855; x_wconf 86' lang='lat' dir='ltr'>discipulo</span> <span class='ocrx_word' id='word_1_89' title='bbox 1146 816 1213 845; x_wconf 86' lang='lat' dir='ltr'>Suo</span> <span class='ocrx_word' id='word_1_90' title='bbox 1232 816 1344 851; x_wconf 77' lang='lat' dir='ltr'>Petro,</span> <span class='ocrx_word' id='word_1_91' title='bbox 1357 816 1495 855; x_wconf 85' lang='lat' dir='ltr'>suisque</span> <span class='ocrx_word' id='word_1_92' title='bbox 1515 816 1654 845; x_wconf 86' lang='lat' dir='ltr'>Succes-</span> 
     </span>
     <span class='ocr_line' id='line_1_12' title="bbox 276 860 1654 900; baseline -0.001 -9"><span class='ocrx_word' id='word_1_93' title='bbox 276 862 420 899; x_wconf 84' lang='lat' dir='ltr'>soribus,</span> <span class='ocrx_word' id='word_1_94' title='bbox 438 872 518 891; x_wconf 88' lang='lat' dir='ltr'>oves</span> <span class='ocrx_word' id='word_1_95' title='bbox 536 871 615 891; x_wconf 89' lang='lat' dir='ltr'>suas</span> <span class='ocrx_word' id='word_1_96' title='bbox 631 861 823 900; x_wconf 89' lang='lat' dir='ltr'>pascendas</span> <span class='ocrx_word' id='word_1_97' title='bbox 841 861 1024 897; x_wconf 87' lang='lat' dir='ltr'>commisit,</span> <span class='ocrx_word' id='word_1_98' title='bbox 1042 870 1081 890; x_wconf 83' lang='lat' dir='ltr'>ac</span> <span class='ocrx_word' id='word_1_99' title='bbox 1099 860 1258 889; x_wconf 87' lang='lat' dir='ltr'>omnibus</span> <span class='ocrx_word' id='word_1_100' title='bbox 1278 860 1406 889; x_wconf 86' lang='lat' dir='ltr'>Electis</span> <span class='ocrx_word' id='word_1_101' title='bbox 1433 860 1510 889; x_wconf 87' lang='lat' dir='ltr'>Suis</span> <span class='ocrx_word' id='word_1_102' title='bbox 1534 870 1654 899; x_wconf 88' lang='lat' dir='ltr'>pacem</span> 
     </span>
     <span class='ocr_line' id='line_1_13' title="bbox 276 904 1654 944; baseline -0.001 -9"><span class='ocrx_word' id='word_1_103' title='bbox 276 910 310 935; x_wconf 91' lang='lat' dir='ltr'>et</span> <span class='ocrx_word' id='word_1_104' title='bbox 336 906 508 935; x_wconf 86' lang='lat' dir='ltr'>unitatem</span> <span class='ocrx_word' id='word_1_105' title='bbox 535 906 697 944; x_wconf 77' lang='lat' dir='ltr'>precipue</span> <span class='ocrx_word' id='word_1_106' title='bbox 723 905 990 939; x_wconf 84' lang='lat' dir='ltr'>commendavit,</span> <span class='ocrx_word' id='word_1_107' title='bbox 1009 908 1046 934; x_wconf 87' lang='lat' dir='ltr'>ut</span> <span class='ocrx_word' id='word_1_108' title='bbox 1076 914 1138 943; x_wconf 87' lang='lat' dir='ltr'>per</span> <span class='ocrx_word' id='word_1_109' title='bbox 1158 904 1417 934; x_wconf 73' lang='lat' dir='ltr'>observent-iani</span> <span class='ocrx_word' id='word_1_110' title='bbox 1445 905 1540 943; x_wconf 81' lang='lat' dir='ltr'>pacis</span> <span class='ocrx_word' id='word_1_111' title='bbox 1569 908 1654 934; x_wconf 81' lang='lat' dir='ltr'>&#39;teni-</span> 
     </span>
     <span class='ocr_line' id='line_1_14' title="bbox 274 949 1654 989; baseline -0.001 -10"><span class='ocrx_word' id='word_1_112' title='bbox 274 950 403 989; x_wconf 87' lang='lat' dir='ltr'>poralis</span> <span class='ocrx_word' id='word_1_113' title='bbox 419 950 454 979; x_wconf 90' lang='lat' dir='ltr'>in</span> <span class='ocrx_word' id='word_1_114' title='bbox 472 950 643 979; x_wconf 87' lang='lat' dir='ltr'>unitatem</span> <span class='ocrx_word' id='word_1_115' title='bbox 664 949 758 978; x_wconf 83' lang='lat' dir='ltr'>Fidei</span> <span class='ocrx_word' id='word_1_116' title='bbox 776 955 1008 981; x_wconf 80' lang='lat' dir='ltr'>occurrerent,</span> <span class='ocrx_word' id='word_1_117' title='bbox 1022 949 1056 978; x_wconf 92' lang='lat' dir='ltr'>in</span> <span class='ocrx_word' id='word_1_118' title='bbox 1071 949 1182 978; x_wconf 84' lang='lat' dir='ltr'>virum</span> <span class='ocrx_word' id='word_1_119' title='bbox 1200 949 1406 989; x_wconf 79' lang='lat' dir='ltr'>perfectum,</span> <span class='ocrx_word' id='word_1_120' title='bbox 1421 953 1454 978; x_wconf 84' lang='lat' dir='ltr'>et</span> <span class='ocrx_word' id='word_1_121' title='bbox 1473 949 1517 977; x_wconf 91' lang='lat' dir='ltr'>ad</span> <span class='ocrx_word' id='word_1_122' title='bbox 1533 958 1654 987; x_wconf 87' lang='lat' dir='ltr'>pacem</span> 
     </span>
     <span class='ocr_line' id='line_1_15' title="bbox 274 993 1654 1033; baseline -0.001 -10"><span class='ocrx_word' id='word_1_123' title='bbox 274 994 513 1033; x_wconf 83' lang='lat' dir='ltr'>pertingerent</span> <span class='ocrx_word' id='word_1_124' title='bbox 540 994 810 1032; x_wconf 77' lang='lat' dir='ltr'>senipiternani;</span> <span class='ocrx_word' id='word_1_125' title='bbox 835 993 935 1032; x_wconf 89' lang='lat' dir='ltr'>quod,</span> <span class='ocrx_word' id='word_1_126' title='bbox 953 993 1082 1032; x_wconf 81' lang='lat' dir='ltr'>utique,</span> <span class='ocrx_word' id='word_1_127' title='bbox 1109 993 1193 1022; x_wconf 84' lang='lat' dir='ltr'>satis</span> <span class='ocrx_word' id='word_1_128' title='bbox 1217 993 1413 1029; x_wconf 84' lang='lat' dir='ltr'>advertens,</span> <span class='ocrx_word' id='word_1_129' title='bbox 1431 993 1574 1022; x_wconf 87' lang='lat' dir='ltr'>humani</span> <span class='ocrx_word' id='word_1_130' title='bbox 1599 1003 1654 1030; x_wconf 83' lang='lat' dir='ltr'>ge-</span> 
     </span>
    </p>

    <p class='ocr_par' dir='ltr' id='par_1_7' title="bbox 121 1036 1655 2706">
     <span class='ocr_line' id='line_1_16' title="bbox 121 1036 1654 1077; baseline 0 -11"><span class='ocrx_word' id='word_1_131' title='bbox 121 1036 177 1066; x_wconf 85' lang='lat' dir='ltr'>[fol.</span> <span class='ocrx_word' id='word_1_132' title='bbox 194 1036 230 1066; x_wconf 62' lang='lat'>7.)</span> <span class='ocrx_word' id='word_1_133' title='bbox 277 1038 370 1068; x_wconf 87' lang='lat' dir='ltr'>neris</span> <span class='ocrx_word' id='word_1_134' title='bbox 388 1038 496 1068; x_wconf 89' lang='lat' dir='ltr'>hostis</span> <span class='ocrx_word' id='word_1_135' title='bbox 513 1038 686 1077; x_wconf 86' lang='lat' dir='ltr'>antiquus,</span> <span class='ocrx_word' id='word_1_136' title='bbox 704 1038 761 1076; x_wconf 88' lang='lat' dir='ltr'>qui</span> <span class='ocrx_word' id='word_1_137' title='bbox 779 1047 841 1067; x_wconf 91' lang='lat' dir='ltr'>sua</span> <span class='ocrx_word' id='word_1_138' title='bbox 858 1037 1070 1067; x_wconf 77' lang='lat' dir='ltr'>dissensione</span> <span class='ocrx_word' id='word_1_139' title='bbox 1087 1047 1208 1075; x_wconf 88' lang='lat' dir='ltr'>pacem</span> <span class='ocrx_word' id='word_1_140' title='bbox 1233 1040 1268 1066; x_wconf 91' lang='lat' dir='ltr'>et</span> <span class='ocrx_word' id='word_1_141' title='bbox 1292 1037 1490 1076; x_wconf 78' lang='lat' dir='ltr'>universam</span> <span class='ocrx_word' id='word_1_142' title='bbox 1516 1047 1654 1066; x_wconf 87' lang='lat' dir='ltr'>concor-</span> 
     </span>
     <span class='ocr_line' id='line_1_17' title="bbox 275 1081 1655 1120; baseline -0.001 -9"><span class='ocrx_word' id='word_1_143' title='bbox 275 1082 367 1111; x_wconf 84' lang='lat' dir='ltr'>diam</span> <span class='ocrx_word' id='word_1_144' title='bbox 386 1082 579 1112; x_wconf 85' lang='lat' dir='ltr'>Nacionum</span> <span class='ocrx_word' id='word_1_145' title='bbox 602 1091 738 1120; x_wconf 87' lang='lat' dir='ltr'>semper</span> <span class='ocrx_word' id='word_1_146' title='bbox 761 1081 890 1120; x_wconf 75' lang='lat' dir='ltr'>satagit</span> <span class='ocrx_word' id='word_1_147' title='bbox 915 1081 1054 1117; x_wconf 81' lang='lat' dir='ltr'>violare,</span> <span class='ocrx_word' id='word_1_148' title='bbox 1072 1081 1168 1120; x_wconf 82' lang='lat' dir='ltr'>quasi</span> <span class='ocrx_word' id='word_1_149' title='bbox 1193 1081 1355 1110; x_wconf 83' lang='lat' dir='ltr'>universa</span> <span class='ocrx_word' id='word_1_150' title='bbox 1379 1081 1499 1110; x_wconf 89' lang='lat' dir='ltr'>mundi</span> <span class='ocrx_word' id='word_1_151' title='bbox 1526 1081 1655 1120; x_wconf 78' lang='lat' dir='ltr'>Regna,</span> 
     </span>
     <span class='ocr_line' id='line_1_18' title="bbox 275 1125 1655 1163; baseline -0.001 -8"><span class='ocrx_word' id='word_1_152' title='bbox 275 1136 337 1155; x_wconf 88' lang='lat' dir='ltr'>sua</span> <span class='ocrx_word' id='word_1_153' title='bbox 353 1127 520 1163; x_wconf 79' lang='lat' dir='ltr'>versucia,</span> <span class='ocrx_word' id='word_1_154' title='bbox 538 1126 582 1155; x_wconf 89' lang='lat' dir='ltr'>ad</span> <span class='ocrx_word' id='word_1_155' title='bbox 599 1135 742 1163; x_wconf 84' lang='lat' dir='ltr'>guerras</span> <span class='ocrx_word' id='word_1_156' title='bbox 760 1128 794 1155; x_wconf 86' lang='lat' dir='ltr'>et</span> <span class='ocrx_word' id='word_1_157' title='bbox 820 1125 1008 1155; x_wconf 77' lang='lat' dir='ltr'>discordias</span> <span class='ocrx_word' id='word_1_158' title='bbox 1033 1125 1224 1162; x_wconf 81' lang='lat' dir='ltr'>suscitavit,</span> <span class='ocrx_word' id='word_1_159' title='bbox 1243 1129 1277 1154; x_wconf 91' lang='lat' dir='ltr'>et</span> <span class='ocrx_word' id='word_1_160' title='bbox 1302 1125 1445 1154; x_wconf 87' lang='lat' dir='ltr'>tandem</span> <span class='ocrx_word' id='word_1_161' title='bbox 1470 1125 1655 1154; x_wconf 87' lang='lat' dir='ltr'>nonnullas</span> 
     </span>
     <span class='ocr_line' id='line_1_19' title="bbox 276 1169 1655 1209; baseline -0.001 -10"><span class='ocrx_word' id='word_1_162' title='bbox 276 1170 427 1200; x_wconf 90' lang='lat' dir='ltr'>Ecclesie</span> <span class='ocrx_word' id='word_1_163' title='bbox 445 1170 657 1209; x_wconf 74' lang='lat' dir='ltr'>columpnas,</span> <span class='ocrx_word' id='word_1_164' title='bbox 676 1170 866 1199; x_wconf 84' lang='lat' dir='ltr'>Robertum</span> <span class='ocrx_word' id='word_1_165' title='bbox 884 1169 1056 1207; x_wconf 80' lang='lat' dir='ltr'>videlicet,</span> <span class='ocrx_word' id='word_1_166' title='bbox 1075 1169 1156 1198; x_wconf 91' lang='lat' dir='ltr'>olim</span> <span class='ocrx_word' id='word_1_167' title='bbox 1176 1169 1322 1199; x_wconf 78' lang='lat' dir='ltr'>Basilice</span> <span class='ocrx_word' id='word_1_168' title='bbox 1349 1169 1538 1198; x_wconf 82' lang='lat' dir='ltr'>Duodecim</span> <span class='ocrx_word' id='word_1_169' title='bbox 1565 1170 1655 1208; x_wconf 86' lang='lat' dir='ltr'>Apo-</span> 
     </span>
     <span class='ocr_line' id='line_1_20' title="bbox 275 1213 1655 1253; baseline -0.001 -9"><span class='ocrx_word' id='word_1_170' title='bbox 275 1214 453 1251; x_wconf 85' lang='lat' dir='ltr'>stolorum,</span> <span class='ocrx_word' id='word_1_171' title='bbox 465 1215 657 1253; x_wconf 79' lang='lat' dir='ltr'>vulgariter</span> <span class='ocrx_word' id='word_1_172' title='bbox 667 1214 798 1243; x_wconf 86' lang='lat' dir='ltr'>dictum</span> <span class='ocrx_word' id='word_1_173' title='bbox 814 1213 1305 1251; x_wconf 82' lang='lat' dir='ltr'>Gebennensem,Johannem,</span> <span class='ocrx_word' id='word_1_174' title='bbox 1320 1213 1399 1242; x_wconf 90' lang='lat' dir='ltr'>olim</span> <span class='ocrx_word' id='word_1_175' title='bbox 1416 1213 1520 1242; x_wconf 87' lang='lat' dir='ltr'>Tituli</span> <span class='ocrx_word' id='word_1_176' title='bbox 1537 1213 1655 1243; x_wconf 82' lang='lat' dir='ltr'>Sancti</span> 
     </span>
     <span class='ocr_line' id='line_1_21' title="bbox 277 1257 1654 1297; baseline -0.001 -9"><span class='ocrx_word' id='word_1_177' title='bbox 277 1259 441 1296; x_wconf 82' lang='lat' dir='ltr'>Marcelli,</span> <span class='ocrx_word' id='word_1_178' title='bbox 458 1259 651 1297; x_wconf 72' lang='lat' dir='ltr'>vulgariter</span> <span class='ocrx_word' id='word_1_179' title='bbox 668 1258 798 1287; x_wconf 85' lang='lat' dir='ltr'>dictum</span> <span class='ocrx_word' id='word_1_180' title='bbox 816 1258 1098 1293; x_wconf 86' lang='lat' dir='ltr'>Ambianensem,</span> <span class='ocrx_word' id='word_1_181' title='bbox 1115 1257 1313 1294; x_wconf 85' lang='lat' dir='ltr'>Geraldum,</span> <span class='ocrx_word' id='word_1_182' title='bbox 1332 1257 1412 1286; x_wconf 75' lang='lat' dir='ltr'>olim</span> <span class='ocrx_word' id='word_1_183' title='bbox 1431 1257 1535 1286; x_wconf 90' lang='lat' dir='ltr'>Tituli</span> <span class='ocrx_word' id='word_1_184' title='bbox 1552 1257 1654 1287; x_wconf 88' lang='lat' dir='ltr'>Sanc-</span> 
     </span>
     <span class='ocr_line' id='line_1_22' title="bbox 274 1301 1654 1341; baseline -0.001 -9"><span class='ocrx_word' id='word_1_185' title='bbox 274 1303 300 1332; x_wconf 86' lang='lat' dir='ltr'>ti</span> <span class='ocrx_word' id='word_1_186' title='bbox 335 1302 534 1340; x_wconf 85' lang='lat' dir='ltr'>Clementis,</span> <span class='ocrx_word' id='word_1_187' title='bbox 566 1302 758 1341; x_wconf 69' lang='lat' dir='ltr'>vulgariter</span> <span class='ocrx_word' id='word_1_188' title='bbox 797 1302 929 1331; x_wconf 89' lang='lat' dir='ltr'>dictum</span> <span class='ocrx_word' id='word_1_189' title='bbox 966 1301 1322 1341; x_wconf 67' lang='lat' dir='ltr'>Majorismonasterii,</span> <span class='ocrx_word' id='word_1_190' title='bbox 1357 1302 1581 1338; x_wconf 85' lang='lat' dir='ltr'>Presbiteros,</span> <span class='ocrx_word' id='word_1_191' title='bbox 1619 1306 1654 1331; x_wconf 83' lang='lat' dir='ltr'>et</span> 
     </span>
     <span class='ocr_line' id='line_1_23' title="bbox 275 1346 1649 1385; baseline 0 -10"><span class='ocrx_word' id='word_1_192' title='bbox 275 1346 462 1385; x_wconf 89' lang='lat' dir='ltr'>dampnate</span> <span class='ocrx_word' id='word_1_193' title='bbox 486 1347 652 1376; x_wconf 85' lang='lat' dir='ltr'>memorie</span> <span class='ocrx_word' id='word_1_194' title='bbox 677 1346 830 1383; x_wconf 88' lang='lat' dir='ltr'>Petrum,</span> <span class='ocrx_word' id='word_1_195' title='bbox 849 1346 930 1375; x_wconf 93' lang='lat' dir='ltr'>olim</span> <span class='ocrx_word' id='word_1_196' title='bbox 957 1346 1075 1375; x_wconf 81' lang='lat' dir='ltr'>Sancti</span> <span class='ocrx_word' id='word_1_197' title='bbox 1102 1346 1280 1375; x_wconf 78' lang='lat' dir='ltr'>Eustachii</span> <span class='ocrx_word' id='word_1_198' title='bbox 1307 1346 1511 1383; x_wconf 75' lang='lat' dir='ltr'>Diaconum,</span> <span class='ocrx_word' id='word_1_199' title='bbox 1531 1346 1649 1376; x_wconf 86' lang='lat' dir='ltr'>Cardi-</span> 
     </span>
     <span class='ocr_line' id='line_1_24' title="bbox 274 1389 1653 1429; baseline 0 -10"><span class='ocrx_word' id='word_1_200' title='bbox 274 1390 379 1427; x_wconf 88' lang='lat' dir='ltr'>nales,</span> <span class='ocrx_word' id='word_1_201' title='bbox 398 1390 491 1419; x_wconf 85' lang='lat' dir='ltr'>intra</span> <span class='ocrx_word' id='word_1_202' title='bbox 508 1394 667 1420; x_wconf 88' lang='lat' dir='ltr'>materna</span> <span class='ocrx_word' id='word_1_203' title='bbox 684 1391 817 1420; x_wconf 76' lang='lat' dir='ltr'>viscera</span> <span class='ocrx_word' id='word_1_204' title='bbox 834 1390 974 1429; x_wconf 88' lang='lat' dir='ltr'>positos,</span> <span class='ocrx_word' id='word_1_205' title='bbox 993 1390 1027 1419; x_wconf 92' lang='lat' dir='ltr'>in</span> <span class='ocrx_word' id='word_1_206' title='bbox 1046 1400 1185 1420; x_wconf 88' lang='lat' dir='ltr'>sensum</span> <span class='ocrx_word' id='word_1_207' title='bbox 1203 1389 1388 1429; x_wconf 86' lang='lat' dir='ltr'>reprobum</span> <span class='ocrx_word' id='word_1_208' title='bbox 1406 1395 1439 1419; x_wconf 88' lang='lat' dir='ltr'>et</span> <span class='ocrx_word' id='word_1_209' title='bbox 1458 1393 1653 1419; x_wconf 89' lang='lat' dir='ltr'>tortuosum</span> 
     </span>
     <span class='ocr_line' id='line_1_25' title="bbox 273 1434 1654 1473; baseline 0 -10"><span class='ocrx_word' id='word_1_210' title='bbox 273 1434 443 1473; x_wconf 83' lang='lat' dir='ltr'>laqueum,</span> <span class='ocrx_word' id='word_1_211' title='bbox 475 1435 519 1463; x_wconf 90' lang='lat' dir='ltr'>ad</span> <span class='ocrx_word' id='word_1_212' title='bbox 551 1434 778 1464; x_wconf 88' lang='lat' dir='ltr'>scindendum</span> <span class='ocrx_word' id='word_1_213' title='bbox 812 1434 1055 1463; x_wconf 88' lang='lat' dir='ltr'>inconsutilem</span> <span class='ocrx_word' id='word_1_214' title='bbox 1088 1434 1243 1463; x_wconf 87' lang='lat' dir='ltr'>tunicam</span> <span class='ocrx_word' id='word_1_215' title='bbox 1281 1434 1419 1463; x_wconf 87' lang='lat' dir='ltr'>Domini</span> <span class='ocrx_word' id='word_1_216' title='bbox 1451 1438 1486 1463; x_wconf 88' lang='lat' dir='ltr'>et</span> <span class='ocrx_word' id='word_1_217' title='bbox 1528 1434 1654 1463; x_wconf 85' lang='lat' dir='ltr'>Sancte</span> 
     </span>
     <span class='ocr_line' id='line_1_26' title="bbox 274 1478 1653 1515; baseline 0 -8"><span class='ocrx_word' id='word_1_218' title='bbox 274 1478 396 1507; x_wconf 88' lang='lat' dir='ltr'>Matris</span> <span class='ocrx_word' id='word_1_219' title='bbox 422 1478 573 1507; x_wconf 89' lang='lat' dir='ltr'>Ecclesie</span> <span class='ocrx_word' id='word_1_220' title='bbox 598 1479 781 1515; x_wconf 88' lang='lat' dir='ltr'>unitatem,</span> <span class='ocrx_word' id='word_1_221' title='bbox 815 1488 876 1507; x_wconf 90' lang='lat' dir='ltr'>sua</span> <span class='ocrx_word' id='word_1_222' title='bbox 900 1478 1015 1507; x_wconf 76' lang='lat' dir='ltr'>fallaci</span> <span class='ocrx_word' id='word_1_223' title='bbox 1042 1478 1233 1507; x_wconf 86' lang='lat' dir='ltr'>calliditate</span> <span class='ocrx_word' id='word_1_224' title='bbox 1258 1478 1428 1507; x_wconf 83' lang='lat' dir='ltr'>subvertit</span> <span class='ocrx_word' id='word_1_225' title='bbox 1454 1478 1488 1507; x_wconf 90' lang='lat' dir='ltr'>in</span> <span class='ocrx_word' id='word_1_226' title='bbox 1514 1481 1653 1507; x_wconf 87' lang='lat' dir='ltr'>tantum</span> 
     </span>
     <span class='ocr_line' id='line_1_27' title="bbox 273 1522 1654 1560; baseline 0 -9"><span class='ocrx_word' id='word_1_227' title='bbox 273 1522 372 1560; x_wconf 77' lang='lat' dir='ltr'>quod,</span> <span class='ocrx_word' id='word_1_228' title='bbox 391 1524 468 1560; x_wconf 85' lang='lat' dir='ltr'>post</span> <span class='ocrx_word' id='word_1_229' title='bbox 485 1522 595 1551; x_wconf 89' lang='lat' dir='ltr'>multa</span> <span class='ocrx_word' id='word_1_230' title='bbox 613 1522 768 1551; x_wconf 81' lang='lat' dir='ltr'>enormia</span> <span class='ocrx_word' id='word_1_231' title='bbox 784 1532 846 1560; x_wconf 90' lang='lat' dir='ltr'>per</span> <span class='ocrx_word' id='word_1_232' title='bbox 863 1522 973 1551; x_wconf 88' lang='lat' dir='ltr'>dictos</span> <span class='ocrx_word' id='word_1_233' title='bbox 988 1522 1177 1551; x_wconf 86' lang='lat' dir='ltr'>Robertum</span> <span class='ocrx_word' id='word_1_234' title='bbox 1196 1525 1230 1551; x_wconf 89' lang='lat' dir='ltr'>et</span> <span class='ocrx_word' id='word_1_235' title='bbox 1248 1522 1333 1551; x_wconf 89' lang='lat' dir='ltr'>alios</span> <span class='ocrx_word' id='word_1_236' title='bbox 1351 1522 1432 1551; x_wconf 88' lang='lat' dir='ltr'>olim</span> <span class='ocrx_word' id='word_1_237' title='bbox 1452 1522 1654 1552; x_wconf 86' lang='lat' dir='ltr'>Cardinales</span> 
     </span>
     <span class='ocr_line' id='line_1_28' title="bbox 272 1565 1653 1603; baseline 0 -8"><span class='ocrx_word' id='word_1_238' title='bbox 272 1569 393 1595; x_wconf 86' lang='lat' dir='ltr'>contra</span> <span class='ocrx_word' id='word_1_239' title='bbox 419 1566 610 1596; x_wconf 83' lang='lat' dir='ltr'>Romanam</span> <span class='ocrx_word' id='word_1_240' title='bbox 637 1566 827 1595; x_wconf 84' lang='lat' dir='ltr'>Ecclesiam</span> <span class='ocrx_word' id='word_1_241' title='bbox 852 1569 886 1595; x_wconf 86' lang='lat' dir='ltr'>et</span> <span class='ocrx_word' id='word_1_242' title='bbox 912 1566 1089 1595; x_wconf 85' lang='lat' dir='ltr'>Vicarium</span> <span class='ocrx_word' id='word_1_243' title='bbox 1115 1565 1255 1603; x_wconf 87' lang='lat' dir='ltr'>Christi,</span> <span class='ocrx_word' id='word_1_244' title='bbox 1282 1566 1468 1595; x_wconf 90' lang='lat' dir='ltr'>Dominum</span> <span class='ocrx_word' id='word_1_245' title='bbox 1495 1569 1653 1596; x_wconf 90' lang='lat' dir='ltr'>nostrum</span> 
     </span>
     <span class='ocr_line' id='line_1_29' title="bbox 274 1610 1652 1649; baseline 0 -10"><span class='ocrx_word' id='word_1_246' title='bbox 274 1610 403 1648; x_wconf 82' lang='lat' dir='ltr'>Papam</span> <span class='ocrx_word' id='word_1_247' title='bbox 422 1610 603 1640; x_wconf 87' lang='lat' dir='ltr'>Urbanum</span> <span class='ocrx_word' id='word_1_248' title='bbox 623 1610 776 1647; x_wconf 77' lang='lat' dir='ltr'>Sextum,</span> <span class='ocrx_word' id='word_1_249' title='bbox 794 1610 928 1639; x_wconf 86' lang='lat' dir='ltr'>notorie</span> <span class='ocrx_word' id='word_1_250' title='bbox 945 1613 1157 1649; x_wconf 86' lang='lat' dir='ltr'>perpetrata,</span> <span class='ocrx_word' id='word_1_251' title='bbox 1176 1610 1427 1639; x_wconf 86' lang='lat' dir='ltr'>descendentes</span> <span class='ocrx_word' id='word_1_252' title='bbox 1452 1610 1487 1639; x_wconf 94' lang='lat' dir='ltr'>in</span> <span class='ocrx_word' id='word_1_253' title='bbox 1511 1611 1652 1649; x_wconf 85' lang='lat' dir='ltr'>profun-</span> 
     </span>
     <span class='ocr_line' id='line_1_30' title="bbox 274 1654 1653 1693; baseline 0.001 -11"><span class='ocrx_word' id='word_1_254' title='bbox 274 1654 355 1683; x_wconf 90' lang='lat' dir='ltr'>dum</span> <span class='ocrx_word' id='word_1_255' title='bbox 382 1654 561 1690; x_wconf 83' lang='lat' dir='ltr'>malorum,</span> <span class='ocrx_word' id='word_1_256' title='bbox 587 1654 734 1692; x_wconf 85' lang='lat' dir='ltr'>predicti</span> <span class='ocrx_word' id='word_1_257' title='bbox 759 1654 945 1691; x_wconf 85' lang='lat' dir='ltr'>Johannes,</span> <span class='ocrx_word' id='word_1_258' title='bbox 974 1654 1153 1691; x_wconf 81' lang='lat' dir='ltr'>Geraldus,</span> <span class='ocrx_word' id='word_1_259' title='bbox 1178 1658 1214 1683; x_wconf 85' lang='lat' dir='ltr'>et</span> <span class='ocrx_word' id='word_1_260' title='bbox 1239 1654 1372 1689; x_wconf 70' lang='lat' dir='ltr'>Petrus„</span> <span class='ocrx_word' id='word_1_261' title='bbox 1398 1654 1490 1692; x_wconf 88' lang='lat' dir='ltr'>olim,</span> <span class='ocrx_word' id='word_1_262' title='bbox 1516 1658 1554 1684; x_wconf 88' lang='lat' dir='ltr'>ut</span> <span class='ocrx_word' id='word_1_263' title='bbox 1578 1664 1653 1693; x_wconf 89' lang='lat' dir='ltr'>pre-</span> 
     </span>
     <span class='ocr_line' id='line_1_31' title="bbox 274 1698 1654 1737; baseline 0.001 -10"><span class='ocrx_word' id='word_1_264' title='bbox 274 1698 437 1735; x_wconf 84' lang='lat' dir='ltr'>mittitur,</span> <span class='ocrx_word' id='word_1_265' title='bbox 453 1698 664 1731; x_wconf 71' lang='lat' dir='ltr'>Cardinales„</span> <span class='ocrx_word' id='word_1_266' title='bbox 682 1698 858 1737; x_wconf 81' lang='lat' dir='ltr'>prefatum</span> <span class='ocrx_word' id='word_1_267' title='bbox 884 1698 1074 1728; x_wconf 85' lang='lat' dir='ltr'>Robertum</span> <span class='ocrx_word' id='word_1_268' title='bbox 1099 1701 1230 1727; x_wconf 88' lang='lat' dir='ltr'>temere</span> <span class='ocrx_word' id='word_1_269' title='bbox 1255 1698 1413 1737; x_wconf 81' lang='lat' dir='ltr'>eligendo</span> <span class='ocrx_word' id='word_1_270' title='bbox 1431 1698 1654 1737; x_wconf 87' lang='lat' dir='ltr'>Antipapam,</span> 
     </span>
     <span class='ocr_line' id='line_1_32' title="bbox 274 1742 1655 1781; baseline 0.001 -10"><span class='ocrx_word' id='word_1_271' title='bbox 274 1752 392 1781; x_wconf 76' lang='lat' dir='ltr'>ymmo</span> <span class='ocrx_word' id='word_1_272' title='bbox 409 1742 523 1771; x_wconf 84' lang='lat' dir='ltr'>verius</span> <span class='ocrx_word' id='word_1_273' title='bbox 548 1742 814 1775; x_wconf 80' lang='lat' dir='ltr'>Antichristum,</span> <span class='ocrx_word' id='word_1_274' title='bbox 831 1742 1001 1779; x_wconf 81' lang='lat' dir='ltr'>fecerunt,</span> <span class='ocrx_word' id='word_1_275' title='bbox 1019 1745 1054 1772; x_wconf 86' lang='lat' dir='ltr'>et</span> <span class='ocrx_word' id='word_1_276' title='bbox 1078 1742 1190 1781; x_wconf 91' lang='lat' dir='ltr'>ipsum</span> <span class='ocrx_word' id='word_1_277' title='bbox 1217 1742 1347 1781; x_wconf 87' lang='lat' dir='ltr'>Papam</span> <span class='ocrx_word' id='word_1_278' title='bbox 1372 1743 1551 1772; x_wconf 88' lang='lat' dir='ltr'>nominare</span> <span class='ocrx_word' id='word_1_279' title='bbox 1568 1752 1655 1772; x_wconf 90' lang='lat' dir='ltr'>ausu</span> 
     </span>
     <span class='ocr_line' id='line_1_33' title="bbox 276 1786 1655 1825; baseline 0.001 -10"><span class='ocrx_word' id='word_1_280' title='bbox 276 1786 443 1824; x_wconf 84' lang='lat' dir='ltr'>sacrilego</span> <span class='ocrx_word' id='word_1_281' title='bbox 460 1789 769 1825; x_wconf 81' lang='lat' dir='ltr'>presumpserunt3</span> <span class='ocrx_word' id='word_1_282' title='bbox 794 1786 934 1825; x_wconf 84' lang='lat' dir='ltr'>ipseque</span> <span class='ocrx_word' id='word_1_283' title='bbox 960 1786 1131 1816; x_wconf 86' lang='lat' dir='ltr'>Robertus</span> <span class='ocrx_word' id='word_1_284' title='bbox 1156 1796 1191 1816; x_wconf 87' lang='lat' dir='ltr'>se</span> <span class='ocrx_word' id='word_1_285' title='bbox 1217 1787 1347 1825; x_wconf 83' lang='lat' dir='ltr'>Papam</span> <span class='ocrx_word' id='word_1_286' title='bbox 1371 1787 1552 1817; x_wconf 88' lang='lat' dir='ltr'>nominare</span> <span class='ocrx_word' id='word_1_287' title='bbox 1568 1797 1655 1816; x_wconf 90' lang='lat' dir='ltr'>ausu</span> 
     </span>
     <span class='ocr_line' id='line_1_34' title="bbox 276 1830 1655 1870; baseline 0.001 -11"><span class='ocrx_word' id='word_1_288' title='bbox 276 1830 462 1859; x_wconf 88' lang='lat' dir='ltr'>temerario</span> <span class='ocrx_word' id='word_1_289' title='bbox 479 1840 547 1859; x_wconf 90' lang='lat' dir='ltr'>non</span> <span class='ocrx_word' id='word_1_290' title='bbox 565 1830 713 1868; x_wconf 86' lang='lat' dir='ltr'>erubuit,</span> <span class='ocrx_word' id='word_1_291' title='bbox 731 1840 794 1860; x_wconf 92' lang='lat' dir='ltr'>nec</span> <span class='ocrx_word' id='word_1_292' title='bbox 812 1830 996 1860; x_wconf 90' lang='lat' dir='ltr'>erubescit.</span> <span class='ocrx_word' id='word_1_293' title='bbox 1044 1831 1098 1869; x_wconf 88' lang='lat' dir='ltr'>Et,</span> <span class='ocrx_word' id='word_1_294' title='bbox 1116 1831 1196 1860; x_wconf 87' lang='lat' dir='ltr'>licet</span> <span class='ocrx_word' id='word_1_295' title='bbox 1222 1831 1390 1860; x_wconf 90' lang='lat' dir='ltr'>Dominus</span> <span class='ocrx_word' id='word_1_296' title='bbox 1414 1834 1542 1869; x_wconf 85' lang='lat' dir='ltr'>noster,</span> <span class='ocrx_word' id='word_1_297' title='bbox 1562 1831 1655 1870; x_wconf 88' lang='lat' dir='ltr'>Papa</span> 
     </span>
     <span class='ocr_line' id='line_1_35' title="bbox 277 1874 1653 1914; baseline 0.001 -11"><span class='ocrx_word' id='word_1_298' title='bbox 277 1874 440 1904; x_wconf 90' lang='lat' dir='ltr'>Urbanus</span> <span class='ocrx_word' id='word_1_299' title='bbox 456 1874 643 1913; x_wconf 80' lang='lat' dir='ltr'>predictus,</span> <span class='ocrx_word' id='word_1_300' title='bbox 656 1875 747 1913; x_wconf 88' lang='lat' dir='ltr'>apud</span> <span class='ocrx_word' id='word_1_301' title='bbox 764 1884 822 1904; x_wconf 88' lang='lat' dir='ltr'>eos</span> <span class='ocrx_word' id='word_1_302' title='bbox 838 1875 950 1913; x_wconf 87' lang='lat' dir='ltr'>primo</span> <span class='ocrx_word' id='word_1_303' title='bbox 963 1875 1123 1913; x_wconf 86' lang='lat' dir='ltr'>precibus</span> <span class='ocrx_word' id='word_1_304' title='bbox 1140 1878 1175 1904; x_wconf 84' lang='lat' dir='ltr'>et</span> <span class='ocrx_word' id='word_1_305' title='bbox 1192 1875 1347 1914; x_wconf 88' lang='lat' dir='ltr'>paternis</span> <span class='ocrx_word' id='word_1_306' title='bbox 1364 1875 1516 1912; x_wconf 89' lang='lat' dir='ltr'>monitis,</span> <span class='ocrx_word' id='word_1_307' title='bbox 1529 1875 1653 1905; x_wconf 90' lang='lat' dir='ltr'>deinde</span> 
     </span>
     <span class='ocr_line' id='line_1_36' title="bbox 276 1918 1653 1958; baseline 0.001 -11"><span class='ocrx_word' id='word_1_308' title='bbox 276 1918 439 1955; x_wconf 84' lang='lat' dir='ltr'>gravibus</span> <span class='ocrx_word' id='word_1_309' title='bbox 467 1918 687 1948; x_wconf 87' lang='lat' dir='ltr'>Processibus</span> <span class='ocrx_word' id='word_1_310' title='bbox 716 1918 905 1957; x_wconf 85' lang='lat' dir='ltr'>spiritualis</span> <span class='ocrx_word' id='word_1_311' title='bbox 931 1919 1047 1957; x_wconf 78' lang='lat' dir='ltr'>gladii,</span> <span class='ocrx_word' id='word_1_312' title='bbox 1072 1922 1145 1948; x_wconf 85' lang='lat' dir='ltr'>tam</span> <span class='ocrx_word' id='word_1_313' title='bbox 1172 1922 1293 1948; x_wconf 88' lang='lat' dir='ltr'>contra</span> <span class='ocrx_word' id='word_1_314' title='bbox 1321 1929 1378 1949; x_wconf 89' lang='lat' dir='ltr'>eos</span> <span class='ocrx_word' id='word_1_315' title='bbox 1404 1929 1507 1958; x_wconf 89' lang='lat' dir='ltr'>quam</span> <span class='ocrx_word' id='word_1_316' title='bbox 1535 1929 1653 1949; x_wconf 88' lang='lat' dir='ltr'>eorum</span> 
     </span>
     <span class='ocr_line' id='line_1_37' title="bbox 277 1962 1654 2001; baseline 0.001 -10"><span class='ocrx_word' id='word_1_317' title='bbox 277 1962 460 2001; x_wconf 83' lang='lat' dir='ltr'>complices</span> <span class='ocrx_word' id='word_1_318' title='bbox 484 1962 597 2000; x_wconf 83' lang='lat' dir='ltr'>sactis,</span> <span class='ocrx_word' id='word_1_319' title='bbox 615 1963 801 2000; x_wconf 87' lang='lat' dir='ltr'>insteterit,</span> <span class='ocrx_word' id='word_1_320' title='bbox 819 1972 881 2001; x_wconf 90' lang='lat' dir='ltr'>pro</span> <span class='ocrx_word' id='word_1_321' title='bbox 905 1963 1058 2001; x_wconf 89' lang='lat' dir='ltr'>ipsorum</span> <span class='ocrx_word' id='word_1_322' title='bbox 1082 1963 1287 1993; x_wconf 88' lang='lat' dir='ltr'>reduccione</span> <span class='ocrx_word' id='word_1_323' title='bbox 1312 1966 1348 1992; x_wconf 85' lang='lat' dir='ltr'>et</span> <span class='ocrx_word' id='word_1_324' title='bbox 1370 1963 1654 1993; x_wconf 86' lang='lat' dir='ltr'>reconciliacione</span> 
     </span>
     <span class='ocr_line' id='line_1_38' title="bbox 276 2006 1654 2044; baseline 0.001 -9"><span class='ocrx_word' id='word_1_325' title='bbox 276 2006 424 2043; x_wconf 75' lang='lat' dir='ltr'>salubri3</span> <span class='ocrx_word' id='word_1_326' title='bbox 442 2007 557 2044; x_wconf 88' lang='lat' dir='ltr'>iidem,</span> <span class='ocrx_word' id='word_1_327' title='bbox 575 2009 704 2043; x_wconf 87' lang='lat' dir='ltr'>tamen,</span> <span class='ocrx_word' id='word_1_328' title='bbox 723 2006 914 2036; x_wconf 88' lang='lat' dir='ltr'>Pharaonis</span> <span class='ocrx_word' id='word_1_329' title='bbox 938 2007 1118 2036; x_wconf 88' lang='lat' dir='ltr'>imitantes</span> <span class='ocrx_word' id='word_1_330' title='bbox 1135 2007 1314 2043; x_wconf 85' lang='lat' dir='ltr'>duriciam,</span> <span class='ocrx_word' id='word_1_331' title='bbox 1333 2007 1537 2037; x_wconf 82' lang='lat' dir='ltr'>obturantes</span> <span class='ocrx_word' id='word_1_332' title='bbox 1559 2018 1654 2037; x_wconf 88' lang='lat' dir='ltr'>more</span> 
     </span>
     <span class='ocr_line' id='line_1_39' title="bbox 276 2050 1654 2090; baseline 0.001 -11"><span class='ocrx_word' id='word_1_333' title='bbox 276 2050 405 2088; x_wconf 86' lang='lat' dir='ltr'>aspidis</span> <span class='ocrx_word' id='word_1_334' title='bbox 428 2060 529 2080; x_wconf 90' lang='lat' dir='ltr'>aures</span> <span class='ocrx_word' id='word_1_335' title='bbox 554 2060 643 2088; x_wconf 89' lang='lat' dir='ltr'>suas,</span> <span class='ocrx_word' id='word_1_336' title='bbox 668 2051 760 2080; x_wconf 89' lang='lat' dir='ltr'>elata</span> <span class='ocrx_word' id='word_1_337' title='bbox 784 2051 1021 2080; x_wconf 84' lang='lat' dir='ltr'>obstinacione</span> <span class='ocrx_word' id='word_1_338' title='bbox 1046 2061 1165 2090; x_wconf 83' lang='lat' dir='ltr'>preces</span> <span class='ocrx_word' id='word_1_339' title='bbox 1189 2055 1224 2081; x_wconf 90' lang='lat' dir='ltr'>et-</span> <span class='ocrx_word' id='word_1_340' title='bbox 1248 2052 1381 2080; x_wconf 91' lang='lat' dir='ltr'>monita</span> <span class='ocrx_word' id='word_1_341' title='bbox 1405 2061 1445 2081; x_wconf 91' lang='lat' dir='ltr'>ac</span> <span class='ocrx_word' id='word_1_342' title='bbox 1470 2052 1654 2081; x_wconf 88' lang='lat' dir='ltr'>Processus</span> 
     </span>
     <span class='ocr_line' id='line_1_40' title="bbox 276 2094 1654 2135; baseline 0.002 -13"><span class='ocrx_word' id='word_1_343' title='bbox 276 2094 475 2133; x_wconf 80' lang='lat' dir='ltr'>hujusmodi</span> <span class='ocrx_word' id='word_1_344' title='bbox 493 2094 734 2133; x_wconf 87' lang='lat' dir='ltr'>despexerunt.</span> <span class='ocrx_word' id='word_1_345' title='bbox 768 2095 868 2125; x_wconf 87' lang='lat' dir='ltr'>Unde</span> <span class='ocrx_word' id='word_1_346' title='bbox 886 2095 977 2124; x_wconf 88' lang='lat' dir='ltr'>idem</span> <span class='ocrx_word' id='word_1_347' title='bbox 995 2095 1163 2124; x_wconf 90' lang='lat' dir='ltr'>Dominus</span> <span class='ocrx_word' id='word_1_348' title='bbox 1181 2095 1284 2134; x_wconf 81' lang='lat' dir='ltr'>Papa,</span> <span class='ocrx_word' id='word_1_349' title='bbox 1302 2105 1371 2125; x_wconf 91' lang='lat' dir='ltr'>non</span> <span class='ocrx_word' id='word_1_350' title='bbox 1389 2096 1508 2125; x_wconf 79' lang='lat' dir='ltr'>valens</span> <span class='ocrx_word' id='word_1_351' title='bbox 1525 2096 1654 2135; x_wconf 88' lang='lat' dir='ltr'>absque</span> 
     </span>
     <span class='ocr_line' id='line_1_41' title="bbox 277 2137 1653 2178; baseline 0.001 -11"><span class='ocrx_word' id='word_1_352' title='bbox 277 2138 374 2175; x_wconf 85' lang='lat' dir='ltr'>gravi</span> <span class='ocrx_word' id='word_1_353' title='bbox 406 2137 537 2167; x_wconf 84' lang='lat' dir='ltr'>offensa</span> <span class='ocrx_word' id='word_1_354' title='bbox 571 2138 710 2175; x_wconf 85' lang='lat' dir='ltr'>Christi,</span> <span class='ocrx_word' id='word_1_355' title='bbox 741 2138 848 2178; x_wconf 79' lang='lat' dir='ltr'>Cujus</span> <span class='ocrx_word' id='word_1_356' title='bbox 878 2139 989 2168; x_wconf 80' lang='lat' dir='ltr'>vicem</span> <span class='ocrx_word' id='word_1_357' title='bbox 1022 2139 1112 2177; x_wconf 86' lang='lat' dir='ltr'>gerit</span> <span class='ocrx_word' id='word_1_358' title='bbox 1144 2139 1180 2168; x_wconf 93' lang='lat' dir='ltr'>in</span> <span class='ocrx_word' id='word_1_359' title='bbox 1212 2140 1324 2175; x_wconf 89' lang='lat' dir='ltr'>terris,</span> <span class='ocrx_word' id='word_1_360' title='bbox 1357 2143 1495 2168; x_wconf 85' lang='lat' dir='ltr'>tantum</span> <span class='ocrx_word' id='word_1_361' title='bbox 1529 2140 1653 2169; x_wconf 82' lang='lat' dir='ltr'>scisma</span> 
     </span>
     <span class='ocr_line' id='line_1_42' title="bbox 275 2182 1652 2222; baseline 0.002 -12"><span class='ocrx_word' id='word_1_362' title='bbox 275 2184 459 2220; x_wconf 88' lang='lat' dir='ltr'>tantasque</span> <span class='ocrx_word' id='word_1_363' title='bbox 476 2182 678 2221; x_wconf 89' lang='lat' dir='ltr'>iniquitates</span> <span class='ocrx_word' id='word_1_364' title='bbox 695 2182 843 2221; x_wconf 90' lang='lat' dir='ltr'>amplius</span> <span class='ocrx_word' id='word_1_365' title='bbox 860 2183 1031 2220; x_wconf 84' lang='lat' dir='ltr'>tollerare,</span> <span class='ocrx_word' id='word_1_366' title='bbox 1050 2186 1171 2212; x_wconf 86' lang='lat' dir='ltr'>contra</span> <span class='ocrx_word' id='word_1_367' title='bbox 1188 2193 1245 2212; x_wconf 91' lang='lat' dir='ltr'>eos</span> <span class='ocrx_word' id='word_1_368' title='bbox 1262 2188 1296 2212; x_wconf 89' lang='lat' dir='ltr'>et</span> <span class='ocrx_word' id='word_1_369' title='bbox 1314 2193 1433 2212; x_wconf 90' lang='lat' dir='ltr'>eorum</span> <span class='ocrx_word' id='word_1_370' title='bbox 1458 2184 1652 2222; x_wconf 88' lang='lat' dir='ltr'>complices,</span> 
     </span>
     <span class='ocr_line' id='line_1_43' title="bbox 276 2225 1652 2265; baseline 0.002 -11"><span class='ocrx_word' id='word_1_371' title='bbox 276 2225 311 2254; x_wconf 87' lang='lat' dir='ltr'>in</span> <span class='ocrx_word' id='word_1_372' title='bbox 328 2226 573 2255; x_wconf 84' lang='lat' dir='ltr'>exterminium</span> <span class='ocrx_word' id='word_1_373' title='bbox 590 2230 662 2255; x_wconf 87' lang='lat' dir='ltr'>tam</span> <span class='ocrx_word' id='word_1_374' title='bbox 680 2227 796 2264; x_wconf 86' lang='lat' dir='ltr'>gravis</span> <span class='ocrx_word' id='word_1_375' title='bbox 813 2227 995 2263; x_wconf 87' lang='lat' dir='ltr'>scismatis,</span> <span class='ocrx_word' id='word_1_376' title='bbox 1007 2227 1153 2265; x_wconf 88' lang='lat' dir='ltr'>cogitur,</span> <span class='ocrx_word' id='word_1_377' title='bbox 1167 2230 1313 2264; x_wconf 81' lang='lat' dir='ltr'>urgente</span> <span class='ocrx_word' id='word_1_378' title='bbox 1331 2237 1409 2256; x_wconf 89' lang='lat' dir='ltr'>eum</span> <span class='ocrx_word' id='word_1_379' title='bbox 1427 2228 1652 2265; x_wconf 85' lang='lat' dir='ltr'>consciencia,</span> 
     </span>
     <span class='ocr_line' id='line_1_44' title="bbox 275 2269 1653 2311; baseline 0.002 -13"><span class='ocrx_word' id='word_1_380' title='bbox 275 2269 467 2299; x_wconf 87' lang='lat' dir='ltr'>materialis</span> <span class='ocrx_word' id='word_1_381' title='bbox 498 2269 604 2308; x_wconf 80' lang='lat' dir='ltr'>gladii</span> <span class='ocrx_word' id='word_1_382' title='bbox 636 2270 768 2308; x_wconf 85' lang='lat' dir='ltr'>erigere</span> <span class='ocrx_word' id='word_1_383' title='bbox 800 2273 1022 2309; x_wconf 82' lang='lat' dir='ltr'>potestatem,</span> <span class='ocrx_word' id='word_1_384' title='bbox 1047 2274 1086 2300; x_wconf 87' lang='lat' dir='ltr'>ut</span> <span class='ocrx_word' id='word_1_385' title='bbox 1118 2271 1198 2300; x_wconf 92' lang='lat' dir='ltr'>belli</span> <span class='ocrx_word' id='word_1_386' title='bbox 1230 2271 1338 2309; x_wconf 88' lang='lat' dir='ltr'>pestis</span> <span class='ocrx_word' id='word_1_387' title='bbox 1364 2271 1544 2301; x_wconf 86' lang='lat' dir='ltr'>interimat</span> <span class='ocrx_word' id='word_1_388' title='bbox 1569 2282 1653 2311; x_wconf 84' lang='lat' dir='ltr'>quos</span> 
     </span>
     <span class='ocr_line' id='line_1_45' title="bbox 275 2313 1652 2354; baseline 0.002 -12"><span class='ocrx_word' id='word_1_389' title='bbox 275 2313 516 2352; x_wconf 84' lang='lat' dir='ltr'>delinquentes</span> <span class='ocrx_word' id='word_1_390' title='bbox 533 2313 577 2343; x_wconf 90' lang='lat' dir='ltr'>ad</span> <span class='ocrx_word' id='word_1_391' title='bbox 594 2314 813 2343; x_wconf 87' lang='lat' dir='ltr'>rectitudinis</span> <span class='ocrx_word' id='word_1_392' title='bbox 830 2314 922 2343; x_wconf 80' lang='lat' dir='ltr'>viam</span> <span class='ocrx_word' id='word_1_393' title='bbox 941 2314 1185 2344; x_wconf 85' lang='lat' dir='ltr'>Ecclesiastica</span> <span class='ocrx_word' id='word_1_394' title='bbox 1202 2325 1271 2344; x_wconf 92' lang='lat' dir='ltr'>non</span> <span class='ocrx_word' id='word_1_395' title='bbox 1295 2318 1435 2345; x_wconf 87' lang='lat' dir='ltr'>revocat</span> <span class='ocrx_word' id='word_1_396' title='bbox 1460 2315 1652 2354; x_wconf 89' lang='lat' dir='ltr'>disciplina.</span> 
     </span>
     <span class='ocr_line' id='line_1_46' title="bbox 277 2357 1654 2398; baseline 0.002 -12"><span class='ocrx_word' id='word_1_397' title='bbox 277 2357 332 2394; x_wconf 89' lang='lat' dir='ltr'>Et,</span> <span class='ocrx_word' id='word_1_398' title='bbox 349 2358 429 2396; x_wconf 86' lang='lat' dir='ltr'>quia</span> <span class='ocrx_word' id='word_1_399' title='bbox 445 2357 573 2387; x_wconf 89' lang='lat' dir='ltr'>bellum</span> <span class='ocrx_word' id='word_1_400' title='bbox 591 2358 725 2395; x_wconf 74' lang='lat' dir='ltr'>geritur</span> <span class='ocrx_word' id='word_1_401' title='bbox 741 2360 779 2387; x_wconf 88' lang='lat' dir='ltr'>ut</span> <span class='ocrx_word' id='word_1_402' title='bbox 796 2368 863 2396; x_wconf 86' lang='lat' dir='ltr'>pax</span> <span class='ocrx_word' id='word_1_403' title='bbox 880 2358 1092 2397; x_wconf 84' lang='lat' dir='ltr'>adquiratur,</span> <span class='ocrx_word' id='word_1_404' title='bbox 1108 2359 1221 2388; x_wconf 88' lang='lat' dir='ltr'>dictus</span> <span class='ocrx_word' id='word_1_405' title='bbox 1239 2359 1407 2388; x_wconf 84' lang='lat' dir='ltr'>Dominus</span> <span class='ocrx_word' id='word_1_406' title='bbox 1424 2362 1543 2389; x_wconf 89' lang='lat' dir='ltr'>noster</span> <span class='ocrx_word' id='word_1_407' title='bbox 1560 2360 1654 2398; x_wconf 85' lang='lat' dir='ltr'>Papa</span> 
     </span>
     <span class='ocr_line' id='line_1_47' title="bbox 275 2400 1653 2442; baseline 0.002 -12"><span class='ocrx_word' id='word_1_408' title='bbox 275 2401 475 2431; x_wconf 78' lang='lat' dir='ltr'>Venerabili</span> <span class='ocrx_word' id='word_1_409' title='bbox 502 2402 615 2431; x_wconf 83' lang='lat' dir='ltr'>Fratri</span> <span class='ocrx_word' id='word_1_410' title='bbox 640 2404 769 2439; x_wconf 81' lang='lat' dir='ltr'>nostro,</span> <span class='ocrx_word' id='word_1_411' title='bbox 788 2402 936 2431; x_wconf 89' lang='lat' dir='ltr'>Domino</span> <span class='ocrx_word' id='word_1_412' title='bbox 962 2402 1114 2432; x_wconf 87' lang='lat' dir='ltr'>Henrico</span> <span class='ocrx_word' id='word_1_413' title='bbox 1136 2400 1185 2441; x_wconf 89' lang='lat' dir='ltr'>[le</span> <span class='ocrx_word' id='word_1_414' title='bbox 1204 2401 1429 2442; x_wconf 87' lang='lat' dir='ltr'>Despenser],</span> <span class='ocrx_word' id='word_1_415' title='bbox 1450 2403 1510 2432; x_wconf 92' lang='lat' dir='ltr'>Dei</span> <span class='ocrx_word' id='word_1_416' title='bbox 1536 2404 1653 2442; x_wconf 82' lang='lat' dir='ltr'>gracia</span> 
     </span>
     <span class='ocr_line' id='line_1_48' title="bbox 276 2445 1653 2484; baseline 0.002 -10"><span class='ocrx_word' id='word_1_417' title='bbox 276 2445 500 2484; x_wconf 84' lang='lat' dir='ltr'>Norwycensi</span> <span class='ocrx_word' id='word_1_418' title='bbox 534 2445 713 2484; x_wconf 88' lang='lat' dir='ltr'>Episcopo,</span> <span class='ocrx_word' id='word_1_419' title='bbox 742 2448 864 2475; x_wconf 88' lang='lat' dir='ltr'>contra</span> <span class='ocrx_word' id='word_1_420' title='bbox 896 2446 1006 2475; x_wconf 87' lang='lat' dir='ltr'>dictos</span> <span class='ocrx_word' id='word_1_421' title='bbox 1038 2446 1251 2476; x_wconf 82' lang='lat' dir='ltr'>scismaticos</span> <span class='ocrx_word' id='word_1_422' title='bbox 1283 2450 1317 2476; x_wconf 87' lang='lat' dir='ltr'>et</span> <span class='ocrx_word' id='word_1_423' title='bbox 1349 2457 1468 2476; x_wconf 88' lang='lat' dir='ltr'>eorum</span> <span class='ocrx_word' id='word_1_424' title='bbox 1496 2447 1653 2477; x_wconf 79' lang='lat' dir='ltr'>fautores</span> 
     </span>
     <span class='ocr_line' id='line_1_49' title="bbox 275 2489 1652 2530; baseline 0.002 -12"><span class='ocrx_word' id='word_1_425' title='bbox 275 2490 448 2528; x_wconf 86' lang='lat' dir='ltr'>quandam</span> <span class='ocrx_word' id='word_1_426' title='bbox 475 2489 673 2519; x_wconf 87' lang='lat' dir='ltr'>Cruciatam</span> <span class='ocrx_word' id='word_1_427' title='bbox 699 2490 881 2526; x_wconf 84' lang='lat' dir='ltr'>commisit,</span> <span class='ocrx_word' id='word_1_428' title='bbox 899 2499 960 2528; x_wconf 89' lang='lat' dir='ltr'>per</span> <span class='ocrx_word' id='word_1_429' title='bbox 977 2490 1176 2528; x_wconf 88' lang='lat' dir='ltr'>Apostolica</span> <span class='ocrx_word' id='word_1_430' title='bbox 1202 2490 1337 2529; x_wconf 82' lang='lat' dir='ltr'>Scripta</span> <span class='ocrx_word' id='word_1_431' title='bbox 1362 2491 1520 2521; x_wconf 90' lang='lat' dir='ltr'>districte</span> <span class='ocrx_word' id='word_1_432' title='bbox 1545 2492 1652 2530; x_wconf 87' lang='lat' dir='ltr'>preci-</span> 
     </span>
     <span class='ocr_line' id='line_1_50' title="bbox 274 2533 1652 2572; baseline 0.002 -10"><span class='ocrx_word' id='word_1_433' title='bbox 274 2533 400 2571; x_wconf 86' lang='lat' dir='ltr'>piendo</span> <span class='ocrx_word' id='word_1_434' title='bbox 417 2534 507 2572; x_wconf 87' lang='lat' dir='ltr'>quod</span> <span class='ocrx_word' id='word_1_435' title='bbox 530 2534 621 2563; x_wconf 87' lang='lat' dir='ltr'>idem</span> <span class='ocrx_word' id='word_1_436' title='bbox 639 2533 857 2563; x_wconf 87' lang='lat' dir='ltr'>Venerabilis</span> <span class='ocrx_word' id='word_1_437' title='bbox 883 2534 1006 2563; x_wconf 80' lang='lat' dir='ltr'>Frater</span> <span class='ocrx_word' id='word_1_438' title='bbox 1028 2537 1156 2571; x_wconf 87' lang='lat' dir='ltr'>noster,</span> <span class='ocrx_word' id='word_1_439' title='bbox 1174 2534 1253 2564; x_wconf 90' lang='lat' dir='ltr'>fidei</span> <span class='ocrx_word' id='word_1_440' title='bbox 1278 2535 1420 2564; x_wconf 89' lang='lat' dir='ltr'>loricam</span> <span class='ocrx_word' id='word_1_441' title='bbox 1445 2535 1593 2565; x_wconf 90' lang='lat' dir='ltr'>induens</span> <span class='ocrx_word' id='word_1_442' title='bbox 1618 2541 1652 2565; x_wconf 87' lang='lat' dir='ltr'>et</span> 
     </span>
     <span class='ocr_line' id='line_1_51' title="bbox 274 2577 1653 2616; baseline 0.002 -10"><span class='ocrx_word' id='word_1_443' title='bbox 274 2577 428 2615; x_wconf 82' lang='lat' dir='ltr'>gladium</span> <span class='ocrx_word' id='word_1_444' title='bbox 455 2577 613 2616; x_wconf 86' lang='lat' dir='ltr'>Spiritus,</span> <span class='ocrx_word' id='word_1_445' title='bbox 631 2578 721 2616; x_wconf 88' lang='lat' dir='ltr'>quod</span> <span class='ocrx_word' id='word_1_446' title='bbox 745 2580 798 2607; x_wconf 87' lang='lat' dir='ltr'>est</span> <span class='ocrx_word' id='word_1_447' title='bbox 815 2577 968 2607; x_wconf 85' lang='lat' dir='ltr'>Verbum</span> <span class='ocrx_word' id='word_1_448' title='bbox 994 2578 1067 2615; x_wconf 86' lang='lat' dir='ltr'>Dei,</span> <span class='ocrx_word' id='word_1_449' title='bbox 1085 2588 1274 2615; x_wconf 81' lang='lat' dir='ltr'>assumenS,</span> <span class='ocrx_word' id='word_1_450' title='bbox 1293 2582 1414 2609; x_wconf 85' lang='lat' dir='ltr'>contra</span> <span class='ocrx_word' id='word_1_451' title='bbox 1439 2579 1653 2609; x_wconf 89' lang='lat' dir='ltr'>scismaticos</span> 
     </span>
     <span class='ocr_line' id='line_1_52' title="bbox 274 2621 1650 2661; baseline 0.002 -11"><span class='ocrx_word' id='word_1_452' title='bbox 274 2623 309 2649; x_wconf 76' lang='lat' dir='ltr'>et</span> <span class='ocrx_word' id='word_1_453' title='bbox 326 2621 389 2650; x_wconf 89' lang='lat' dir='ltr'>Dei</span> <span class='ocrx_word' id='word_1_454' title='bbox 403 2630 444 2651; x_wconf 79' lang='lat' dir='ltr'>ac</span> <span class='ocrx_word' id='word_1_455' title='bbox 462 2621 547 2660; x_wconf 90' lang='lat' dir='ltr'>Ejus</span> <span class='ocrx_word' id='word_1_456' title='bbox 566 2621 691 2651; x_wconf 84' lang='lat' dir='ltr'>Sancte</span> <span class='ocrx_word' id='word_1_457' title='bbox 710 2621 861 2651; x_wconf 87' lang='lat' dir='ltr'>Ecclesie</span> <span class='ocrx_word' id='word_1_458' title='bbox 879 2621 1046 2659; x_wconf 80' lang='lat' dir='ltr'>inimicos,</span> <span class='ocrx_word' id='word_1_459' title='bbox 1063 2626 1098 2651; x_wconf 86' lang='lat' dir='ltr'>et</span> <span class='ocrx_word' id='word_1_460' title='bbox 1115 2622 1164 2652; x_wconf 86' lang='lat' dir='ltr'>eis</span> <span class='ocrx_word' id='word_1_461' title='bbox 1188 2622 1348 2652; x_wconf 81' lang='lat' dir='ltr'>faventes</span> <span class='ocrx_word' id='word_1_462' title='bbox 1372 2626 1405 2652; x_wconf 89' lang='lat' dir='ltr'>et</span> <span class='ocrx_word' id='word_1_463' title='bbox 1431 2623 1650 2661; x_wconf 83' lang='lat' dir='ltr'>adherentes,</span> 
     </span>
     <span class='ocr_line' id='line_1_53' title="bbox 272 2664 1653 2706; baseline 0.002 -13"><span class='ocrx_word' id='word_1_464' title='bbox 272 2664 498 2694; x_wconf 76' lang='lat' dir='ltr'>vehementer</span> <span class='ocrx_word' id='word_1_465' title='bbox 513 2666 691 2704; x_wconf 83' lang='lat' dir='ltr'>insurgat3</span> <span class='ocrx_word' id='word_1_466' title='bbox 716 2665 869 2703; x_wconf 83' lang='lat' dir='ltr'>graciose</span> <span class='ocrx_word' id='word_1_467' title='bbox 887 2666 1078 2695; x_wconf 89' lang='lat' dir='ltr'>concedens</span> <span class='ocrx_word' id='word_1_468' title='bbox 1089 2666 1179 2705; x_wconf 88' lang='lat' dir='ltr'>quod</span> <span class='ocrx_word' id='word_1_469' title='bbox 1190 2676 1309 2696; x_wconf 90' lang='lat' dir='ltr'>omnes</span> <span class='ocrx_word' id='word_1_470' title='bbox 1326 2670 1361 2696; x_wconf 87' lang='lat' dir='ltr'>et</span> <span class='ocrx_word' id='word_1_471' title='bbox 1379 2667 1504 2706; x_wconf 82' lang='lat' dir='ltr'>singuli</span> <span class='ocrx_word' id='word_1_472' title='bbox 1523 2667 1653 2697; x_wconf 89' lang='lat' dir='ltr'>Christi</span> 
     </span>
    </p>
   </div>
   <div class='ocr_carea' id='block_1_4' title="bbox 128 2728 1630 2734">
    <p class='ocr_par' dir='ltr' id='par_1_8' title="bbox 128 2728 1630 2734">
     <span class='ocr_line' id='line_1_54' title="bbox 128 2728 1630 2734; baseline 0 0"><span class='ocrx_word' id='word_1_473' title='bbox 128 2728 1630 2734; x_wconf 95' lang='lat' dir='ltr'> </span> 
     </span>
    </p>
   </div>
   <div class='ocr_carea' id='block_1_5' title="bbox 1014 2731 1630 2735">
    <p class='ocr_par' dir='ltr' id='par_1_9' title="bbox 1014 2731 1630 2735">
     <span class='ocr_line' id='line_1_55' title="bbox 1014 2731 1630 2735; baseline 0 0"><span class='ocrx_word' id='word_1_474' title='bbox 1014 2731 1630 2735; x_wconf 95' lang='lat' dir='ltr'> </span> 
     </span>
    </p>
   </div>
   <div class='ocr_carea' id='block_1_6' title="bbox 122 2757 1652 2845">
    <p class='ocr_par' dir='ltr' id='par_1_10' title="bbox 122 2757 1652 2845">
     <span class='ocr_line' id='line_1_56' title="bbox 122 2757 1650 2800; baseline 0.003 -11"><span class='ocrx_word' id='word_1_475' title='bbox 122 2757 218 2789; x_wconf 88' lang='lat' dir='ltr'>¹The</span> <span class='ocrx_word' id='word_1_476' title='bbox 257 2760 429 2799; x_wconf 86' lang='lat' dir='ltr'>marginal</span> <span class='ocrx_word' id='word_1_477' title='bbox 467 2760 663 2791; x_wconf 85' lang='lat' dir='ltr'>references</span> <span class='ocrx_word' id='word_1_478' title='bbox 698 2761 849 2791; x_wconf 88' lang='lat' dir='ltr'>indicate</span> <span class='ocrx_word' id='word_1_479' title='bbox 963 2761 1111 2800; x_wconf 81' lang='lat' dir='ltr'>ginning</span> <span class='ocrx_word' id='word_1_480' title='bbox 1141 2762 1177 2791; x_wconf 81' lang='lat' dir='ltr'>of</span> <span class='ocrx_word' id='word_1_481' title='bbox 1207 2762 1267 2792; x_wconf 86' lang='lat' dir='ltr'>the</span> <span class='ocrx_word' id='word_1_482' title='bbox 1300 2763 1461 2800; x_wconf 82' lang='lat' dir='ltr'>Register</span> <span class='ocrx_word' id='word_1_483' title='bbox 1491 2763 1528 2792; x_wconf 85' lang='lat' dir='ltr'>of</span> <span class='ocrx_word' id='word_1_484' title='bbox 1552 2763 1650 2793; x_wconf 87' lang='lat' dir='ltr'>Com-</span> 
     </span>
     <span class='ocr_line' id='line_1_57' title="bbox 166 2803 1652 2845; baseline 0.001 -11"><span class='ocrx_word' id='word_1_485' title='bbox 166 2803 297 2834; x_wconf 83' lang='lat' dir='ltr'>eertain</span> <span class='ocrx_word' id='word_1_486' title='bbox 325 2804 426 2835; x_wconf 85' lang='lat' dir='ltr'>folios</span> <span class='ocrx_word' id='word_1_487' title='bbox 449 2804 567 2835; x_wconf 85' lang='lat' dir='ltr'>bound</span> <span class='ocrx_word' id='word_1_488' title='bbox 590 2805 625 2835; x_wconf 89' lang='lat' dir='ltr'>in</span> <span class='ocrx_word' id='word_1_489' title='bbox 649 2808 686 2836; x_wconf 86' lang='lat' dir='ltr'>at</span> <span class='ocrx_word' id='word_1_490' title='bbox 710 2805 770 2835; x_wconf 83' lang='lat' dir='ltr'>the</span> <span class='ocrx_word' id='word_1_491' title='bbox 794 2805 849 2835; x_wconf 88' lang='lat' dir='ltr'>be·</span> <span class='ocrx_word' id='word_1_492' title='bbox 963 2805 1134 2845; x_wconf 85' lang='lat' dir='ltr'>missions,</span> <span class='ocrx_word' id='word_1_493' title='bbox 1151 2806 1220 2836; x_wconf 86' lang='lat' dir='ltr'>and</span> <span class='ocrx_word' id='word_1_494' title='bbox 1242 2807 1433 2837; x_wconf 80' lang='lat' dir='ltr'>numbered</span> <span class='ocrx_word' id='word_1_495' title='bbox 1455 2807 1652 2839; x_wconf 72' lang='lat' dir='ltr'>therewith,</span> 
     </span>
    </p>
   </div>
   <div class='ocr_carea' id='block_1_7' title="bbox 0 1799 36 3062">
    <p class='ocr_par' dir='ltr' id='par_1_11' title="bbox 0 1799 36 3062">
     <span class='ocr_line' id='line_1_58' title="bbox 0 1799 36 3062; baseline 0 0"><span class='ocrx_word' id='word_1_496' title='bbox 0 1799 36 3062; x_wconf 95' lang='lat' dir='ltr'> </span> 
     </span>
    </p>
   </div>
  </div>
 </body>
</html>
