1987 3062
481 219 771 254 REGISTRUM
797 219 1255 254 ooMMunn—ANNO
1283 210 1344 254 9⁰.
1582 206 1675 251 389

137 317 210 343 A.D.
293 317 450 350 Johanne
475 319 516 351 de
541 320 652 353 Asshe
676 325 711 353 et
734 321 892 354 Johanne
918 322 958 354 de
982 321 1219 363 Wampforde,
1247 320 1338 362 quod
1363 319 1507 362 possint,
1536 321 1616 356 etc„
1645 317 1678 348 in

202 372 208 378 ’
293 360 440 401 Capellis
461 363 532 394 sive
554 363 732 403 oratoriis,
749 369 809 397 aut
831 366 906 398 aliis
926 365 1010 398 locis
1031 365 1193 401 honestis,
1208 365 1299 396 infra
1314 364 1470 396 Maneria
1490 363 1530 395 de
1544 362 1682 394 Efforde

235 404 242 411 ⁶
291 405 354 444 [et]
374 405 602 447 Whiteleghe,
626 408 658 438 in
683 407 860 440 Parochiis
879 408 920 440 de
943 409 1120 442 Strattone
1142 412 1176 440 et
1197 408 1238 440 de
1261 406 1533 447 Blacktorytone
1554 405 1678 445 [Black

292 447 524 490 'Pom-infimi]
545 450 694 490 situatis,
719 451 754 482 in
774 452 950 493 presencia
970 452 1123 493 ipsarum
1145 462 1205 483 seu
1226 461 1342 483 earum
1364 449 1526 487 alterius3
1557 458 1673 490 quam-

289 490 357 531 diu,
379 495 458 532 etc.,
481 492 691 525 duraturam.

248 544 449 594 Bampton
472 545 716 597 [Bauntona
740 547 847 601 MS]
864 562 874 596 ;
904 548 968 586 Sir
986 548 1097 586 John
1118 548 1316 594 Michelle,
1340 547 1460 593 R„-

246 597 389 631 Licence
408 599 444 631 of
462 600 720 634 non-residence
740 602 793 634 for
814 613 835 634 a
853 613 937 644 year
960 602 1063 643 (same
1085 602 1187 644 date).

245 657 424 696 Northill
446 658 717 711 [Northhulle,
741 659 845 712 MS]
862 674 872 707 3
902 661 1056 699 Master
1077 660 1254 698 Richard
1275 659 1323 698 de
1342 660 1381 698 la
1401 660 1536 705 Barre,
1560 661 1674 705 R„—

247 711 263 724 “
277 711 330 743 De
346 722 414 744 non
432 713 621 753 residendo,
644 714 809 755 quamdiu
827 714 975 747 Domino
994 714 1191 756 placuerit⁷’
1216 714 1380 755 (London,
1405 716 1442 746 11
1464 713 1567 754 Oct).

245 769 414 809 Talaton
436 770 653 823 [Taletone‚
678 772 777 825 MS]
794 787 804 820 3
834 773 1015 811 William
1035 773 1191 820 WVarre,
1214 773 1450 820 subdeacon,
1474 773 1594 819 R„—

245 823 500 865 Dispensation
515 839 521 856 ε
547 826 802 859 non-residence
819 827 874 859 for
890 838 909 859 a
925 838 1017 869 year,
1037 831 1073 859 to
1091 827 1195 869 study
1213 831 1249 859 at
1267 827 1397 860 Oxford
1415 838 1453 859 or
1469 825 1675 867 Cambridge

290 867 454 908 (London,
478 870 518 900 12
540 868 644 910 Oct.).

244 920 393 971 Chapel
414 922 456 960 of
475 923 531 960 St.
549 924 760 973 Margaret,
783 927 827 961 at
848 924 1053 970 Piston,—

243 974 343 1016 Item,
365 975 458 1017 apud
476 975 687 1017 Gloucestre,
709 977 768 1017 xxj
790 977 854 1015 die,
877 977 1046 1010 Dominus
1066 978 1233 1010 concessit
1251 978 1445 1009 Licenciam
1466 977 1675 1019 pauperibus

286 1018 446 1060 Leprosis
472 1019 604 1052 Domus
631 1021 702 1052 sive
729 1020 922 1061 Hospitalis
951 1021 1075 1053 Sancte
1102 1020 1301 1062 Margarete
1328 1021 1369 1053 de
1396 1021 1543 1059 Piltone,
1573 1021 1675 1061 juxta

287 1060 575 1104 Barnstapoliam,
606 1063 698 1104 quod
726 1065 861 1104 possint
888 1065 1001 1096 facere
1029 1063 1192 1096 celebrari
1221 1065 1351 1096 Divina
1377 1075 1438 1106 per
1466 1063 1674 1106 presbiteros

286 1104 446 1144 ydoneos,
472 1106 507 1136 in
528 1107 704 1147 presencia
725 1107 888 1148 ipsorum,
914 1108 949 1138 in
972 1107 1113 1148 Capella
1135 1107 1318 1139 eorundem
1342 1108 1377 1139 in
1398 1107 1525 1139 honore
1549 1107 1673 1139 Sancte

285 1147 481 1189 Margarete
502 1149 668 1183 fundata:
698 1149 790 1189 dum,
814 1154 939 1186 tamen,
964 1151 1113 1183 Ecclesie
1134 1150 1274 1182 Matrici
1295 1151 1525 1192 prejudicium
1546 1150 1677 1182 nullum

284 1191 367 1230 fiat;
397 1202 458 1233 per
478 1193 664 1224 triennium
687 1193 897 1231 duraturam,
925 1198 988 1226 etc.

244 1243 710 1295 Letters-Dimissory‚—

243 1297 337 1330 John
355 1298 561 1338 Westecote,
585 1299 738 1339 accolite,
762 1299 836 1332 “ad
857 1309 973 1332 omnes
994 1300 1115 1332 Sacros
1136 1299 1281 1332 Ordines
1293 1300 1310 1313 ‘’
1335 1301 1437 1342 (same
1459 1301 1561 1341 date).

244 1356 413 1406 Chapels
433 1357 512 1395 and
534 1358 736 1395 Oratories
752 1372 761 1404 3
791 1359 951 1396 Licence
972 1365 1007 1396 to
1027 1359 1275 1406 celebrate,—

243 1410 343 1451 Item,
367 1410 506 1451 ibidem,
531 1412 615 1452 xxiij
641 1411 706 1450 die,
731 1412 899 1445 Dominus
922 1413 1089 1445 concessit
1111 1413 1305 1446 Licenciam
1329 1413 1477 1446 Domino
1500 1413 1672 1446 Willelmo

286 1453 460 1496 Bonevyle
476 1458 510 1486 et
527 1455 723 1497 Margarete
740 1456 815 1496 ejus
832 1456 941 1494 uxori,
960 1456 1052 1497 quod
1068 1456 1201 1498 possint
1218 1457 1330 1488 facere
1349 1455 1511 1488 celebrari
1530 1456 1670 1494 Divina,

285 1497 320 1528 in
345 1498 521 1538 presencia
545 1498 696 1538 ipsorum
722 1509 781 1530 seu
806 1509 922 1530 eorum
947 1499 1099 1539 alterius,
1128 1510 1190 1541 per
1214 1498 1422 1541 presbiteros
1446 1499 1608 1541 ydoneos,
1638 1499 1674 1530 in

286 1539 428 1581 singulis
449 1540 596 1581 Capellis
617 1541 689 1573 sive
709 1540 877 1573 Oratoriis
897 1541 1130 1574 Maneriorum
1152 1553 1291 1574 suorum
1312 1553 1603 1584 quorumcumque
1624 1542 1672 1573 in-

286 1583 340 1614 fra
363 1583 535 1615 Diocesim
558 1584 785 1616 Exoniensem
809 1584 953 1617 ubilibet
979 1586 1207 1624 situatorum;
1240 1585 1404 1627 quamdiu
1430 1585 1578 1616 Domino
1604 1585 1674 1626 pla-

283 1627 393 1658 cuerit
413 1626 624 1658 duraturam.

241 1669 339 1704 Item,
355 1668 492 1708 ibidem,
508 1670 602 1710 xxvij
627 1669 691 1707 die,
707 1670 875 1702 Dominus
897 1671 1063 1703 concessit
1084 1671 1278 1703 Licenciam
1300 1670 1427 1703 Tliome
1449 1671 1674 1713 Bittelesgate

284 1717 318 1744 et
333 1713 357 1745 J
359 1712 491 1745 ohanne
508 1713 582 1752 ejus
598 1713 708 1752 uxori,
728 1713 819 1755 quod
834 1714 978 1755 possint,
997 1717 1075 1754 etc.‚
1095 1714 1129 1745 in
1146 1713 1286 1756 Capella
1301 1714 1342 1746 de
1358 1711 1601 1756 Knythestone
1617 1714 1671 1754 [in

284 1756 467 1797 Otlcry-Sf.
494 1756 537 1787 M
539 1756 631 1797 ary}
657 1759 745 1789 ete:
777 1766 838 1797 per
859 1767 964 1788 unum
988 1767 1115 1788 annum
1137 1757 1348 1789 duraturam.

133 1800 194 1825 No·
240 1799 339 1839 Item,
359 1799 451 1840 apud
468 1799 678 1839 Gloucestre,
698 1800 771 1840 xiiij
792 1800 845 1831 die
862 1800 988 1832 mensis
1004 1799 1223 1839 Novembris,
1244 1800 1411 1832 Dominus
1429 1801 1596 1832 concessit
1613 1799 1667 1831 Li-

130 1841 208 1892 ἔὲἓῐ·
282 1843 431 1873 cenciam
453 1842 603 1874 Johanni
626 1842 754 1883 Bevyle
777 1846 811 1874 et
833 1842 989 1875 Johanne
1012 1843 1087 1883 ejus
1109 1842 1218 1881 uxori,
1243 1843 1334 1884 quod
1358 1843 1502 1884 possint,
1528 1847 1607 1883 etc.,
1631 1844 1667 1874 in

191 1887 196 1892 '
286 1884 444 1926 Capellis,
461 1883 640 1923 Oratoriis,
656 1889 715 1917 aut
727 1885 810 1917 locis
824 1885 865 1917 ad
878 1885 941 1917 hoe
960 1886 1119 1926 congruis
1143 1890 1177 1918 et
1200 1886 1361 1924 honestis,
1388 1887 1476 1918 infra
1500 1887 1673 1918 Diocesim

280 1929 507 1961 Exoniensem
523 1928 649 1970 ubique
666 1930 814 1969 sltuatis,
833 1933 911 1967 ete,
929 1930 1094 1971 quamdiu
1109 1930 1257 1961 Domino
1273 1930 1441 1971 placuerit
1457 1931 1670 1962 duraturam.

238 1971 338 2007 Item,
358 1972 485 2003 eisdem
502 1972 556 2004 die
574 1976 608 2004 et
624 1972 711 2012 loco,
732 1972 900 2004 Dominus
918 1973 1085 2005 concessit
1102 1973 1296 2004 Licenciam
1315 1972 1444 2005 Thome
1461 1973 1495 2005 N
1498 1976 1616 2005 ortone
1635 1976 1670 2004 et

281 2014 438 2046 Johanne
460 2015 534 2055 ejus
556 2015 665 2048 uxori,
690 2015 781 2056 quod
802 2015 946 2056 possint,
970 2019 1048 2056 etc.,
1072 2016 1106 2046 in
1129 2014 1270 2057 Capella
1290 2016 1380 2047 infra
1400 2016 1594 2048 Manerium
1616 2026 1668 2047 eo-

277 2059 421 2090 rundem
440 2059 481 2090 de
500 2058 634 2090 Oxtone
653 2059 707 2099 [in
728 2059 765 2090 K
768 2059 904 2098 ent‹›11,];
932 2070 994 2100 per
1013 2069 1119 2090 unum
1139 2070 1266 2090 annum
1289 2059 1498 2091 duraturam.

238 2100 337 2139 Item,
362 2101 488 2133 eisdem
508 2101 562 2134 die
582 2105 616 2134 et
635 2101 720 2142 loco,
743 2101 911 2134 Dominus
933 2102 1100 2134 concessit
1120 2101 1314 2134 Licenciam
1335 2101 1486 2134 Johanni
1507 2102 1669 2134 Burdone

281 2148 315 2176 et
333 2144 490 2176 Johanne
509 2145 584 2185 ejus
602 2145 711 2184 uxori,
733 2144 826 2185 quod
843 2145 986 2185 possint,
1009 2149 1087 2183 etc,
1108 2145 1143 2176 in
1163 2144 1303 2186 Capella
1321 2145 1392 2176 sive
1413 2144 1573 2187 Oratoriq
1592 2145 1665 2176 Ma-

279 2188 364 2218 nerii
387 2187 571 2220 eorundem
593 2188 634 2219 de
657 2188 828 2227 Burdone,
854 2189 888 2219 in
911 2187 1080 2219 Parochia
1102 2187 1143 2219 de
1167 2187 1368 2229 Teyngtone
1392 2188 1496 2230 Regis
1519 2188 1569 2228 [K
1576 2187 1664 2229 inqs-

279 2230 445 2271 tciqnton]
466 2231 607 2269 situati;
634 2241 696 2272 per
715 2241 821 2262 unum
842 2241 969 2262 annum
991 2230 1201 2262 duraturam.

235 2290 539 2340 Testamentary
554 2303 564 2336 3
597 2290 787 2328 Probacio
810 2290 1046 2327 Testamenti
1075 2290 1244 2328 Domini
1272 2290 1472 2328 „Iohannis
1500 2292 1545 2329 de
1574 2292 1663 2329 Wel-

289 2349 525 2393 ymmone,—

235 2394 335 2436 Item,
358 2395 495 2435 ibidem,
519 2396 591 2436 xvij
613 2396 678 2437 die,
702 2395 886 2437 probatum
905 2396 973 2429 fuit
993 2396 1251 2429 Testamentum
1272 2396 1411 2429 Domini
1433 2396 1602 2429 <Iohannis
1623 2398 1664 2430 de

277 2439 518 2482 Welyngtone,
539 2440 675 2479 Militis,
694 2439 859 2478 defuncti,
880 2450 994 2472 coram
1012 2439 1171 2480 Domino,
1192 2450 1230 2471 ac
1248 2450 1310 2481 pro
1328 2439 1445 2471 eodem
1463 2441 1663 2481 pronuncia-

277 2486 352 2515 tum
367 2495 374 2521 ;
399 2483 435 2514 in
452 2493 519 2524 quo
535 2483 702 2515 nominati
721 2487 801 2515 sunt
817 2483 1027 2515 Executores
1045 2482 1192 2515 Thomas
1211 2483 1252 2515 de
1270 2483 1512 2525 Welyngtone,
1534 2484 1663 2516 Willel-

276 2537 352 2558 mus
370 2526 411 2558 de
428 2525 664 2567 Brightleghe,
684 2525 708 2558 J
710 2525 860 2557 ohannes
877 2525 1014 2561 Paulot,
1035 2529 1069 2557 et
1086 2525 1110 2557 J
1112 2524 1262 2557 ohannes
1280 2525 1555 2567 Galmyngtone3
1582 2537 1662 2567 quo-

277 2580 353 2602 rum
373 2569 605 2601 Executorum
625 2569 727 2601 iidem
748 2568 896 2600 Thomas
918 2572 952 2600 et
971 2568 1146 2601 Johannes
1167 2568 1292 2601 Paulot
1314 2569 1454 2603 fuerunt
1475 2574 1660 2610 presentes,

278 2616 313 2645 et
333 2613 494 2653 jurarunt
517 2613 562 2644 ad
582 2611 829 2645 conficiendum
851 2612 949 2644 fidele
971 2612 1209 2644 Inventarium
1232 2612 1272 2644 de
1296 2612 1453 2645 omnibus
1475 2613 1573 2645 bonis
1597 2624 1662 2654 que

277 2654 399 2688 habuit
420 2656 511 2687 infra
532 2655 717 2688 Civitatem
740 2659 776 2687 et
797 2655 969 2687 Diocesim
992 2655 1122 2687 Exonie
1144 2656 1266 2687 mmtis
1289 2666 1348 2688 sue
1371 2659 1535 2697 tempore,
1562 2660 1597 2689 et
1621 2656 1661 2688 de

278 2698 402 2741 quibus
422 2699 543 2731 testari
563 2698 699 2740 potuit;
727 2702 761 2730 et
781 2698 825 2730 ad
844 2697 1072 2731 exhibendum
1092 2698 1182 2730 idem
1202 2698 1438 2731 Inventarium
1460 2710 1573 2731 coram
1594 2699 1661 2731 Do-

276 2743 379 2779 mino,
402 2741 457 2773 vel
478 2742 552 2782 ejus
573 2741 825 2782 commissario,
849 2743 937 2774 citra
956 2741 1097 2773 Festum
1119 2741 1326 2773 Nativitatis
1349 2742 1488 2774 Domini
1510 2742 1665 2784 proximo

275 2786 347 2827 jam
363 2785 528 2818 futurum.
