1987 3062
238 282 264 323 6
755 285 857 317 THE
892 283 1132 315 REGISTER
1167 283 1228 314 or

237 393 323 423 [A.D.
400 392 615 429 Dominum
636 391 874 439 Episcopum
894 392 934 425 et
963 389 1048 437 ejus
1079 387 1306 432 Ecclesiam,
1330 387 1577 424 Suc-cessores
1604 399 1693 423 suos
1722 388 1763 422 et

237 427 312 489 33:371-
398 459 532 483 eorum
551 444 655 481 bona
675 447 810 480 tenore
831 442 1083 479 Presencium
1102 441 1343 477 absolvimus
1372 444 1413 478 et
1442 441 1652 489 quibamus.
1712 439 1763 475 In

237 494 299 518 V⁰¹·
318 493 357 518 Π·
399 512 563 548 quorum
585 497 855 534 testimonium
875 499 1076 544 presentes
1097 495 1252 531 Literas
1282 494 1367 531 fieri
1394 494 1559 531 fecimus
1584 497 1625 530 et
1644 493 1764 542 sigilli

400 553 525 589 nostri
546 551 837 588 Camerariatus
866 549 1105 598 appensione
1133 547 1459 584 muniri—Data
1478 547 1681 584 Avinione
1700 545 1764 583 die

398 606 540 642 ultima
560 605 702 641 mensis
721 604 749 640 J
752 604 917 648 anuarii,
940 603 1063 639 Anno
1082 615 1105 638 a
1126 601 1355 638 Nativitate
1372 601 1534 647 Domini
1550 600 1764 637 Millesimo

400 659 548 696 CCCmO
585 658 699 706 lxxj0,
749 657 978 693 Indiccione
1015 657 1084 700 ixa,
1126 655 1388 692 Pontificatus
1428 654 1676 691 Sanctissimi
1722 653 1764 689 in

399 712 558 750 Christo
591 712 722 748 Patris
755 714 796 747 et
829 710 991 746 Domini
1024 709 1160 754 nostri,
1195 708 1357 745 Domini
1391 708 1581 757 Gregorii,
1615 707 1765 743 Divina

400 765 659 803 Providencia
679 765 786 813 Pape
806 762 926 808 XImi,
949 764 1071 800 Anno
1090 763 1226 811 primo.

237 864 287 889 fol,
302 865 326 888 2·
418 862 585 899 —Clero
608 861 794 898 Civitatis
813 867 846 896 ct
866 859 1040 896 Diocesis
1060 859 1416 904 E;roniensium‚—

238 897 324 955 [il-363
362 915 553 953 Urbanus
583 915 809 963 Episcopus,
832 914 975 951 Servus
1004 926 1205 950 servorum
1235 913 1320 958 Dei,
1343 912 1497 949 dilectis
1526 912 1628 956 filiis,
1651 911 1766 948 Clero

238 965 291 993 70.]
409 969 594 1006 Civitatis
614 972 654 1005 et
674 968 848 1004 Diocesis
870 967 1164 1011 Exoniensium,
1187 967 1365 1011 salutem,
1388 969 1428 1003 et
1458 963 1764 1017 [Apostolicam]

399 1021 957 1059 benediccionem.—Romani
978 1021 1192 1065 Pontificis,
1215 1034 1330 1069 quem
1351 1020 1493 1056 Pastor
1512 1020 1578 1056 ille
1599 1018 1764 1056 Celestis

399 1080 440 1113 et
461 1076 677 1124 Episcopus
697 1075 929 1119 animarum,
952 1075 1162 1122 potestatis
1191 1074 1266 1110 sibi
1294 1073 1543 1122 plenitudine
1566 1070 1761 1124 [tradita],

401 1129 584 1166 Ecclesiis
612 1128 779 1176 pretulit
808 1128 1011 1172 universis,
1042 1128 1156 1175 plene
1186 1128 1330 1176 vigiliis
1360 1126 1569 1163 solicitudo
1597 1127 1764 1175 requirit

399 1186 445 1219 ut
464 1183 546 1230 ipse
561 1182 664 1218 circa
677 1181 889 1229 cujuslibet
904 1184 1054 1217 statum
1071 1181 1243 1217 Ecclesie
1259 1181 1313 1217 sic
1326 1181 1538 1229 vigilanter
1553 1180 1761 1229 excogitet,

399 1237 530 1284 sicque
549 1235 764 1283 prospiciat
784 1234 1005 1283 diligenter,
1029 1238 1074 1270 ut
1093 1247 1162 1282 per
1182 1235 1215 1283 ej
1223 1248 1267 1270 us
1286 1234 1583 1283 providenciam
1602 1234 1764 1270 circum-

399 1292 572 1337 spectam
594 1288 777 1324 Ecclesiis
807 1288 971 1336 singulis
1002 1288 1143 1324 Pastor
1166 1287 1328 1324 accedat
1347 1287 1524 1337 ydoneus
1553 1291 1594 1324 et
1614 1287 1763 1324 Rector

398 1341 585 1391 providus
611 1341 835 1389 deputetur,
866 1354 936 1389 per
965 1354 1079 1389 quem
1110 1341 1282 1377 Ecclesie
1311 1342 1403 1390 ipse,
1427 1341 1587 1389 superni
1615 1341 1763 1377 favoris

397 1395 546 1432 auxilio
583 1395 835 1443 suffragante,
872 1395 1005 1431 votive
1042 1395 1317 1443 prosperitatis
1355 1394 1597 1431 successibus
1630 1398 1763 1443 gratu-

396 1450 539 1486 lentur.
599 1447 761 1484 Dudum
789 1447 993 1496 siquidem,
1015 1447 1117 1484 bone
1145 1449 1330 1485 memorie
1348 1448 1375 1484 J
1380 1448 1545 1493 ohanne,
1569 1448 1763 1497 Episcopo

399 1502 625 1546 Exoniensi,
675 1502 856 1550 regimini
896 1502 1131 1538 Exoniensis
1180 1502 1354 1539 Ecclesie
1400 1501 1637 1550 presidente,
1678 1515 1759 1546 nos,

398 1556 600 1604 cupientes
629 1554 755 1591 eidem
786 1555 968 1600 Ecclesie,
1001 1568 1089 1591 cum
1120 1568 1205 1592 eam
1230 1569 1370 1592 vacare
1399 1556 1658 1604 contingeret,
1693 1568 1763 1604 per

398 1609 627 1657 Apostolice
660 1608 772 1645 Sedis
805 1608 1100 1656 providenciam
1134 1609 1273 1645 utilem
1311 1612 1351 1646 et
1383 1609 1578 1658 ydoneam
1609 1622 1762 1657 preesse

398 1675 615 1711 personam,
639 1662 909 1698 Provisionem
928 1662 1051 1710 ipsius
1074 1663 1246 1699 Ecclesie
1266 1662 1517 1711 disposicioni
1541 1667 1582 1699 et
1610 1662 1764 1699 ordina-

397 1717 500 1753 cioni
519 1720 663 1760 nostre,
694 1728 739 1752 ea
768 1716 862 1760 vice,
894 1715 1079 1752 duximus
1111 1716 1333 1764 specialiter
1361 1715 1640 1753 reservandam
1661 1729 1671 1762 3
1700 1715 1762 1753 de-

397 1773 601 1806 cernentes
629 1772 777 1805 extunc
810 1769 967 1805 irritum
1005 1772 1046 1805 et
1083 1769 1201 1806 inane
1231 1770 1264 1806 si
1295 1783 1404 1806 secus
1435 1783 1552 1818 super
1584 1769 1660 1806 hiis
1693 1783 1763 1818 per

397 1835 669 1871 quoscumque,
693 1823 831 1871 quavis
859 1823 1109 1867 auctoritate,
1132 1824 1302 1860 scienter
1322 1824 1383 1860 vel
1412 1824 1652 1872 ignoranter,
1675 1837 1762 1860 con-

397 1877 570 1925 tingeret
601 1876 844 1924 attemptari.
905 1876 1173 1921 Postmodum,
1208 1890 1310 1921 vero,
1344 1876 1452 1913 dicta
1487 1877 1662 1914 Ecclesia
1692 1890 1762 1926 per

397 1929 573 1978 ejusdem
618 1929 645 1965 J
649 1929 816 1966 ohannis
855 1929 1039 1978 Episcopi
1077 1930 1241 1975 obitum,
1282 1931 1350 1979 qui
1386 1934 1501 1967 extra
1539 1931 1762 1967 Romanam

398 1983 557 2020 Curiam
591 1982 695 2019 diem
728 1983 870 2019 clausit
903 1986 1134 2028 extremum,
1171 1984 1346 2020 Pastoris
1378 1984 1521 2021 solacio
1554 1984 1760 2029 destituta,

398 2036 533 2073 dilecti
552 2036 623 2072 fflii
644 2036 873 2084 Capitulum
901 2036 1078 2085 ejusdem
1108 2037 1291 2083 Ecclesie,
1322 2037 1550 2087 hujusmodi
1574 2038 1763 2075 Reserva-

398 2091 520 2126 cionis
557 2093 598 2126 et
636 2089 807 2134 Decreti,
850 2093 894 2126 ut
934 2091 1135 2136 asseritur,
1178 2089 1343 2143 [forsan]
1392 2092 1531 2140 ignari,
1572 2091 1762 2129 dilectum

398 2144 533 2188 filium,
551 2143 751 2188 Thomam,
768 2143 950 2180 Electum
967 2144 1242 2189 Exoniensem,
1265 2148 1361 2181 tunc
1382 2145 1626 2182 Canonicum
1638 2145 1762 2194 ipsius

400 2197 572 2233 Ecclesie
594 2197 839 2241 Exoniensis,
862 2197 903 2233 in
932 2197 1218 2245 presbiteratus
1248 2198 1398 2236 Ordine
1422 2199 1696 2244 constitutum,
1719 2199 1761 2235 in

399 2250 662 2287 Exoniensem
701 2250 983 2299 Episcopatum
1021 2251 1268 2289 concorditer
1305 2252 1540 2301 elegerunt,
1587 2253 1758 2301 ipseque,

399 2304 697 2340 Reservacionis
718 2307 758 2339 et
779 2304 940 2340 Decreti
967 2304 1236 2352 predictorum
1265 2306 1448 2343 similiter
1473 2306 1630 2351 inscius,
1654 2306 1762 2343 Elec-

398 2357 500 2393 cioni
520 2356 747 2405 hujusmodi
775 2357 891 2402 illius,
914 2357 989 2394 sibi
1015 2362 1244 2406 presentato
1265 2359 1435 2396 Decreto
1454 2360 1548 2396 licet
1575 2359 1624 2396 de
1652 2359 1761 2396 facto

398 2411 605 2454 consensit,
632 2414 672 2446 et
701 2409 852 2455 deinde,
876 2411 1103 2459 hujusmodi
1124 2412 1412 2449 Reservacione
1440 2416 1481 2449 et
1510 2413 1680 2449 Decreto
1708 2412 1759 2449 ad

398 2464 519 2511 ipsius
539 2463 685 2500 Thome
707 2464 835 2500 Electi
854 2463 1034 2501 deductis
1055 2466 1253 2510 noticiam,
1284 2465 1511 2514 hujusmodi
1542 2466 1759 2503 Eleccionis

398 2517 601 2565 negocium
634 2518 799 2565 proponi
836 2517 931 2554 fecit
964 2518 1006 2554 in
1040 2518 1283 2555 Consistorio
1315 2532 1445 2555 coram
1479 2519 1602 2556 nobis.
1662 2520 1757 2564 Nos,

397 2570 529 2618 igitur,
569 2570 822 2607 attendentes
866 2571 1113 2608 Eleccionem
1149 2571 1368 2620 predictam
1415 2575 1554 2621 utpote
1590 2576 1681 2621 post
1719 2576 1761 2610 et

397 2626 534 2659 contra
568 2623 895 2660 Reservacionem
933 2628 973 2661 et
1012 2624 1225 2661 Decretum
1262 2625 1441 2673 predicta
1477 2629 1760 2674 attemptatam

397 2675 527 2719 fuisse,
549 2689 644 2720 eam,
667 2680 785 2724 prout
804 2680 900 2722 erat,
924 2679 1194 2725 reputavimus
1221 2679 1376 2714 irritam
1396 2682 1436 2715 et
1456 2679 1625 2724 inanem,
1647 2683 1688 2716 et
1707 2679 1758 2716 ad

399 2729 667 2765 Provisionem
704 2730 880 2778 ejusdem
914 2731 1086 2767 Ecclesie
1116 2731 1281 2768 celerem
1318 2735 1359 2768 et
1395 2732 1559 2777 felicem,
1600 2732 1648 2769 de
1681 2746 1758 2781 qua

398 2782 530 2818 nullus
558 2786 691 2830 preter
724 2796 804 2827 nos,
835 2796 880 2820 ea
909 2784 1003 2828 vice,
1036 2797 1076 2821 se
1114 2784 1382 2822 intromittere
1412 2789 1599 2834 potuerat
1632 2799 1758 2835 neque

396 2838 562 2883 poterat,
599 2835 886 2874 Reservacione
916 2840 957 2874 et
986 2837 1156 2874 Decreto
1189 2837 1473 2888 obsistentibus
1507 2838 1756 2888 supradictis,
