1987 3062
10 3046 19 3062 *1

435 230 724 264 REGISTRUM
764 231 1226 264 OOMMUNE———ANNO
1258 221 1351 264 100.
1559 218 1652 260 419

112 328 188 387 «143-„13-
263 331 438 372 quatinus,
458 332 523 364 viis
541 335 574 363 et
593 332 703 364 modis
721 330 847 374 quibus
864 333 1023 374 poteritis
1042 336 1076 365 et
1095 332 1276 373 sciveritis,
1298 331 1339 364 de
1358 329 1552 363 excessibus
1572 328 1656 360 dicti

112 365 231 424 Vodlofo'
260 374 415 414 Martini,
441 375 482 406 de
503 375 628 416 quibus
648 377 684 407 in
706 377 807 408 dictis
830 377 955 409 Literis
978 377 1104 408 nostris
1127 375 1311 418 prioribus,
1336 374 1433 406 vobis
1457 373 1595 405 directis
1619 377 1653 403 et

259 416 424 456 liberatis,
442 422 481 449 ut
495 419 695 459 predicitur,
714 420 747 450 in
764 423 931 460 quantum
948 419 1143 451 audivimus
1158 430 1219 451 vos
1235 418 1443 450 sufficienter
1458 415 1654 447 informavi-

260 469 348 498 muS,
381 462 470 492 citra
497 463 639 494 Festum
669 463 890 495 Pentecostes
919 463 1074 504 proximo
1105 463 1261 494 futurum
1290 461 1425 503 plenius
1456 459 1651 501 inquiratis.

261 502 498 536 Certificantes
519 516 591 545 nos,
615 506 787 542 distincte,
811 507 910 547 clare,
935 511 969 538 et
990 510 1118 548 aperte,
1142 506 1184 537 ad
1204 505 1294 537 idem
1315 505 1467 543 Festum,
1491 503 1573 544 quid
1594 513 1655 543 per

260 546 527 588 Inquisicionem
552 548 751 590 hujusmodi
776 551 977 581 inveneritis
1000 551 1036 581 in
1062 554 1096 581 et
1122 549 1163 581 de
1189 547 1383 580 excessibus
1410 548 1593 580 antedictis
1620 551 1654 578 et

259 590 403 630 singulis
422 591 693 624 circumstaneiis
713 593 919 629 eorundem:
946 593 1059 633 ipsum
1079 592 1269 623 Martinum
1290 592 1430 622 interim
1448 591 1483 621 in
1503 589 1654 630 negociis

260 634 453 676 antedictis,
476 645 538 676 pro
560 634 696 677 quibus,
720 636 815 668 velut
835 637 972 677 dicitur,
996 637 1120 667 missus
1140 639 1225 675 erat,
1249 635 1347 674 citra,
1370 638 1497 673 tamen,
1521 643 1655 664 omnem

259 686 434 709 excessum
449 678 604 710 mandati
620 680 682 719 sui,
702 689 744 710 ex
758 679 957 711 tollerancia
973 684 1092 711 nostra
1107 680 1227 720 exequi
1243 677 1657 720 permittentes——Dated

261 719 416 760 London,
447 724 468 752 4
498 721 728 755 Feb—Istud
758 723 963 754 Mandatum
992 723 1061 754 fuit
1090 723 1261 754 directum
1290 721 1436 753 officiali
1466 719 1655 761 Principali

258 763 454 801 Exoniensi,
485 774 554 802 seu,
583 765 657 806 ipso
685 764 835 802 absente,
865 766 1059 797 Presidenti
1087 765 1289 797 Consistorii
1317 765 1541 799 Exoniensis:
1578 774 1651 794 nec-

261 817 339 847 non,
360 807 622 841 Archidiaconis
640 809 781 849 Exonie,
803 810 974 849 Tottonie,
995 808 1268 849 Barnastapolie,
1291 812 1325 840 et
1343 805 1525 845 Cmnubie,
1547 810 1611 838 etc.

224 860 264 896 N
267 861 510 898 on-resident
532 862 674 899 Vioars
692 875 701 908 3
734 862 886 900 Citacio
900 876 975 911 prro
1005 862 1176 900 Vicariis
1195 876 1276 899 ‘non
1295 861 1628 907 residentibus,—

217 913 317 956 Item‚
346 914 544 955 Londoniis,
572 916 693 956 quinto
720 916 784 956 die,
814 917 988 948 emanavit
1014 916 1220 948 Mandatum
1249 917 1417 948 directum
1444 914 1657 947 Officialibus

263 958 451 991 Peculiaris
474 960 736 992 Jurisdiccionis
759 961 898 992 Domini
923 962 958 992 in
982 960 1138 991 Devonia
1159 965 1193 992 et
1216 960 1460 992 Archidiaconi
1483 960 1656 997 Tottonie,

264 1002 307 1033 ad
336 1003 511 1034 citandum
539 1014 656 1036 omnes
686 1004 843 1036 Vicarios
873 1015 941 1035 non
970 1004 1169 1044 residentes,
1203 1008 1281 1040 ete,
1315 1003 1405 1044 quod
1438 1007 1659 1043 compareant

264 1056 378 1077 coram
399 1046 545 1078 Officiali
566 1047 752 1089 Principali
772 1048 967 1085 Exoniensi,
991 1058 1049 1079 seu
1070 1046 1322 1085 Commissario,
1347 1052 1425 1084 etc.,
1449 1049 1483 1079 in
1506 1047 1660 1079 Ecclesia

264 1089 461 1122 Cathedrali
484 1090 626 1129 Exonie,
651 1092 806 1132 proximo
832 1091 884 1122 die
906 1091 1062 1123 Juridico
1084 1095 1163 1131 post
1186 1091 1328 1122 Festum
1352 1091 1556 1123 Sanctarum
1579 1090 1658 1121 Per—

264 1138 367 1174 petue
396 1138 430 1166 et
461 1134 652 1166 Felicitatis
682 1136 837 1176 proximo
868 1135 1036 1173 futurum,
1070 1135 1113 1166 ad
1143 1134 1403 1175 proponendum
1435 1133 1656 1168 Canonicmn,

264 1180 343 1253 (ἕως
370 1187 475 1218 quare
500 1178 542 1210 ad
567 1178 791 1210 residenciam
817 1179 1013 1210 continuam
1039 1183 1073 1210 et
1098 1177 1311 1220 personalem
1338 1177 1493 1218 compelli
1520 1178 1660 1208 minime

291 1231 307 1252 e
335 1225 424 1260 eant,
445 1225 509 1253 etc.

229 1273 459 1323 Chawleigh
482 1273 774 1326 [Chalveleghe,
798 1273 903 1326 MS]
924 1288 933 1320 ς
963 1274 1133 1310 Thomas
1155 1275 1263 1319 Esse,
1287 1273 1447 1319 deacon,
1472 1275 1592 1320 R„-

225 1327 500 1369 Dz'spensation:
526 1329 781 1360 nonmesidence
801 1329 855 1360 for
873 1340 893 1359 a
910 1339 993 1369 year
1013 1328 1178 1368 (London,
1199 1329 1217 1360 '7
1238 1327 1348 1369 Feb.).

231 1380 493 1418 Parracombe
514 1395 520 1421 ς
549 1381 614 1417 Ad
632 1381 839 1418 ananelum
862 1381 1048 1417 lemam
1070 1381 1389 1429 ›S'eintauhym—

226 1434 325 1475 Item,
346 1434 482 1467 ibidem.
504 1435 551 1475 xij
573 1435 637 1473 die,
659 1436 832 1466 emanavit
851 1434 1055 1466 Mandatum
1075 1435 1243 1466 directum
1262 1434 1514 1466 Archidiacono
1535 1434 1663 1465 Barna-

122 1477 168 1502 sol.
184 1477 243 1503 79b·
269 1478 424 1519 stapolie,
446 1478 501 1510 vel
520 1480 595 1519 ejus
614 1478 769 1515 OfficialL
791 1479 835 1510 ad
854 1478 1030 1510 citandum
1050 1478 1215 1509 Thomam
1235 1476 1459 1518 Seintaubyn,
1483 1478 1663 1509 Rectorem

269 1526 467 1563 pretensum
481 1522 631 1554 Ecclesie
647 1523 687 1554 de
703 1521 939 1560 Parreeombe,
958 1522 1049 1563 quod
1064 1526 1261 1562 compareat
1277 1532 1390 1553 coram
1407 1521 1552 1553 Officiali
1569 1520 1664 1552 Prin-

269 1565 370 1606 cipali
388 1564 585 1603 Exoniensi,
606 1576 664 1596 seu
683 1564 936 1604 Commissarm,
958 1569 1036 1602 etc.,
1059 1567 1214 1605 proximo
1236 1565 1289 1596 die
1309 1564 1466 1596 Juridico
1484 1569 1562 1605 post
1583 1565 1660 1595 Fes-

269 1613 345 1641 tum
365 1608 568 1641 Sanctarum
588 1609 759 1650 Perpetue
780 1612 814 1640 et
833 1608 1026 1640 Felicitatis
1046 1609 1201 1649 proximo
1222 1608 1390 1648 futurum,
1414 1607 1457 1639 ad
1476 1617 1665 1648 proponen-

271 1653 352 1684 dum
378 1663 516 1684 causam
542 1663 646 1693 quare
672 1663 733 1693 pro
759 1653 896 1693 privato
922 1652 962 1684 de
988 1652 1141 1683 Ecclesia
1165 1652 1319 1693 predicta
1346 1663 1413 1683 non
1441 1651 1561 1683 debeat
1588 1661 1663 1692 pro-

270 1696 437 1736 nunciari,
460 1699 523 1728 etc.

233 1749 448 1786 Purloined
470 1748 612 1793 Deeds,
631 1752 703 1785 etc.
725 1761 733 1793 ;
764 1748 940 1785 Muniam
961 1748 1015 1785 ad
1035 1748 1322 1785 restituendum
1345 1748 1555 1794 Cro-tax,—

230 1802 330 1840 Item,
349 1803 475 1834 eisdem
494 1802 546 1833 die
565 1806 600 1834 et
614 1801 699 1841 loco,
721 1803 894 1834 emanavit
911 1801 1061 1833 Monicio
1080 1801 1258 1843 generalis„
1281 1801 1343 1833 sub
1361 1801 1444 1833 data*
1462 1802 1574 1833 octavi
1594 1801 1661 1833 (liei

269 1846 459 1887 Februarii,
480 1846 611 1878 directa
630 1846 768 1878 Rectori
788 1845 939 1877 Ecclesie
958 1846 998 1877 de
1017 1843 1205 1886 Mosebury
1225 1845 1281 1885 [M
1287 1845 1438 1886 alsbury]
1461 1856 1499 1876 avc
1518 1845 1667 1876 Vicariis

264 1890 304 1921 (le
316 1889 534 1920 Axeminstre
551 1893 584 1920 et
603 1889 643 1920 de
662 1888 838 1929 Colytone,
855 1889 897 1920 ad
914 1888 1119 1919 monendum
1139 1889 1173 1918 in
1191 1897 1312 1928 genere
1331 1898 1446 1918 omnes
1459 1892 1490 1919 et
1506 1888 1657 1928 singulos

271 1933 476 1972 detentores,
501 1936 580 1972 etc„
606 1931 800 1971 Cartarum,
824 1932 1030 1971 Literarum,
1057 1936 1091 1963 et
1114 1932 1419 1969 Munimentorum,
1445 1932 1665 1972 tangencium

265 1977 322 2017 jus
341 1980 375 2007 et
392 1975 619 2007 hereditatem
638 1974 777 2006 Ricardi
798 1973 984 2011 Ockebere,
1007 1974 1049 2006 ad
1069 1974 1332 2013 restituendum,
1355 1979 1434 2014 etc„
1458 1975 1546 2005 infra
1567 1975 1661 2015 quin-

270 2021 379 2054 decim
400 2020 531 2052 dierum
552 2019 717 2060 spacium,
740 2022 804 2051 etc.

231 2075 448 2124 Plympton
469 2073 634 2122 Priory3
664 2073 730 2110 Ad
747 2072 1045 2110 custodiendum
1066 2072 1165 2109 bona
1195 2072 1427 2120 temporalia
1448 2072 1663 2110 Prioramg

285 2129 330 2166 de
356 2128 655 2176 Plywzptom‚-

226 2182 326 2223 Item,
348 2181 546 2222 Londoniis,
569 2181 630 2220 xiij
652 2179 718 2220 die,
740 2182 943 2212 emanarunt
964 2178 1028 2210 due
1048 2177 1322 2217 Commissiones,
1346 2179 1475 2211 directe
1495 2179 1665 2220 Magistro

270 2226 405 2267 Rogero
422 2225 463 2257 de
481 2223 713 2257 Chestrefelde
731 2227 765 2254 et
783 2222 930 2254 Domino
948 2221 1078 2254 Thome
1095 2222 1135 2254 de
1155 2221 1383 2262 Stayndrope,
1404 2222 1447 2253 ad
1466 2223 1663 2263 regendum,

271 2268 542 2307 custodiendum,
567 2271 602 2299 et
621 2266 826 2298 servandum
845 2265 936 2297 bona
956 2265 1160 2306 temporalia
1180 2265 1360 2296 Prioratus
1382 2265 1421 2296 de
1444 2264 1662 2306 Plymptone‚

269 2318 342 2346 tam
358 2313 449 2344 infra
465 2311 663 2343 Prioratum
679 2319 781 2351 quam
797 2313 896 2341 extra
911 2308 1145 2345 existencium,
1164 2308 1346 2339 vacacione
1362 2308 1469 2348 ipsius
1487 2309 1667 2340 prioratus

271 2357 438 2393 durante3
473 2365 550 2387 cum
575 2357 750 2395 potestate
775 2362 952 2384 onerosam
978 2351 1144 2383 familiam
1171 2354 1206 2382 et
1231 2349 1389 2382 inutilem
1415 2351 1595 2382 amovendi
1621 2349 1665 2382 ab

271 2399 400 2437 eodem,
423 2408 462 2429 ac
483 2397 585 2429 aliam
607 2395 837 2436 subrogandi:
866 2405 997 2426 necnon
1019 2395 1053 2425 in
1076 2404 1193 2425 eorum
1215 2392 1383 2431 absencia,
1399 2393 1504 2424 alium
1516 2393 1569 2425 vel
1583 2393 1666 2425 alios

270 2443 346 2475 loco
366 2443 520 2483 ipsorum
539 2439 666 2472 ibidem
687 2439 846 2481 ponendi.

235 2493 700 2542 Letters-D'rmissory‚—

229 2549 364 2582 Walter
384 2547 556 2585 Shaunke,
580 2545 733 2584 accolite,
755 2543 829 2575 “ad
851 2552 966 2574 omnes
988 2541 1108 2574 sacros
1130 2541 1274 2573 Ordines
1287 2542 1304 2555 ’⁷
1330 2543 1432 2583 (same
1454 2543 1557 2584 date).

228 2592 321 2626 John
340 2590 487 2631 Menhir,
509 2590 618 2632 prim.
643 2594 741 2628 tons,
762 2587 780 2601 ‘¹
794 2586 837 2619 ad
857 2595 972 2618 omnes
991 2584 1075 2617 alios
1096 2584 1277 2616 Minores”
1301 2585 1466 2627 (London‚
1489 2590 1528 2618 15
1550 2586 1659 2629 Feb.).

236 2645 497 2684 Churchstow
546 2641 783 2693 [Chirstowe
821 2639 966 2676 Sancte
1004 2638 1140 2683 Maria,
1179 2639 1298 2688 juxta
1345 2639 1661 2691 Kyngesbrigge,

290 2697 423 2750 MS.];
453 2697 515 2735 Sir
543 2696 677 2744 Roger
705 2692 900 2738 Bachiler,
931 2692 1052 2737 R.,-

232 2753 376 2785 Licence
399 2752 435 2784 of
457 2749 714 2783 non-residenee
736 2748 790 2780 for
812 2757 833 2779 a
854 2756 947 2788 year,
973 2745 991 2759 “
1003 2745 1097 2784 dum,
1123 2748 1250 2784 tamen,
1277 2746 1413 2778 steterit
1434 2747 1470 2778 in
1494 2746 1666 2790 obsequiis

275 2796 419 2829 Martini
439 2794 579 2827 Ferrers
599 2801 661 2835 per
679 2790 769 2824 idem
788 2794 924 2832 tempus
937 2789 953 2802 ”
978 2789 1082 2829 (same
1101 2787 1203 2828 date).

267 2841 361 2889 21)2
