1987 3062
200 351 275 377 A.D.

200 384 274 412 1372.

200 418 261 444 Vol.
281 419 304 445 1.

194 1910 244 1937 fol.
259 1912 300 1937 29.

522 254 809 289 REGISTRUM
847 254 1306 289 COMMUNE—ANNO
1344 246 1404 288 30.
1635 244 1729 286 293

346 357 444 389 dictis
460 358 656 399 hujusmodi
675 362 921 401 procuraciones
934 365 1047 394 nostre
1059 362 1220 403 presentis
1234 361 1370 392 secundi
1386 361 1465 391 anni
1481 360 1677 399 ascendunt,
1694 360 1727 391 in

345 402 452 433 forma
477 407 753 443 prenotat·1,un1
777 416 852 436 cum
877 409 980 446 μαι-,ἵε
998 407 1126 437 racione
1150 406 1334 444 fructuum,
1359 405 1564 442 reddituum,
1589 414 1727 445 proven-

352 448 461 485 tuum,
478 450 512 477 et
536 447 774 478 obvercionum
799 452 994 488 vestrarum
1010 460 1068 481 seu
1092 450 1132 480 ad
1157 458 1305 480 mensam
1329 451 1473 479 vestram
1501 428 1728 496 Episcopalem

349 491 585 529 spectancium,
604 502 659 521 vos
676 502 734 532 pro
751 492 848 522 dictis
865 493 1154 532 procuracionibus
1171 493 1294 523 nostris
1310 492 1471 532 presentis
1488 491 1625 522 secundi
1648 491 1727 521 anni

349 533 572 573 contingente,
590 534 623 564 in
641 535 747 565 forma
763 536 958 576 subscripta,
976 536 1062 567 iufra
1078 537 1162 567 duos
1178 546 1306 567 menses
1323 546 1341 566 a
1358 535 1410 566 die
1427 535 1548 565 noticie
1565 535 1727 574 presentis

349 577 455 607 nostri
473 578 647 608 Processus
664 579 814 618 proximo
831 582 1019 619 sequentes,
1037 590 1121 620 quos
1138 580 1229 610 vobis
1254 590 1312 619 pro
1337 579 1452 619 primo,
1471 578 1626 616 secundo,
1650 580 1725 616 etc.‚

348 620 540 660 prefigimus
556 624 590 651 et
606 622 821 660 assignamus,
840 623 881 653 ad
900 623 1079 653 Civitatem
1098 623 1374 660 Londoniensem,
1392 622 1510 652 vestris
1527 621 1671 652 fideliter
1693 624 1727 651 et

348 664 495 704 ipsorum
528 665 733 704 sumptubus
764 668 798 696 et
830 666 983 705 expensis
1012 669 1088 697 tute
1118 666 1271 704 mittatis,
1304 666 1497 705 dictamque
1528 668 1635 695 totam
1671 675 1725 704 pe-

349 708 481 737 cuniam
512 707 598 738 infra
630 709 773 738 eundem
805 709 987 739 terminum
1019 710 1187 749 Magistris
1218 709 1378 740 Nicholao
1406 709 1446 739 de
1477 708 1726 745 Chaddesdene,

352 750 516 781 Canonico
534 749 776 781 Lichefeldensi
798 762 836 782 ac
860 752 992 782 Decano
1015 753 1056 783 de
1073 753 1226 783 Arcubus
1251 753 1508 789 Londoniarum,
1525 755 1559 782 et
1583 751 1727 782 Domino

351 793 516 824 Willelmo
549 794 688 831 Palmer,
724 795 888 825 Canonico
921 796 1081 836 Derbeye,
1115 796 1389 827 Procuratoribus
1421 799 1455 826 et
1486 795 1726 834 Receptoribus

349 838 472 867 nostris
490 837 531 867 ad
548 837 608 868 hec
626 838 813 878 specialiter
836 839 1039 878 constitutis,
1059 839 1199 879 persolvi
1222 839 1351 869 faciatis
1375 842 1410 869 et
1433 838 1535 868 eciam
1559 837 1727 877 assignari.

352 880 589 919 Certificautes,
607 892 665 921 per
682 884 806 911 vestras
824 886 974 921 patentes
994 883 1120 913 Literas
1144 893 1201 913 seu
1227 893 1360 922 presens
1384 881 1563 912 Publicum
1590 881 1720 912 Instru-

349 926 513 961 mentum,
531 924 637 955 dictos
655 928 785 955 nostros
803 925 1036 956 Procuratores
1053 926 1094 956 de
1111 926 1164 956 die
1180 926 1378 966 recepcionis
1395 925 1617 963 Presencium,
1634 935 1671 955 ac
1687 925 1728 955 de

348 967 597 1007 quantitatibus
613 971 647 998 et
663 968 877 1008 pecuniarum
895 970 1035 1000 summis
1051 969 1191 1009 receptis
1207 972 1242 1000 et
1259 969 1350 999 vobis
1366 969 1399 999 in
1418 969 1477 999 hac
1491 972 1583 1008 parte
1599 968 1728 1007 solutis,

349 1021 386 1041 ac
401 1011 442 1041 de
458 1011 613 1041 omnibus
630 1012 700 1042 aliis
718 1014 752 1042 et
767 1012 906 1052 singulis
923 1023 987 1052 que
1004 1013 1147 1043 feceritis
1163 1013 1197 1043 in
1214 1013 1391 1053 premissis
1430 1012 1597 1052 Alioquin,
1615 1012 1642 1041 si
1659 1021 1725 1049 vos,

348 1057 408 1084 aut
424 1054 580 1093 Abbates,
597 1058 670 1093 etc.‚
688 1065 771 1095 quos
788 1055 983 1095 hujusmodi
1006 1057 1179 1096 negocium
1203 1056 1320 1096 tangit,
1338 1059 1398 1086 aut
1415 1066 1529 1086 eorum
1553 1055 1665 1095 aliqui,
1691 1055 1725 1085 in

349 1097 516 1137 premissis
532 1102 589 1128 aut
607 1099 842 1138 premissorum
860 1099 970 1139 aliquo
987 1100 1247 1130 contradictores
1263 1110 1321 1130 seu
1345 1099 1572 1129 inobedientes
1596 1097 1728 1128 fueritis

349 1151 406 1171 seu
434 1141 562 1171 fuerint
588 1142 638 1171 vel
669 1142 816 1180 rebelles,
842 1142 944 1181 vobis,
973 1143 1117 1173 Domino
1150 1143 1320 1183 Episcopo,
1350 1143 1403 1173 cui
1433 1142 1475 1172 ob
1505 1141 1726 1172 reverenciam

351 1184 552 1215 Pontificalis
569 1184 751 1224 Dignitatis
768 1185 958 1224 deferimus,
972 1187 1081 1226 spacio
1097 1197 1154 1217 sex
1166 1187 1295 1217 dierum
1313 1186 1353 1216 ad
1371 1185 1583 1226 purgandum
1601 1195 1727 1215 moram

350 1238 407 1257 seu
425 1227 566 1267 culpam,
584 1228 616 1258 in
634 1228 772 1267 singulis
788 1239 888 1268 supra
905 1232 939 1260 et
962 1229 1048 1260 infra
1071 1229 1233 1270 injunctis
1256 1230 1398 1268 indulto,
1422 1233 1456 1260 et
1479 1239 1538 1266 pro
1563 1228 1727 1259 Canonica

351 1271 536 1301 Monicione
553 1271 721 1310 premissa,
738 1272 765 1301 si
783 1271 1016 1303 nichilominus
1034 1273 1248 1313 perstiteritis
1264 1273 1297 1303 in
1314 1273 1411 1313 culpa
1427 1283 1484 1303 seu
1502 1282 1593 1302 mora
1610 1271 1725 1312 hujus-

350 1314 451 1351 modi,
468 1314 653 1354 ingressum
671 1315 814 1345 Ecclesie
831 1316 1061 1346 interdicimus
1077 1317 1110 1346 in
1128 1316 1192 1346 hiis
1208 1316 1348 1356 Scriptis
1365 1327 1373 1351 ;
1397 1319 1432 1347 et
1447 1315 1475 1346 si
1492 1326 1549 1355 per
1565 1314 1644 1345 alios
1668 1325 1726 1345 sex

350 1357 429 1396 dies,
459 1357 565 1388 dictos
592 1357 638 1398 xij
668 1358 850 1388 inmediate
881 1363 1067 1399 sequentes,
1094 1370 1176 1400 quos
1201 1360 1301 1390 simili
1329 1359 1427 1389 modo
1455 1370 1513 1399 pro
1541 1358 1726 1389 Monicione

348 1401 513 1432 Canonica
544 1401 744 1440 prefigimus,
773 1402 1031 1441 Suspensionem
1063 1403 1259 1443 hujusmodi
1287 1402 1515 1433 sustinueritis
1542 1402 1652 1432 animo
1676 1401 1724 1432 in-

348 1444 478 1483 durato,
497 1445 587 1484 quod
611 1444 707 1483 absit,
725 1445 758 1474 in
776 1455 842 1483 vos,
859 1456 896 1475 ac
915 1445 1073 1483 Abbates,
1092 1450 1164 1484 etc.‚
1183 1446 1241 1486 qui
1264 1444 1493 1476 inobedientes
1517 1445 1650 1476 fueritis
1673 1445 1725 1475 vel

349 1487 476 1518 fuerint
499 1487 549 1518 vel
567 1488 730 1518 iebelles
721 1498 754 1518 in
774 1488 940 1528 premissis
957 1499 1013 1519 seu
1031 1489 1142 1529 aliquo
1158 1489 1420 1529 premissorum
1443 1499 1581 1526 necnon,
1597 1491 1724 1519 contra-

348 1531 490 1561 dictores
507 1534 540 1561 et
558 1531 695 1561 rebelles
711 1531 890 1570 quoslibet,
909 1536 970 1563 aut
986 1532 1204 1572 impedientes
1221 1543 1277 1563 seu
1296 1512 1482 1573 piestaiites
1505 1532 1539 1562 in
1564 1532 1627 1562 hiis
1650 1541 1724 1562 con-

348 1574 469 1612 silium,
487 1574 659 1612 auxilium,
677 1575 901 1613 velf·1v01·,em
919 1576 1099 1615 quominus
1115 1576 1226 1606 omnia
1243 1580 1277 1606 et
1300 1576 1432 1616 singula,
1454 1586 1555 1616 supra
1578 1578 1612 1606 et
1635 1574 1722 1605 infra

348 1628 406 1657 per
433 1628 492 1648 nos
518 1617 670 1657 injuncta
697 1628 754 1648 seu
783 1619 939 1648 mandata
970 1620 1126 1650 effectum
1156 1619 1308 1650 debitum
1333 1622 1589 1659 consequantur
1613 1617 1725 1658 cujus·

347 1671 491 1701 cumque
507 1660 689 1700 dignitatis,
706 1664 824 1700 status,
842 1665 914 1700 etc.‚
932 1662 1087 1701 existant,
1105 1663 1213 1702 spacio
1229 1673 1286 1693 sex
1303 1663 1431 1693 dierum
1449 1663 1487 1692 ad
1513 1663 1725 1702 purgandum

348 1714 475 1734 moram
498 1714 555 1734 seu
579 1704 711 1744 culpam
736 1704 931 1744 hujusmodi
954 1706 1092 1746 singulis
1115 1716 1229 1736 eorum
1253 1706 1396 1745 indulto,
1420 1709 1455 1736 et
1478 1716 1537 1745 pro
1561 1705 1726 1736 canonica

348 1748 532 1778 Monicione
549 1748 716 1787 premissa,
734 1748 767 1778 in
786 1748 849 1778 hiis
866 1748 1005 1788 Scriptis
1023 1749 1386 1780 Excommunicacionis
1410 1748 1621 1780 Sentenciam
1647 1748 1722 1779 feri-

348 1801 422 1821 mus
438 1794 472 1821 et
488 1791 737 1831 promulgamus
755 1801 762 1829 ;
788 1791 950 1831 Capitula,
969 1802 1055 1831 vero,
1073 1796 1107 1823 et
1124 1793 1318 1824 Conventus
1341 1793 1399 1833 qui
1422 1793 1455 1823 in
1480 1792 1657 1832 premissis,
1671 1791 1724 1822 vel

347 1844 461 1864 eorum
478 1834 599 1875 aliquo,
616 1834 795 1874 culpabiles
812 1835 938 1865 fuerint
954 1836 1189 1876 suspendimus
1205 1847 1224 1866 a
1241 1836 1379 1867 Divinis.
1426 1836 1558 1873 Nostre,
1574 1835 1721 1876 insuper,

346 1877 545 1908 intencionis
569 1878 685 1909 existit
707 1878 797 1918 quod
822 1879 1007 1909 Reverendi
1032 1879 1156 1918 Paties,
1173 1883 1246 1918 etc.‚
1272 1879 1407 1910 Domini
1432 1879 1552 1910 Sancte
1575 1879 1724 1910 Romane

347 1921 490 1951 Ecclesie
522 1921 722 1952 Cardinales.
755 1922 796 1951 de
828 1922 999 1952 Beneficiis
1030 1933 1095 1963 que
1121 1923 1156 1954 in
1183 1904 1272 1954 dicto
1296 1923 1410 1963 Regno
1426 1922 1546 1972 Anglie
1569 1922 1724 1962 optinent

346 1965 489 2004 quantit
490 1967 571 1994 item
589 1964 734 2004 aliquam
751 1964 879 1995 iacione
903 1965 1068 1996 dictarum
1093 1969 1284 1997 nostrarum
1305 1966 1580 2007 procuracionum
1604 1965 1721 2006 hujus-

346 2007 436 2038 modi
453 2007 577 2038 solvere
591 2008 728 2038 minime
745 2011 933 2047 tenea,ntu1
951 2019 1011 2039 nec
1026 2010 1184 2049 predictis
1209 2010 1394 2041 Sentenciis
1417 2009 1617 2050 obligentur.
1668 2009 1721 2040 In-

346 2050 526 2090 tendimus,
544 2051 656 2090 eciam,
674 2052 762 2092 quod
779 2051 820 2082 de
838 2052 899 2082 Dei
912 2052 1133 2092 Leprosorum
1151 2053 1326 2083 Domubus
1342 2063 1379 2083 ac
1396 2053 1605 2083 Monasteriis
1616 2052 1720 2083 Moni-

344 2094 447 2125 alium
465 2105 658 2135 pauperum,
675 2106 693 2125 a
710 2095 832 2135 quibus
856 2095 984 2126 racione
1001 2097 1242 2136 procuracionis
1266 2096 1461 2136 hujusmodi
1485 2096 1611 2136 aliquid
1635 2096 1722 2135 exigi

344 2138 481 2168 minime
497 2139 714 2177 consueverit,
731 2138 832 2169 nichil
848 2139 1002 2178 exigatur
1015 2139 1066 2170 -ab
1082 2140 1137 2171 eis.
1183 2140 1450 2178 Absolucionem,
1467 2149 1553 2178 ver0,
1571 2139 1722 2170 omnium

343 2184 378 2211 et
395 2181 601 2221 singulorum
618 2181 676 2221 qui
692 2182 838 2221 prefatas
861 2182 1054 2213 Seutencias
1078 2194 1136 2223 per
1159 2193 1218 2213 nos
1242 2183 1334 2222 latas,
1353 2183 1404 2213 vel
1428 2192 1542 2214 earum
1565 2182 1720 2223 aliquam,

344 2224 545 2255 incurrerint
566 2225 660 2255 nobis
677 2225 729 2255 vel
746 2225 914 2265 Superiori
931 2229 1043 2256 nostro
1060 2227 1295 2257 tantummodo
1311 2236 1525 2257 reservamus.
1574 2225 1614 2256 In
1638 2235 1718 2266 quo-

344 2278 430 2306 rum,
455 2271 529 2306 etc.‚
554 2271 722 2307 presentes
746 2268 874 2299 Literas
897 2279 954 2299 seu
979 2279 1112 2309 presens
1136 2269 1311 2300 Publicum
1335 2269 1615 2307 Instrummtum,
1641 2269 1718 2299 Pro-

344 2321 473 2342 cessum
496 2315 649 2342 nostrum
674 2311 868 2352 hujusmodi
892 2312 1101 2343 continentes
1124 2323 1181 2343 seu
1205 2313 1391 2351 continens,
1417 2313 1458 2343 de
1485 2322 1628 2353 quorum
1660 2322 1718 2343 seu

344 2353 441 2394 cujus
472 2354 719 2395 presentacione
749 2358 784 2385 et
813 2355 1039 2386 notificacione
1071 2356 1167 2386 latori
1198 2356 1420 2392 presencium,
1451 2356 1572 2386 nuncio
1603 2358 1718 2386 nostro

343 2397 465 2437 jurato,
479 2398 531 2428 cui
548 2398 679 2437 plenam
697 2398 795 2428 fidem
812 2398 1019 2437 adhibemus,
1032 2409 1090 2438 per
1106 2399 1284 2430 Ricardum
1297 2399 1338 2429 de
1349 2399 1526 2436 Croxtone,
1540 2399 1718 2429 Notarium

345 2441 532 2480 Publicum,
549 2441 765 2481 Scribamque
782 2446 934 2472 nostrum
945 2442 1203 2482 infrascriptum,
1218 2442 1381 2473 subscribi
1397 2444 1431 2472 et
1447 2442 1608 2482 publicari
1624 2452 1716 2472 man-

344 2483 506 2523 davimus,
524 2484 696 2524 nostrique
712 2485 810 2524 sigilli
826 2485 965 2515 fecimus
981 2485 1180 2525 appensione
1197 2485 1465 2516 muniri.—Data
1481 2488 1515 2515 et
1531 2488 1603 2516 acta
1626 2486 1716 2526 apud

345 2527 496 2564 Fretone,
515 2528 711 2558 Morinensis
728 2528 884 2566 Diocesis,
901 2528 963 2558 sub
984 2529 1082 2559 Anno
1105 2540 1124 2558 a.
1147 2528 1333 2559 Nativitate
1357 2528 1492 2558 Domini
1509 2529 1570 2559 MO-
1591 2528 1720 2560 CCCmO

344 2568 473 2610 lxxide,
490 2571 679 2601 Indiccione
694 2575 741 2609 xa,
757 2571 877 2602 mensis
890 2571 1012 2611 Aprilis
1029 2572 1082 2602 die
1097 2572 1251 2610 secunda,
1266 2571 1483 2602 pontificatus
1500 2572 1717 2611 Sanctissimi,

344 2616 420 2651 etc.‚
449 2613 585 2644 Domini
616 2615 775 2653 Gregorii,
803 2615 924 2645 Divina
956 2614 1170 2645 Providencia
1201 2615 1289 2654 Pape
1320 2612 1417 2652 XIffl¹‚
1442 2615 1539 2645 Anno
1563 2616 1717 2646 secundo.

345 2656 560 2687 Presentibus
577 2658 744 2697 Magistris
762 2658 867 2688 Adam
892 2658 933 2687 de
951 2658 1084 2695 Estone,
1104 2659 1201 2688 Sacre
1226 2658 1347 2697 Pagina
1371 2658 1566 2696 Professore,
1591 2659 1718 2698 Rogero

343 2699 383 2728 de
407 2699 559 2738 Fretone,
584 2701 674 2731 Sacri
697 2701 818 2731 Palacii
841 2701 1023 2740 Apostolici
1060 2701 1242 2731 Causarum
1267 2701 1438 2740 Auditore,
1467 2701 1646 2732 Guillelmo
1677 2702 1718 2732 de

343 2742 584 2781 Villemontoir,
602 2743 841 2774 Archidiacouo
859 2744 899 2774 de
917 2744 1070 2774 Gardano
1086 2744 1120 2774 in
1140 2744 1281 2774 Ecclesia.
1298 2744 1534 2783 Suessionensi,
1551 2748 1585 2775 et
1608 2745 1717 2776 Adam

342 2784 494 2825 Vagneti,
512 2786 636 2825 clerieo,
655 2787 899 2818 Suessionensis
917 2786 1071 2825 Diocesis,
1090 2787 1226 2817 Notario
1250 2787 1396 2826 Publico,
1414 2787 1557 2818 testibus
1580 2789 1622 2819 ad
1646 2799 1717 2828 pre·

344 2828 444 2859 missa
460 2829 584 2860 vocatis
599 2830 784 2870 specialiter
800 2833 835 2861 et
850 2829 983 2870 rogatis.
1031 2830 1076 2861 Et
1091 2840 1160 2870 ego,
1178 2830 1340 2861 Ricardus
1356 2831 1398 2861 de
1423 2831 1599 2870 Croxtone,
1624 2831 1715 2862 cleri-
