1987 3062
301 222 395 265 244
499 234 598 267 THE
634 235 878 269 REGISTER
913 235 972 268 OF
1007 235 1184 268 Bisnor
1219 235 1624 271 BRANTYNGHAM.

299 335 376 395 ἒξ·
409 339 553 371 Richard
577 341 709 380 Parker,
733 341 832 380 clerk,
857 342 875 357 “
890 342 932 372 de
955 341 1064 372 soluto
1087 342 1200 381 genito
1224 345 1258 373 et
1280 342 1415 380 soluta;
1438 353 1484 382 ac,
1508 343 1587 384 quia
1609 342 1723 381 tacito,
1748 344 1826 378 etc„

298 384 686 459 V0¹·'1-J0¹1?1}⁸152{¹‡{2⁰i?5
691 385 963 459 Θέἐῂίῗῗῗίῗίὲῖω
974 386 1588 468 &3223stsstlffixssssessffliasfisstte
1604 430 1694 467 date>

409 471 556 511 Stephen
573 439 640 502 antyi
658 449 810 512 G’eoffreji
827 439 1081 511 isaggesiiombe,
1099 440 1253 511 schgolars,
1272 472 1290 487 “
1303 473 1344 503 de
1360 473 1478 504 solutis
1490 474 1507 486 ’⁷
1526 474 1628 511 (same
1645 453 1747 510 date),

410 513 499 545 John
526 515 805 554 Chaumberleyn,
833 516 904 546 “de
928 515 1037 546 soluto
1061 520 1095 546 et
1121 516 1254 554 soluta3
1282 527 1318 547 ac
1342 517 1489 548 Johanni
1516 516 1612 553 Mole,
1637 516 1715 546 alias
1740 515 1829 545 dicto

452 558 642 598 Kyngman,
657 559 697 589 de
714 559 897 599 presbitero
914 562 947 589 et
963 559 1082 598 soluta,
1100 560 1229 598 genitis,
1243 559 1423 590 scolaribus
1440 560 1586 591 Diocesis
1604 558 1800 589 Exoniensis
1812 557 1829 570 ”

453 602 556 638 (same
572 602 672 640 date),

407 667 551 705 Exeter
565 681 574 714 ;
603 681 626 705 a
645 681 731 706 case
751 669 791 705 of
813 668 986 706 assault:
1016 668 1277 706 Denunciacz‘o
1306 668 1721 706 Excommum‘cacionis
1749 681 1830 704 con-

463 729 526 759 tra
546 723 729 760 violantes
750 723 958 760 Libertates
978 723 1140 760 Ecclesie
1159 723 1294 761 Sancti
1314 723 1502 771 Stephani
1520 723 1677 768 Exonie,
1700 729 1734 759 et
1747 735 1834 770 per-

462 783 666 814 tractantes
685 777 898 814 Domz'num
917 777 1130 814 Johannem
1150 778 1264 826 Eyre,
1283 778 1600 825 presbiterum,—

298 828 346 855 fol.
403 831 556 869 Thomas,
581 834 659 869 etc.‚
686 831 818 861 Decano
847 831 989 862 Ecclesie
1013 835 1125 862 nostre
1153 831 1347 862 Exouiensis
1371 842 1407 861 ac
1431 831 1570 863 Officiali
1598 830 1829 861 Archidiaconi

296 864 337 889 14.
450 874 555 905 nostri
582 874 718 913 Exonie,
747 875 952 915 singulisque
984 875 1191 912 Rectoribus,
1219 875 1367 913 vicariis,
1398 885 1434 906 ac
1465 875 1582 906 ceteris
1606 874 1826 905 Ecclesiarum

450 921 562 948 nostre
580 918 734 948 Civitatis
758 918 904 958 predicte
922 918 1063 956 Curatis,
1082 918 1236 956 salutem,
1256 918 1440 950 eta-Non
1458 919 1582 958 absque
1605 917 1697 957 gravi
1720 916 1827 947 cordis

450 962 561 992 dolore
585 964 721 1001 propter
747 962 961 992 commissum
987 962 1093 992 scelus
1118 962 1321 1000 inauditum,
1350 962 1552 993 notorietate
1580 961 1826 998 manifestante,

448 1005 627 1035 didicimus
651 1005 739 1045 quod
764 1005 917 1035 nonnulli
940 1005 1129 1045 iniquitatis
1153 1005 1221 1043 filii,
1245 1015 1388 1046 quorum
1417 1006 1552 1036 nomina
1574 1005 1771 1044 ignorantur
1794 1006 1828 1034 et

448 1059 594 1088 persone,
607 1048 812 1079 Libertatem
826 1048 969 1079 Ecclesie
979 1053 1091 1079 nostre
1102 1049 1189 1079 infra
1202 1048 1393 1079 Parochiam
1408 1048 1521 1079 Sancti
1535 1048 1705 1088 Stephani,
1717 1051 1828 1078 nostre

449 1092 603 1123 Civitatis
620 1092 825 1129 Exoniensis,
841 1092 1100 1132 dampnabiliter
1116 1092 1287 1130 violantes,
1299 1102 1336 1122 ac
1351 1092 1543 1122 violenciam
1561 1092 1726 1122 notoriam
1743 1091 1825 1131 pub-

447 1135 506 1166 lice
523 1135 782 1173 committentes,
800 1136 968 1176 quendam
992 1135 1176 1166 Dominum
1201 1135 1387 1166 Johannem
1412 1136 1509 1176 Eyre,
1526 1135 1560 1165 in
1582 1135 1826 1166 Presbiteratus

447 1179 571 1209 Ordine
598 1179 822 1209 constitutum
847 1182 881 1210 et
904 1179 938 1209 in
967 1178 1168 1219 possessione
1190 1179 1435 1209 Presbiteratus
1462 1179 1591 1209 notorie
1616 1179 1826 1215 existentem,

447 1225 622 1253 tonsuram
645 1226 678 1252 et
701 1226 810 1253 vestes
834 1222 965 1262 publice
988 1223 1204 1253 defferentem
1223 1222 1293 1261 (sic)
1310 1222 1484 1260 clericales,
1502 1226 1584 1253 tunc
1600 1222 1634 1252 in
1658 1223 1742 1252 lecto
1766 1232 1826 1252 suo

447 1265 555 1296 solum
580 1266 756 1306 jacentem,
781 1266 815 1296 in
833 1276 909 1296 casu
935 1266 980 1296 eis
998 1277 1015 1296 a
1031 1266 1105 1306 jure
1130 1266 1268 1296 minime
1291 1266 1461 1306 permisso,
1480 1277 1544 1296 non
1569 1265 1640 1296 sine
1663 1275 1824 1296 manuum

448 1309 669 1340 violentarum
694 1309 884 1349 injeccione,
902 1309 1129 1341 inhumaniter
1152 1313 1322 1350 ceperunt,
1341 1320 1388 1347 ac,
1407 1320 1483 1339 eum
1501 1312 1594 1340 extra
1620 1309 1824 1340 Libertatem

447 1357 595 1383 nostram
621 1356 655 1383 et
679 1353 824 1383 Ecclesie
847 1356 959 1383 nostre
984 1353 1131 1392 predicte
1154 1353 1324 1391 ducentes,
1348 1353 1457 1393 ipsum
1483 1364 1540 1393 per
1563 1356 1669 1383 totam
1693 1355 1824 1383 noctem

446 1397 570 1427 ibidem
594 1396 756 1435 fugarunt
779 1407 854 1427 cum
880 1397 1056 1433 cornubus,
1075 1399 1108 1426 et
1133 1396 1369 1427 vociferacione
1392 1397 1535 1427 clamosa
1558 1396 1737 1426 enormiter
1754 1407 1823 1436 per-

447 1443 645 1479 tractarunt,
664 1440 800 1480 Majoris
825 1440 1189 1471 Excommunicacionis
1207 1440 1398 1470 Sentencias
1415 1451 1433 1470 a
1451 1441 1583 1471 Canone
1600 1440 1636 1470 St
1652 1442 1733 1480 quis,
1750 1450 1823 1470 sua-

444 1484 535 1514 dente
555 1483 688 1522 diabole,
706 1488 740 1514 et
764 1483 835 1514 aliis
859 1484 1058 1515 Sanctorum
1078 1484 1217 1514 Patrum
1237 1484 1546 1514 Constitucionibus
1569 1484 1705 1523 provide
1729 1483 1822 1521 latas,

446 1528 533 1567 ipsos
558 1527 733 1557 violatores
755 1530 788 1557 et
813 1527 1005 1557 violenciam
1030 1528 1168 1557 eandem
1193 1527 1445 1558 committentes
1469 1527 1643 1558 efficaciter
1665 1529 1824 1564 artanteS,

445 1571 516 1611 ipso
532 1570 621 1601 facto
644 1571 902 1611 dampnabiliter
924 1571 1132 1609 incurrendo,
1156 1571 1189 1601 in
1214 1571 1400 1601 animarum
1424 1581 1559 1601 suarum
1584 1570 1768 1610 periculum
1791 1581 1828 1600 ac

445 1614 552 1645 tocius
565 1614 698 1645 Ordinis
712 1614 877 1645 Clericalis
890 1614 1081 1645 scandalum
1096 1613 1313 1645 manifestum
1326 1618 1360 1644 et
1373 1614 1592 1654 plurimorum
1604 1613 1823 1654 perniciosum

446 1658 646 1698 exemplum.
708 1657 877 1696 Nolentes,
904 1658 1016 1697 igitur,
1046 1661 1158 1688 tantas
1186 1657 1361 1688 violencias
1393 1658 1538 1688 notorias
1569 1657 1824 1688 conniventibus

446 1701 548 1731 oculis
565 1701 724 1741 preterire
746 1701 953 1738 incorrectas,
971 1701 1071 1731 sicuti
1087 1711 1146 1731 nec
1162 1701 1321 1732 debemus
1339 1711 1346 1738 ;
1370 1701 1471 1739 vobis,
1490 1704 1562 1738 etc,
1580 1700 1824 1731 committimus

447 1748 482 1774 et
505 1744 702 1774 mandamus
729 1745 888 1784 quatinus
915 1744 1022 1774 dictos
1049 1744 1278 1774 Ecclesiastice
1306 1745 1486 1775 Libertatis
1513 1744 1697 1782 violatores,
1716 1747 1750 1774 et
1766 1744 1823 1784 qui

445 1788 570 1818 dictam
586 1787 779 1818 violenciam
804 1788 966 1818 notoriam
989 1787 1237 1826 commiserunt,
1257 1790 1296 1818 ut
1319 1788 1510 1828 predicitur,
1528 1787 1633 1818 dictas
1657 1787 1822 1828 Majorum

446 1831 841 1862 Excommunicacionum
855 1830 1047 1861 Sentencias
1063 1831 1117 1868 sic,
1131 1833 1170 1860 ut
1186 1831 1361 1870 prefertur,
1379 1832 1564 1868 incurrisse,
1583 1834 1617 1861 et
1632 1841 1821 1861 excommu-

447 1874 572 1905 nicatos
588 1874 690 1904 fuisse
706 1878 740 1904 et
756 1884 834 1912 esse,
853 1874 983 1913 publice
1000 1877 1034 1904 et
1050 1874 1265 1914 solempniter
1281 1874 1490 1904 denuncietis
1506 1874 1539 1904 in
1557 1884 1684 1914 genere,
1702 1877 1770 1904 tam
1789 1874 1823 1904 in

447 1917 592 1948 Ecclesia
607 1921 721 1948 nostra
738 1917 928 1948 Cathedrali
954 1917 1078 1947 Exonie
1095 1927 1194 1957 quam
1211 1917 1350 1957 singulis
1372 1917 1526 1948 Ecclesiis
1544 1917 1696 1948 Civitatis
1713 1922 1825 1947 nostre

445 1961 602 2000 predicte,
627 1961 715 1991 intra
746 1961 922 1991 Missarum
950 1960 1140 2000 solempnia,
1169 1970 1245 1990 cum
1277 1960 1384 2001 major
1415 1972 1549 2001 presens
1576 1961 1691 2000 populi
1722 1961 1825 1992 fuerit

445 2004 630 2034 multitudo
653 2004 687 2034 in
711 2004 847 2042 eisdem,
874 2003 1013 2044 pulsatis
1037 2003 1213 2043 campanis,
1233 2004 1337 2034 Cruce
1360 2004 1393 2034 in
1416 2014 1516 2035 manu
1541 2012 1660 2042 erecta,
1680 2005 1824 2035 candelis

445 2047 588 2078 accensis
604 2050 638 2078 et
654 2047 821 2086 extinctis,
839 2050 873 2077 et
889 2057 965 2078 cum
982 2047 1073 2077 omni
1088 2047 1151 2077 alia
1166 2047 1400 2087 solempnitate
1416 2048 1449 2078 in
1466 2048 1629 2078 similibus
1646 2048 1822 2078 denuncia-

445 2091 594 2122 cionibus
618 2090 688 2121 fieri
707 2094 873 2121 consueta.
922 2091 974 2128 Et,
993 2090 1020 2120 si
1036 2100 1120 2130 quos
1137 2101 1194 2130 per
1211 2091 1468 2130 Inquisicionem
1493 2091 1702 2129 Canonicam,
1720 2102 1821 2131 quam

444 2145 503 2175 per
519 2145 575 2165 vos
600 2134 634 2164 in
657 2134 718 2165 hac
742 2137 835 2173 parte
858 2134 1058 2164 auctoritate
1081 2137 1193 2164 nostra
1216 2134 1287 2164 fieri
1314 2134 1469 2165 volumus
1495 2135 1698 2174 diligentem,
1723 2145 1823 2174 super

442 2177 610 2218 premissis
633 2188 690 2208 seu
714 2177 826 2217 aliquo
852 2177 1087 2216 premissorum
1110 2177 1303 2207 inveneritis
1327 2188 1398 2208 reos
1422 2188 1480 2208 seu
1503 2178 1537 2208 in
1562 2178 1622 2208 hac
1638 2181 1732 2218 parte
1749 2189 1818 2209 sus-

442 2224 564 2261 pectos,
581 2231 639 2251 seu
665 2220 794 2260 publice
817 2221 1014 2259 diffamatos,
1031 2220 1163 2250 eosdem
1188 2220 1306 2259 citetis,
1324 2231 1382 2251 seu
1400 2221 1493 2251 citari
1515 2221 1653 2260 faciatis,
1671 2232 1819 2262 peremp-

442 2265 534 2301 torie,
552 2265 642 2304 quod
666 2268 879 2304 compareant
901 2274 1010 2294 coram
1033 2263 1137 2302 nobis,
1162 2267 1317 2294 nostrove
1342 2264 1479 2295 Officiali
1503 2268 1562 2295 aut
1587 2265 1820 2296 commissario

441 2318 663 2348 quocumque,
691 2308 723 2337 iu
757 2307 902 2338 Ecclesia
932 2310 1045 2338 nostra
1076 2307 1268 2338 Cathedrali
1301 2308 1424 2338 Exonie
1455 2308 1613 2348 predicta,
1641 2308 1694 2338 die
1725 2308 1819 2339 Jovis

441 2351 592 2391 proximo
608 2353 683 2391 post
700 2351 838 2381 Festum
856 2351 969 2382 Sancti
985 2350 1126 2381 Dionisii
1142 2351 1291 2390 proximo
1308 2351 1473 2390 futurum,
1491 2361 1591 2391 super
1606 2351 1703 2382 dictis
1721 2351 1818 2382 viola-

441 2395 533 2425 cione
555 2394 735 2425 Libertatis
759 2394 903 2425 Ecclesie
927 2397 961 2424 et
984 2394 1151 2432 violencia,
1177 2393 1270 2424 nobis
1297 2404 1354 2434 per
1379 2395 1465 2424 viam
1489 2395 1611 2425 notorii
1638 2405 1677 2425 ex
1705 2394 1819 2426 Officio

440 2441 554 2468 nostro
570 2437 771 2478 responsuri,
785 2441 819 2468 et
831 2438 872 2468 de
885 2437 982 2468 factis
998 2437 1065 2467 suis
1082 2437 1298 2477 personaliter
1314 2440 1347 2469 et
1361 2437 1564 2478 singillatim,
1579 2438 1606 2468 si
1623 2438 1817 2478 oportuerit,

439 2481 585 2522 juraturi
602 2492 610 2519 ;
633 2481 755 2512 facturi
771 2481 913 2512 ulterius
930 2483 964 2511 et
979 2480 1146 2520 recepturi
1163 2481 1252 2519 quod
1269 2480 1310 2510 ad
1327 2491 1451 2511 meram
1475 2482 1663 2512 animarum
1680 2492 1814 2512 suarum

437 2525 655 2562 singularium
680 2524 918 2555 correceionem
935 2527 969 2554 et
992 2524 1101 2554 forum
1121 2523 1386 2554 Ecclesiasticum
1412 2525 1535 2565 poterit
1551 2525 1724 2565 pertinere.
1772 2525 1817 2555 Et

437 2568 519 2608 quid
542 2568 576 2598 in
601 2568 768 2608 premissis
791 2567 946 2606 feceritis,
971 2577 1038 2597 una
1067 2577 1144 2597 cum
1176 2567 1367 2598 nominibus
1398 2572 1432 2598 et
1463 2568 1714 2608 cognominibus
1738 2568 1814 2598 cita-

436 2614 549 2642 torum
573 2621 631 2641 seu
655 2611 865 2641 citandorum
887 2610 1122 2651 predictorum,
1147 2620 1216 2649 nos,
1242 2610 1434 2649 Officialem,
1459 2617 1519 2642 aut
1543 2611 1815 2643 commissarium

435 2654 610 2693 predictos,
627 2655 669 2684 ad
692 2655 799 2685 dictos
822 2655 910 2685 diem
927 2657 962 2684 et
982 2654 1101 2691 locum,
1119 2657 1154 2684 et
1177 2657 1290 2693 aperte
1312 2655 1346 2684 in
1370 2655 1456 2685 Loco
1483 2654 1676 2685 Consistorii
1699 2655 1814 2693 nostri,

433 2697 567 2736 ibidem,
585 2697 743 2728 distincte
759 2701 793 2728 et
810 2701 924 2737 aperte
940 2697 1139 2735 certificetis,
1157 2697 1375 2728 etc.—Dated
1392 2701 1428 2729 at
1446 2698 1577 2737 Exeter,
1597 2699 1635 2729 21
1654 2698 1745 2738 Sept.

277 2747 597 2781 [Ocro-—Absolucio
613 2750 775 2782 violatoris
791 2751 963 2782 Libertatis
980 2750 1091 2782 Sancti
1108 2750 1317 2790 Stephani,—

277 2783 358 2812 sam]
385 2793 488 2834 xxviij
507 2794 561 2825 die
577 2794 659 2825 dicti
672 2795 795 2826 mensis
806 2794 970 2833 Octobris,
983 2794 1003 2825 J
1007 2793 1152 2825 ohannes
1169 2795 1210 2824 de
1227 2794 1460 2835 Caunterbyri,
1475 2795 1630 2826 Civitatis
1649 2795 1811 2825 Exonien-

427 2837 479 2877 sis,
505 2837 694 2879 comparuit
716 2838 933 2880 personaliter
957 2847 1065 2870 coram
1090 2837 1235 2870 Domino
1258 2838 1292 2868 in
1318 2839 1450 2881 Capella
1473 2849 1532 2869 sua
1555 2839 1596 2869 de
1620 2838 1814 2870 Farendone
