1987 3062
93 336 172 362 A.D.

95 370 189 396 1376-7

97 404 159 430 Vol.
193 424 198 430 .

96 1159 143 1185 sol.

97 1193 158 1220 66b.

426 230 713 268 REG1srRUM
751 230 1206 268 COMMUNE—ANNO
1245 219 1304 267 70.
1537 217 1628 265 375

244 338 448 370 Cancellario
474 339 506 370 in
535 339 680 371 Ecclesia
707 339 901 371 Cathedrali
925 338 1061 376 Exonie,
1085 337 1175 378 quod
1199 336 1313 377 possit,
1331 338 1409 374 etc„
1432 336 1465 366 in
1490 335 1629 376 singulis

192 390 198 396 ·
246 382 389 422 Capellis
414 383 481 413 sive
508 383 668 414 oratoriis
695 383 783 414 infra
810 383 996 414 mansiones
1023 392 1098 413 suas
1122 381 1324 420 ubicumque
1347 380 1380 410 in
1407 379 1552 410 Civitate
1575 379 1628 409 vel

247 425 376 456 Dioeesi
394 426 520 456 Exonie
536 426 687 460 situatis:
706 426 797 465 dum,
815 430 939 464 tamen,
958 425 1111 456 Ecclesiis
1124 424 1322 455 Matricibus
1336 424 1498 454 Locorum
1511 421 1627 462 hujus-

246 469 337 499 modi
353 469 578 510 prejudicium
594 470 725 500 nuilum
744 470 802 500 fiat
820 480 827 508 ;
851 470 1023 510 quamdiu,
1040 471 1120 507 etc.,
1139 468 1347 499 duraturam.

202 533 449 572 Confessions
463 548 474 582 3
501 535 566 572 Ad
584 535 797 583 eligsendum
824 535 1142 582 Coasessorem—

205 587 302 624 Item,
319 588 455 627 ibidem,
474 589 602 619 decimo
618 592 713 619 sexto
729 589 791 627 die,
810 589 973 619 Dominus
996 587 1158 619 concessit
1181 586 1366 618 Licenciam
1390 585 1534 616 Domino
1551 585 1626 615 Phi-

247 631 337 671 lippo
355 632 557 672 Courteuay,
574 632 684 669 Militi,
702 632 744 662 ad
761 632 951 672 eligendum
975 632 1037 662 sibi
1062 641 1167 661 unum
1190 630 1360 670 ydoneum
1385 629 1626 666 confessorem,

248 675 306 714 qui
325 675 554 706 Confessiones
577 686 652 706 suas
676 675 792 706 audire
815 675 934 712 valeat,
959 677 994 705 et
1017 675 1123 705 eidem
1140 684 1200 713 pro
1216 673 1399 713 commissis
1423 671 1627 712 penitencias

247 717 423 758 injungere
439 719 601 749 salutares
617 729 624 755 ;
648 729 786 755 necnon,
806 719 975 749 absolvere
991 718 1136 748 eundem
1152 717 1187 747 in
1203 716 1346 747 casubus
1365 715 1508 745 Domino
1525 725 1626 745 reser-

246 761 332 792 vatis
347 772 354 798 ;
377 762 614 792 violacionibus
630 762 649 793 J
653 762 765 792 urium
782 766 816 792 et
833 762 1044 792 Libertatum
1065 760 1206 791 Ecclesie
1220 759 1428 790 Cathedralis
1442 758 1578 796 Exonie,
1591 768 1629 788 ac

248 804 487 844 injeccionibus
503 815 666 836 manuum
682 805 904 836 violentarum
923 805 957 835 in
973 804 1107 835 clericos
1124 804 1157 834 in
1176 803 1283 834 Sacris
1300 802 1513 840 constitutos,
1531 801 1627 832 dum-

245 850 341 879 taxat
356 849 504 889 exceptis
520 860 528 888 3
552 859 611 889 per
627 859 732 879 unum
749 859 877 879 annum
893 848 1103 879 duraturam.

204 913 370 963 Chapels
387 927 394 958 ;
423 915 579 952 Licence
599 921 635 951 to
654 915 898 959 celebrate,—

204 967 304 1005 Item,
329 968 454 999 eisdem
478 968 531 999 die
554 972 590 999 et
612 968 692 1006 loco,
721 968 882 998 Dominus
912 967 1082 998 ,Iohannes
1114 966 1314 1004 Nanscunel,
1340 966 1461 996 Rector
1484 964 1630 995 Ecclesie

248 1011 448 1042 Parochialis
464 1012 578 1042 Sancti
595 1011 751 1050 Maugani
767 1011 815 1050 [in
834 1009 968 1051 Pyclre],
987 1010 1107 1041 habuit
1132 1009 1317 1041 Licenciam
1334 1010 1375 1039 ad
1392 1008 1629 1039 celebrandum

247 1054 299 1084 vel
326 1055 516 1085 faciendum
544 1055 703 1086 celebrari
732 1055 851 1085 Divina
878 1055 912 1085 in
942 1054 1085 1094 Capellis
1111 1054 1153 1084 de
1181 1054 1394 1085 Carnantone
1421 1055 1456 1082 et
1483 1051 1630 1091 Polgrun

248 1097 440 1137 [Polyreen],
457 1098 544 1129 infra
561 1098 755 1129 Parochiam
779 1108 873 1128 suam
897 1097 1032 1128 situatis
1048 1108 1056 1133 ;
1080 1108 1138 1137 per
1155 1107 1261 1127 unum
1277 1106 1404 1127 annum
1420 1095 1629 1126 duraturam.

207 1162 477 1210 Confessions,
507 1165 570 1200 Ad
589 1163 802 1212 elisyenclmn
824 1163 1149 1211 Conse-§soreng—

208 1217 305 1254 Item,
322 1217 446 1248 eisdem
469 1217 523 1247 die
539 1221 574 1248 et
590 1218 669 1255 loco,
694 1217 783 1248 idem
808 1218 929 1247 Recior
951 1216 1071 1247 habuit
1095 1216 1279 1246 Licenciam
1298 1215 1340 1245 ad
1356 1214 1546 1254 eligendum
1571 1213 1634 1245 sibi

255 1270 360 1291 unum
388 1261 555 1299 ydoneum
585 1261 826 1298 confessorem,
855 1260 913 1300 qui
939 1259 1170 1291 Confessiones
1198 1269 1273 1289 suas
1306 1258 1421 1289 audire
1452 1257 1572 1295 valeat,
1597 1260 1633 1288 et

252 1303 359 1334 eidem
382 1314 440 1343 pro
464 1304 647 1334 commissis
678 1303 882 1343 penitencias
913 1303 1088 1342 injungere
1111 1303 1299 1338 salutares3
1326 1311 1464 1338 necnon,
1489 1301 1633 1331 eundem

251 1347 420 1377 absolvere
443 1347 477 1377 in
501 1347 643 1378 casubus
660 1347 803 1377 Domino
820 1346 1005 1384 reservatis,
1024 1346 1261 1376 violacionibus
1278 1345 1412 1375 Jurium
1431 1348 1466 1375 et
1485 1344 1632 1375 Liberta-

253 1393 326 1420 tum
347 1390 490 1420 Ecclesie
508 1390 716 1420 Cathedralis
741 1390 876 1427 Exonie,
901 1389 1139 1419 violacionibus
1163 1399 1221 1419 seu
1245 1388 1518 1428 corrupcionibus
1536 1388 1635 1418 Sanc-

253 1436 364 1464 tarum
384 1434 589 1471 Monialium,
606 1433 845 1473 injeccionibus
869 1443 1031 1463 manuum
1055 1432 1280 1462 violentarum
1304 1432 1338 1461 in
1363 1431 1498 1461 clericos
1521 1431 1554 1461 in
1579 1431 1636 1461 Sa-

253 1476 316 1507 cris
332 1477 535 1507 constitutos
551 1487 569 1506 a
585 1477 661 1516 jure
684 1487 750 1507 non
777 1476 953 1516 permissis,
977 1475 1152 1506 adulteriis
1169 1478 1203 1506 et
1220 1475 1415 1505 incestubus
1438 1474 1576 1504 notoriis
1599 1484 1637 1504 ac

255 1520 451 1557 manifestis,
468 1520 748 1550 celebracionibus
772 1519 1061 1550 matrimoniorum
1087 1519 1381 1555 clandestinorum,
1399 1517 1637 1547 violacionibus

254 1563 477 1593 Ecclesiarum
494 1566 528 1594 et
546 1563 795 1594 (r'imiteriorum
812 1566 950 1602 propter
967 1573 1049 1602 quas
1065 1562 1219 1601 indigent
1241 1561 1454 1596 reconciliari,
1473 1564 1508 1591 et
1523 1560 1636 1600 perju-

254 1606 311 1637 riis
328 1607 472 1637 scienter
487 1607 520 1638 in
539 1607 655 1637 Causis
678 1606 981 1636 matrimonialibus
1004 1609 1039 1636 et
1063 1606 1191 1643 Assisis,
1216 1608 1276 1635 aut
1299 1604 1379 1634 alias
1402 1604 1460 1634 ubi
1484 1604 1639 1644 sequitur

253 1660 340 1680 mors
356 1650 408 1680 vel
424 1649 639 1680 exheredacio
655 1653 715 1680 aut
730 1650 839 1689 gravis
855 1649 1094 1689 depauperacio
1110 1648 1262 1689 alicujus,
1279 1648 1459 1678 dumtaxat
1475 1647 1636 1687 exceptis;

252 1703 312 1733 per
328 1703 434 1723 unum
451 1703 574 1723 annum
593 1693 802 1724 duraturam.

206 1758 369 1807 Far-way
390 1755 600 1809 [Farewey‚
624 1754 725 1808 MS]
743 1771 752 1803 3
782 1758 843 1794 Sir
863 1757 993 1806 Philip
1014 1754 1308 1808 [Bogheleghe]‚
1332 1756 1448 1799 R„-

209 1812 345 1843 Licence
361 1812 395 1842 of
410 1812 662 1842 non-residence
679 1812 731 1842 till
748 1811 971 1849 Michaelmas,
990 1811 1008 1825 ⁴‘
1021 1811 1112 1848 dum,
1127 1814 1251 1849 tamen,
1265 1809 1409 1840 Ecclesie
1425 1819 1484 1840 sue
1500 1809 1637 1840 iuterim

249 1855 457 1886 deserviatur
471 1855 694 1894 laudabiliter,
711 1855 800 1886 etc.‘’
817 1854 937 1895 (Clyst,
955 1856 995 1884 22
1013 1853 1115 1892 Feb).

207 1921 664 1971 Letters-Dimissory‚-

205 1975 295 2006 John
312 1976 465 2014 Persone,
482 1976 615 2014 deacon,
634 1975 705 2006 “ad
722 1974 882 2006 Ordinem
896 1973 1143 2005 Presbiteratus
1157 1973 1175 1985 '¹
1193 1973 1297 2012 (same
1312 1971 1416 2011 date).

210 2046 248 2083 N
251 2046 448 2095 orthleigh
464 2059 474 2093 3
504 2047 564 2083 Sir
585 2046 759 2095 Stephen
780 2046 996 2090 Bolestone,
1022 2045 1136 2090 R„—

209 2100 347 2131 Licence
363 2101 398 2131 of
412 2100 664 2131 non-residence
681 2100 734 2131 till
750 2099 964 2130 Michaelmas
981 2098 1194 2138 (Chudleigh,
1213 2099 1254 2128 24
1271 2098 1297 2128 F
1300 2098 1375 2136 eb.).

211 2166 483 2212 Confessions;
513 2166 577 2202 Ad
596 2166 830 2203 audiendum
855 2164 1181 2210 Comfessiones‚—

211 2219 310 2258 Item,
327 2220 417 2260 apud
435 2220 682 2259 Chuddeleghe,
701 2219 817 2249 eodem
842 2219 906 2254 die,
925 2218 1043 2248 Frater
1058 2217 1246 2247 XVilIelmus
1263 2216 1383 2251 Worle,
1402 2216 1536 2247 Ordinis
1559 2216 1637 2247 Fra-

255 2266 348 2294 trum
367 2263 533 2293 Minorum
558 2263 754 2294 Conventus
771 2261 967 2292 Exoniensis
991 2261 1188 2299 Cardianus,
1206 2259 1326 2290 habuit
1343 2259 1540 2298 Licenciam,
1558 2262 1636 2295 etc.;

254 2317 313 2347 per
329 2317 436 2337 unum
451 2316 579 2337 annum
595 2306 804 2336 duraturam.

213 2372 343 2409 North
364 2372 526 2409 Tawton
547 2369 873 2422 [Northtautone,
896 2366 997 2420 MS]
1012 2381 1022 2415 5
1053 2367 1218 2405 Edward
1239 2368 1356 2411 Elier,
1380 2368 1494 2413 R„-

212 2426 400 2508 Litgeneeo}
423 2425 676 2507 non-residence
699 2425 752 2455 for
775 2427 841 2455 two
865 2433 968 2464 yearS,
995 2426 1030 2453 to
1053 2422 1157 2462 study
1180 2425 1216 2452 at
1240 2421 1368 2453 Oxford
1385 2432 1422 2452 or
1439 2421 1639 2462 Cambridge

270 2479 359 2500 same
399 2472 477 2500 ate.

214 2534 670 2583 I,etters-Dimissory,—

212 2588 356 2620 Thomas
372 2588 528 2626 Taillour,
547 2587 693 2625 accolite,
711 2585 729 2600 “
742 2586 784 2616 ad
800 2595 914 2616 omnes
931 2584 1047 2616 Sacros
1065 2583 1207 2615 Ordines
1218 2583 1236 2596 ’²
1251 2583 1464 2624 (Chudleigh,
1479 2583 1518 2614 25
1533 2582 1638 2621 Feb).

105 2646 193 2673 MAR-
214 2648 360 2686 Totnes
377 2662 386 2695 ;
414 2648 495 2684 Pro
518 2647 678 2694 Capella
698 2647 1016 2694 amavorum,—

103 2688 179 2707 CIUS.

214 2702 314 2739 Item,
344 2701 434 2741 apud
461 2702 665 2741 Peyngtone,
694 2699 890 2730 duodecimo
913 2698 965 2729 die
990 2696 1112 2728 mensis
1136 2697 1261 2735 Marcii,
1288 2697 1453 2728 Dominus
1476 2697 1638 2728 concessit

256 2745 362 2775 Priori
378 2748 413 2775 et
429 2744 604 2775 Fratribus
627 2744 755 2774 Domus
779 2743 901 2774 Sancte
925 2741 1026 2771 Marie
1044 2740 1247 2780 Magdalene‚
1264 2740 1431 2778 Tottonie,
1449 2740 1636 2772 Licenciam

255 2788 345 2828 quod
360 2787 489 2827 possint
505 2787 627 2818 Divina
642 2786 808 2817 celebrare
823 2785 856 2816 iu
875 2784 1008 2824 Capella
1024 2784 1093 2815 sive
1110 2784 1263 2815 Oratorio
1279 2783 1365 2814 infra
1389 2784 1535 2815 Domum
1552 2784 1636 2824 ipso-

253 2841 328 2862 rum
345 2831 472 2862 situato
485 2843 494 2869 3
517 2841 576 2871 per
590 2830 763 2860 biennium
780 2829 988 2860 duraturam.
