1987 3062
296 224 391 267 202

294 338 329 364 A.
334 338 370 364 D.

294 372 368 398 1377.

293 405 359 432 Vol

293 439 335 465 11.

495 235 594 267 THE
629 234 869 269 REGISTER
904 236 963 268 OF
1004 236 1180 270 BISHOP
1215 236 1614 274 BRANTYNGHAM.

445 341 610 380 herentes,
627 352 704 373 cum
720 353 787 373 non
803 342 933 374 modica
949 342 1170 373 multitudine
1186 341 1363 373 hominum
1378 343 1421 374 ad
1436 354 1528 375 arma
1544 346 1580 375 et
1601 348 1818 382 armatorum,

443 385 530 415 infra
546 385 700 426 Regnum
723 389 877 417 nostrum
894 386 1013 425 Anglie
1036 386 1078 416 ad
1101 385 1202 417 cicius
1226 395 1292 426 quo
1316 390 1476 427 poterunt
1498 387 1670 428 applicare,
1689 391 1722 418 et
1746 398 1816 428 pre-

443 429 538 469 cipue
557 429 735 460 Civitatem
760 433 909 460 nostram
926 427 1121 469 [Exoniam]
1140 428 1330 469 predictam,
1349 430 1412 461 nisi
1436 441 1550 462 eorum
1574 431 1701 462 malicie
1724 441 1775 461 res
1777 431 1817 462 is-

445 475 548 510 tatur,
568 473 649 503 totis
664 473 790 503 viribus
807 473 962 503 invadere
984 475 1199 512 ploponunt;
1226 483 1294 511 nos,
1312 473 1460 504 volentes
1485 474 1680 523 hujusmodi
1703 474 1816 514 damp-

445 515 497 546 nis
521 520 555 546 et
577 516 740 556 periculis,
758 527 822 556 que
845 516 941 547 nobis
963 520 998 546 et
1022 516 1160 546 Civitati
1183 516 1338 556 predicte,
1356 527 1397 547 ex
1420 517 1587 548 dictorum
1607 517 1818 548 inimicorum

445 563 634 590 nostrorum
659 559 847 590 incursibus
871 559 1002 590 evenire
1026 562 1170 599 possent,
1194 569 1389 599 precavere3
1420 561 1698 601 adveitentesque
1728 561 1818 601 quod

444 598 558 634 ornnes
574 608 609 634 et
624 603 746 651 singuli
763 603 870 633 clerici
887 613 923 633 ac
939 602 1018 633 alii
1009 613 1043 633 1n
1067 602 1182 633 eadem
1200 602 1344 633 Civitate
1367 603 1558 643 residentes,
1575 607 1610 635 et
1633 607 1738 635 terras
1761 614 1819 635 seu

444 649 636 677 tenementa
659 646 693 677 in
717 646 832 677 eadem
858 646 1001 677 Civitate
1024 645 1197 684 habentes,
1224 646 1378 678 videlicet
1401 647 1543 687 quilibet
1567 658 1693 684 eorum,
1719 647 1819 688 juxta

443 694 570 722 statum
595 693 629 720 et
652 690 829 720 facultates
851 700 937 727 suas,
960 689 1160 730 reparacioni
1184 700 1357 721 murorum
1382 693 1417 721 et
1441 690 1641 721 fossatorum
1666 671 1820 722 divitatis

443 734 590 774 predicte
614 733 824 764 contribuere
851 736 1031 768 tenentur;
1066 733 1307 773 assignavimus
1331 744 1388 764 vos
1410 734 1452 764 ad
1476 744 1590 765 omnes
1613 737 1648 765 et
1671 734 1818 774 singulos

443 776 639 818 hujusmodi
655 777 789 807 clericos
805 776 1005 817 reparacioni
1021 787 1193 807 murorum
1211 779 1246 807 et
1268 777 1470 808 fossatorum
1495 777 1648 809 Civitatis
1671 777 1820 817 predicte

443 832 501 862 per
519 821 682 851 Censuras
699 819 944 851 Ecclesiasticas
957 824 989 850 et
1006 820 1085 850 alias
1104 820 1171 850 vias
1187 822 1221 850 et
1238 820 1352 852 modos
1376 820 1499 861 quibus
1523 821 1641 852 melius
1664 821 1818 861 expedire

443 864 592 895 videritis
608 863 817 894 contribuere
833 863 1108 903 compellendum.
1155 864 1200 894 Et
1216 863 1290 893 ideo
1307 864 1398 894 vobis
1410 864 1608 895 mandamus
1624 865 1714 904 quod
1732 864 1818 895 circa

444 908 605 948 premissa
620 907 797 946 diligenter
820 907 1013 945 intendatis,
1032 910 1066 937 et
1090 917 1126 937 ea
1150 906 1367 937 effectualiter
1390 907 1518 938 faciatis
1542 910 1576 938 et
1599 907 1759 948 expleatis
1782 907 1817 938 in

443 952 550 982 forma
568 950 722 991 predicta.
769 950 890 981 Tested
907 953 943 981 at
962 950 1202 988 Westminster,
1221 951 1260 981 28
1285 950 1386 988 June,
1406 949 1517 983 1377.1

401 1008 448 1048 (2)
475 1006 564 1038 Satis
587 1005 760 1036 informati
783 1005 862 1036 estis
885 1005 1030 1045 qualiter
1052 1005 1178 1035 inimici
1204 1005 1309 1035 nostri
1334 1005 1482 1043 Francie,
1501 1008 1534 1036 et
1557 1005 1623 1043 alii,
1640 1005 1703 1036 sibi
1719 1005 1818 1036 adhe-

290 2135 340 2163 fol.
356 2135 415 2162 le.

443 1054 566 1087 rentes,
584 1049 728 1079 facinora
752 1059 811 1079 sua
835 1059 911 1088 erga
935 1059 993 1078 nos
1017 1052 1051 1079 et
1074 1048 1174 1088 ligeos
1198 1052 1338 1086 nostros,
1354 1048 1432 1079 licet
1455 1048 1625 1087 indirecte,
1643 1049 1684 1079 de
1707 1049 1760 1079 die
1783 1049 1817 1079 in

443 1094 531 1124 diem
549 1093 807 1132 circumquaque
823 1092 1051 1129 ostendentes,
1071 1102 1147 1122 cum
1165 1101 1284 1131 magna
1307 1091 1408 1122 classe
1433 1092 1579 1131 navium,
1597 1102 1675 1123 cum
1698 1103 1818 1132 magna

442 1136 662 1168 multitudine
686 1139 891 1165 armatorum
915 1138 950 1165 et
974 1135 1183 1172 bellatorum,
1208 1145 1309 1174 supra
1332 1145 1421 1165 mare
1445 1135 1645 1176 congregati,
1671 1135 1818 1166 diversas

443 1180 547 1211 Villas
570 1189 670 1218 super
692 1178 828 1209 costeris
851 1178 957 1218 Regni
980 1178 1087 1208 nostri
1110 1177 1229 1217 Anglie
1252 1179 1456 1216 invaserunt,
1476 1182 1510 1209 et
1534 1189 1587 1209 eas
1610 1189 1668 1219 per
1689 1189 1820 1210 arsuras

443 1227 478 1254 et
493 1222 671 1254 homicidia
686 1222 848 1261 ligeorum
866 1225 1057 1252 nostrorum
1074 1222 1324 1259 destruxerunt,
1345 1225 1389 1259 et,
1410 1222 1498 1252 ultra
1513 1221 1584 1260 hoc,
1601 1232 1661 1253 nos
1684 1226 1718 1253 et
1736 1223 1818 1263 Reg-

443 1277 524 1298 num
550 1270 701 1296 nostrum
726 1265 914 1305 predictum
937 1275 973 1296 ac
996 1265 1158 1305 populum
1181 1267 1334 1295 nostrum
1362 1275 1421 1305 per
1443 1268 1566 1296 terram
1590 1269 1624 1296 et
1646 1276 1705 1305 per
1728 1276 1818 1296 mare

441 1311 624 1347 destruere,
643 1313 677 1339 et
701 1309 880 1339 Ecclesiam
904 1309 1120 1349 Anglicanam
1144 1308 1347 1346 subvertere,
1363 1319 1440 1339 cum
1463 1309 1618 1340 omnibus
1636 1309 1761 1340 vilibus
1784 1319 1818 1339 se

443 1356 629 1391 conantur3
655 1363 711 1392 per
727 1353 817 1392 quod
834 1352 983 1382 volentes
998 1351 1175 1383 salvacioni
1198 1352 1280 1382 dicti
1305 1351 1409 1391 Regni
1432 1356 1466 1382 et
1490 1352 1602 1392 populi
1626 1356 1818 1383 nostrorum

444 1408 481 1428 ac
497 1396 641 1428 Ecclesie
665 1396 786 1427 Sancte
809 1399 923 1426 contra
946 1395 1111 1426 maliciam
1134 1395 1282 1435 ipsorum
1305 1395 1526 1434 inimicorum,
1543 1400 1701 1436 operante
1716 1395 1818 1427 Altis-

442 1442 524 1472 simo
548 1439 730 1481 providere,
755 1450 812 1478 per
835 1439 979 1470 diversas
1004 1439 1260 1470 Commissiones
1285 1438 1525 1478 assignavimus
1550 1442 1657 1469 certos
1688 1439 1818 1470 Fideles

443 1488 582 1522 nostros,
606 1483 640 1513 in
664 1483 803 1522 singulis
828 1483 1052 1513 Comitatibus
1070 1482 1175 1522 Regni
1192 1482 1297 1513 nostri
1314 1482 1464 1522 predicti,
1481 1483 1522 1513 ad
1546 1483 1759 1513 arraiandum
1782 1486 1817 1513 et

442 1528 576 1559 arraiari
602 1530 637 1557 et
663 1526 784 1557 armari
811 1525 1002 1556 faciendum
1031 1536 1144 1556 omnes
1172 1525 1323 1556 homines
1349 1525 1567 1556 defensabiles
1594 1526 1682 1556 inter
1712 1529 1818 1557 etates

443 1571 614 1610 sexaginta
642 1574 676 1600 et
700 1570 866 1600 sexdecim
897 1580 1062 1600 annorum
1093 1569 1282 1608 existentes,
1311 1568 1466 1600 videlicet
1496 1569 1682 1610 quemlibet
1703 1580 1818 1600 eorum

443 1615 540 1655 juxta
557 1617 684 1644 statum
702 1616 737 1644 et
760 1613 936 1643 facultates
959 1623 1043 1651 suas,
1061 1616 1096 1643 et
1119 1623 1173 1643 eos
1196 1613 1363 1650 arraiatos,
1381 1616 1535 1651 armatos,
1553 1616 1588 1643 et
1612 1613 1760 1644 munitos
1782 1613 1817 1643 in

444 1657 641 1689 arraiacione
659 1656 852 1697 hujusmodi
869 1657 975 1686 teneri
991 1656 1191 1694 iaciendum,
1209 1656 1254 1686 sic
1270 1656 1361 1696 quod
1377 1666 1507 1696 semper
1531 1656 1677 1696 prompti
1699 1656 1768 1687 sint
1783 1659 1820 1687 et

443 1702 549 1742 parati
566 1701 607 1731 ad
624 1700 898 1740 proficiscendum
915 1700 948 1730 in
966 1699 1192 1730 defensionem
1216 1700 1321 1739 Regni
1339 1699 1452 1737 nostri,
1471 1699 1528 1730 ubi
1543 1710 1580 1730 ac
1603 1700 1768 1740 quociens,
1786 1702 1820 1730 et

443 1745 587 1786 quandO,
612 1754 652 1774 ex
675 1743 822 1774 hostium
846 1743 1034 1774 incursibus
1058 1743 1243 1782 periculum
1266 1743 1448 1781 immineat,
1473 1745 1533 1774 aut
1555 1753 1685 1773 necesse
1715 1743 1820 1774 fuerit

443 1788 593 1828 aliquale.
642 1787 878 1824 Advertentes,
896 1797 982 1825 vero,
1000 1787 1088 1826 qnod
1113 1797 1170 1816 vos
1193 1789 1227 1816 et
1250 1786 1351 1816 ceteri
1375 1786 1507 1824 Prelati,
1524 1797 1561 1816 ac
1584 1790 1677 1817 totus
1701 1786 1818 1818 Clerus

443 1832 525 1862 dicti
543 1830 657 1870 Regni,
670 1841 735 1860 una
751 1840 827 1860 cum
844 1830 916 1860 aliis
930 1829 1100 1860 Fidelibus
1116 1829 1247 1867 nostris,
1261 1829 1302 1859 ad
1316 1829 1538 1860 resistendum
1552 1829 1650 1860 dictis
1666 1829 1817 1868 inimicis,

443 1886 502 1915 pro
518 1874 701 1905 salvacione
718 1874 839 1904 Sancte
856 1873 999 1903 Ecclesie
1022 1875 1056 1903 et
1080 1872 1232 1912 ejusdem
1256 1872 1370 1911 Regni,
1389 1883 1507 1903 manus
1532 1873 1694 1903 tenemini
1718 1884 1816 1913 appo-

444 1929 521 1949 nere
537 1917 727 1958 adjutrices,
744 1916 846 1954 vobis,
864 1916 898 1946 in
915 1916 979 1946 fide
996 1919 1030 1946 et
1046 1915 1224 1946 dileccione
1241 1915 1364 1955 quibus
1380 1915 1474 1946 nobis
1491 1916 1660 1955 tenemini,
1679 1916 1819 1947 firmiter

442 1961 652 2002 injungimus
683 1963 717 1990 et
748 1960 946 1990 mandamus
977 1959 1145 1999 quatinus,
1173 1959 1387 1989 consideratis
1414 1959 1569 1999 gravibus
1599 1959 1753 2000 dampnis
1784 1962 1819 1991 et

443 2004 597 2045 periculis
612 2003 866 2034 imminentibus
884 2013 940 2043 per
955 2013 1126 2042 aggressus
1143 2002 1354 2033 inimicorum
1371 2006 1562 2033 nostrorum
1580 2003 1816 2042 predictorum,

443 2058 557 2079 omnes
580 2047 736 2085 Abbates,
756 2046 892 2083 Priores,
910 2046 1100 2086 Religiosos,
1117 2049 1151 2076 et
1173 2046 1253 2076 alias
1276 2056 1430 2086 personas
1456 2046 1698 2077 Ecelesiasticas
1721 2057 1818 2087 quas-

441 2102 585 2132 cumque
599 2093 708 2121 vestre
731 2090 886 2128 Diocesis,
904 2099 1114 2130 quacumque
1137 2089 1297 2120 dilacione
1320 2089 1513 2130 postposita,
1531 2090 1651 2120 armari
1667 2092 1701 2120 et
1716 2089 1817 2121 arrai-

447 2135 505 2173 ari‚
529 2138 563 2165 et
586 2134 685 2164 armis
709 2133 985 2174 competentibus,
1011 2132 1165 2163 videlicet
1188 2133 1330 2173 quilibet
1360 2143 1475 2163 eorum
1505 2133 1594 2163 inter
1617 2136 1723 2164 etates
1747 2144 1816 2173 pre-

442 2179 557 2216 dictas,
588 2178 686 2218 juxta
709 2180 848 2215 statum,
872 2177 1100 2216 possessiones,
1125 2180 1160 2206 et
1189 2176 1366 2207 facultates
1389 2186 1465 2206 suas
1488 2176 1624 2215 muniri,
1649 2180 1684 2207 et
1706 2187 1761 2207 eos
1784 2176 1818 2207 in

442 2221 594 2259 millenis,
611 2220 770 2258 centenis,
787 2223 821 2251 et
838 2220 981 2250 vintenis
1000 2220 1076 2259 poni
1099 2219 1307 2255 faciendum
1331 2219 1379 2251 ita
1403 2220 1493 2259 quod
1518 2219 1664 2260 prompti
1687 2220 1755 2250 sint
1778 2223 1813 2251 et

442 2265 548 2306 parati
564 2265 606 2295 ad
623 2263 897 2312 proficiscendum
913 2263 955 2294 ad
971 2263 1169 2294 mandatum
1185 2266 1345 2300 vestrum,
1362 2273 1430 2294 una
1451 2273 1527 2293 cum
1551 2263 1622 2294 aliis
1646 2263 1818 2294 Fidelibus

443 2309 574 2347 nostris,
592 2311 708 2338 contra
723 2307 854 2338 dictos'
846 2307 996 2337 inimicos
1013 2310 1152 2344 nostros,
1170 2306 1257 2337 infra
1272 2306 1402 2337 dictum
1420 2307 1572 2346 Regnum
1596 2309 1758 2345 nostrum,
1775 2307 1818 2337 ad

442 2353 539 2393 ipsos,
557 2361 633 2382 cum
658 2351 719 2381 Dei
741 2350 920 2391 adjutorio,
944 2331 1191 2387 debellanduin,
1218 2349 1489 2390 expugnandum,
1507 2352 1541 2380 et
1562 2350 1816 2388 destruendum,

442 2400 477 2426 et
492 2395 535 2426 ad
551 2405 665 2425 eorum
682 2394 847 2425 maliciam
863 2396 898 2424 et
913 2393 1113 2434 proterviam
1131 2392 1393 2433 propulsandum
1411 2396 1443 2423 et
1460 2393 1733 2424 convertendum.
1774 2393 1818 2424 Et

291 2492 303 2512 1
324 2494 368 2524 De
391 2491 571 2523 hominibus
601 2491 645 2521 ad
675 2500 769 2521 arma
794 2490 832 2521 de
861 2489 1023 2520 comitatu
1132 2489 1282 2526 minster,
1299 2490 1339 2519 20
1356 2489 1376 2519 J
1382 2488 1521 2529 uly,13s
1525 2489 1669 2520 2.-R0c.
1688 2487 1817 2527 Franc„

336 2536 475 2566 Det-onie
511 2533 829 2572 arraiandis,—The
868 2534 957 2572 King
987 2536 1022 2563 to
1133 2534 1173 2563 46
1206 2532 1297 2563 Edw.
1326 2532 1389 2569 III,
1422 2542 1464 2562 m.
1497 2533 1547 2564 27.
1597 2532 1674 2563 And
1712 2532 1816 2572 again,

335 2579 458 2618 Bishop
480 2577 743 2617 Brantyngham,
770 2577 834 2607 and
860 2581 894 2607 to
919 2576 1022 2615 Hugh
1132 2577 1152 2606 2
1175 2576 1263 2613 Jan.,
1291 2575 1434 2612 1375-6;
1462 2575 1520 2606 the
1545 2575 1818 2606 Commissioners

335 2623 376 2653 de
401 2622 601 2660 courtenay,
620 2621 697 2651 Earl
721 2620 755 2650 of
779 2620 906 2659 Devon,
930 2620 1019 2650 John
1130 2618 1309 2659 appointed
1325 2622 1360 2648 to
1376 2628 1469 2658 array
1488 2618 1585 2658 being
1610 2618 1720 2657 Hugh,
1741 2618 1817 2648 Earl

335 2666 376 2696 de
394 2663 809 2702 Cheverstone,Theobald
822 2663 1018 2701 Greneville,
1130 2662 1165 2692 of
1193 2662 1316 2699 Devon,
1346 2662 1422 2700 Guy
1449 2662 1490 2691 de
1516 2662 1636 2701 Bryan,
1659 2661 1749 2692 John
1774 2662 1816 2692 de

335 2708 477 2741 Richard
501 2707 541 2737 de
566 2707 780 2746 Stapuldone,
798 2705 889 2736 John
913 2706 1018 2736 Beau-
1131 2704 1394 2746 Dynham,J0hn
1408 2704 1707 2743 Beaumond,John
1719 2705 1814 2745 Cary,

334 2751 448 2789 mond,
467 2750 525 2781 the
551 2750 661 2780 Abbat
685 2749 718 2779 of
744 2749 912 2788 Buckfast,
930 2749 1019 2780 John
1130 2748 1252 2778 Martin
1285 2748 1425 2785 Ferrers,
1457 2748 1523 2777 and
1553 2748 1612 2778 the
1643 2747 1815 2778 Sheriffi—

335 2793 522 2831 Daumarle,
536 2793 681 2823 William
697 2793 738 2823 de
754 2792 943 2832 Bykebury,
955 2792 1021 2823 and
1129 2791 1199 2822 Rot.
1238 2790 1366 2830 Franc„
1405 2791 1445 2821 49
1476 2791 1568 2822 Edw.
1604 2791 1668 2829 ΙΙΙ,
1701 2800 1745 2821 m.
1785 2791 1815 2823 8.

335 2837 460 2870 Martin
491 2837 631 2868 Ferrers.
685 2836 806 2867 Tested
843 2839 878 2867 at
914 2836 1019 2866 West-
1128 2833 1284 2873 [F.J.B.].
