1987 3062
436 205 721 238 REGISTRUM
758 205 1216 239 OOMMUNE--ANNO
1260 197 1318 240 3⁰.
1558 197 1651 243 273

114 312 148 338 Α
154 312 188 337 D·
265 313 379 344 Sancti
397 312 565 343 Michaelis
582 316 616 343 et
640 313 776 343 Festum
795 313 953 344 Omnium
979 312 1188 350 Sanctorum,
1207 324 1264 352 per
1280 314 1561 353 premunicionem
1587 315 1646 354 viij

114 346 215 405 5321
264 356 404 393 dierum,
428 356 576 386 clavibus
600 356 833 387 communibus
857 357 1057 396 aperiantur.
1103 356 1156 386 Ita
1179 357 1268 395 quod
1294 357 1449 397 predictis
1475 358 1589 388 Maiori
1613 363 1648 388 et

265 399 518 436 Communitati,
549 410 663 429 eorum
695 400 872 430 heredibus
903 403 937 429 et
966 399 1219 437 successoribus,
1253 400 1294 430 de
1326 400 1470 431 Civitate
1498 402 1646 440 predicta

265 447 379 482 pateat
408 443 574 482 ingressus
604 444 646 473 ad
679 453 812 473 murum
839 442 991 473 Civitatis
1022 442 1054 472 iu
1079 453 1116 472 ea
1139 446 1242 482 parte,
1266 444 1293 473 si
1317 444 1564 475 construccione
1587 448 1647 475 aut

264 486 470 526 reparacione
487 486 641 525 indigeat,
660 487 852 523 videndum,
878 490 946 516 tam
970 496 1070 525 super
1093 496 1228 516 murum
1255 497 1357 526 quam
1380 487 1413 517 in
1437 487 1539 518 latere
1563 488 1644 518 dicti

265 529 360 560 muri.
407 529 461 567 Et,
490 530 516 559 si
538 530 704 568 ingressus
731 530 854 559 eisdem
879 530 1063 569 denegetur
1089 529 1121 559 in
1150 530 1314 569 posternis
1343 531 1507 569 predictis,
1532 531 1644 561 licebit

264 573 386 603 eisdem
418 583 505 602 seras
536 573 694 612 frangere,
725 573 766 602 ad
803 572 961 612 premissa
991 572 1149 602 facienda.
1200 573 1256 610 Et,
1283 573 1309 602 si
1340 574 1530 604 invenerint
1553 575 1641 614 quod

264 626 381 646 murus
411 616 578 656 predictus
602 615 808 655 repar-acione
832 619 891 645 aut
922 616 1169 645 coustruccione
1192 616 1349 655 indigeat,
1374 617 1454 647 dicti
1478 618 1643 648 Dominus

266 659 456 699 Episcopus,
487 660 649 697 Dec-anus,
677 662 712 690 et
740 659 944 697 Capitulum,
974 662 1008 689 et
1038 659 1178 689 Persone
1209 660 1351 690 Ecclesie
1377 661 1577 700 supradicte,
1609 665 1643 691 et

264 712 379 733 eorum
404 712 607 732 successores
635 702 720 732 viam
742 702 961 732 sufficientem
989 702 1030 731 ad
1062 702 1256 732 cariandum
1283 703 1416 742 lapides,
1445 704 1577 742 calcem,
1609 708 1643 735 et

263 749 371 776 cetera
387 756 451 786 que
467 746 508 775 ad
522 756 657 775 niurum
674 745 783 784 ipsum
800 745 982 775 necessaria
998 745 1124 775 fuerint
1147 749 1207 775 aut
1230 750 1402 785 oportuna,
1428 747 1584 787 quociens
1610 751 1644 778 et

264 790 398 829 quando
427 799 510 828 opus
541 789 652 826 fuerit,
684 789 772 818 facta
802 789 1050 828 premunicione
1075 788 1233 828 predicta,
1262 789 1432 820 invenient
1450 802 1457 828 3
1495 791 1641 831 alioquin

264 833 376 863 licebit
401 832 480 872 ipsis
502 832 618 862 Maiori
645 835 679 862 et
705 832 958 869 Communstati,
984 842 1097 861 eorum
1122 831 1300 862 heredibus
1327 837 1362 863 et
1389 835 1643 872 successor-ibim,

264 886 375 906 muros
391 875 495 916 ipsius
507 875 614 905 Patris
630 885 666 905 ac
682 875 831 905 omnium
849 878 1033 905 ceterarum
1047 875 1265 906 Personarum
1280 876 1594 916 Ecclesiasticarum,
1613 881 1647 908 et

264 929 378 949 eorum
409 929 644 956 successorum,
671 919 843 958 predictos,
877 919 917 948 ad
942 918 1110 948 keruerios
1133 919 1220 949 muri
1246 919 1399 950 Civitatis
1423 921 1570 960 predicte
1594 925 1642 951 at-

262 962 434 1001 tachiatos,
450 962 549 1002 juxta
565 972 698 992 murum
718 961 880 999 Civitatis,
907 961 963 991 ubi
987 964 1140 1001 posterne
1164 962 1344 1000 situantur,
1364 968 1578 1003 prosternere,
1597 964 1644 994 ita

262 1006 352 1047 quod
368 1009 612 1046 competentem
630 1005 774 1035 habeant
797 1005 973 1035 introitum
998 1005 1039 1035 ad
1063 1005 1203 1043 cariagia
1218 1016 1278 1036 sua
1291 1006 1450 1045 facienda,
1469 1018 1526 1046 pro
1551 1018 1641 1047 repa-

263 1049 391 1080 racione
407 1053 442 1080 et
457 1049 704 1079 construccioue
720 1048 807 1078 muri
827 1048 980 1078 Civitatis
997 1048 1153 1088 predicte.
1203 1049 1246 1078 Et
1262 1049 1374 1080 licebit
1390 1050 1513 1081 eisdem
1528 1050 1645 1081 Maiori

263 1096 298 1123 et
311 1092 564 1130 Communitati,
579 1102 693 1122 eorum
711 1091 887 1122 heredibus
904 1095 939 1121 et
954 1091 1206 1128 successoribus,
1224 1092 1376 1131 interius,
1395 1093 1422 1123 si
1445 1094 1642 1124 fundamen-

263 1140 337 1166 tum
353 1135 490 1174 predicti
510 1135 597 1165 muri
614 1135 768 1166 Civitatis
784 1135 924 1172 deficiat,
938 1135 1139 1165 sufficienter
1156 1135 1268 1166 fodere
1285 1135 1317 1166 in
1335 1140 1423 1166 terra
1439 1137 1520 1168 dicti
1536 1138 1643 1167 Patris

264 1183 298 1208 et
309 1182 493 1209 ceterarum
512 1179 731 1208 Personarum
753 1178 1055 1208 Ecclesiasticarum
1073 1179 1308 1218 predictarum,
1321 1190 1502 1220 eorumque
1516 1191 1640 1211 succes-

263 1232 386 1258 sorum,
400 1225 433 1252 et
447 1231 582 1252 murum
597 1221 749 1251 Civitatis
763 1221 875 1251 eadem
889 1221 1067 1251 latitudine
1081 1231 1147 1260 qua
1160 1232 1248 1251 nunc
1261 1225 1313 1253 est
1325 1222 1476 1262 fundare,
1490 1228 1524 1254 et
1537 1234 1643 1264 usque

261 1266 301 1295 ad
316 1265 572 1305 complecionem
584 1268 783 1301 construere,
797 1268 831 1294 et
841 1264 1021 1295 stacionem
1032 1265 1261 1303 sufficientem,
1275 1276 1373 1306 super
1386 1270 1507 1297 terram
1520 1267 1643 1307 predic-

262 1312 372 1339 torum
398 1308 533 1339 Domini
558 1308 709 1347 Episcopi
733 1311 767 1337 et
790 1308 928 1338 aliarum
953 1308 1171 1338 Personarum
1198 1309 1499 1340 Ecclesiasticarum
1519 1311 1643 1350 predic-

263 1356 386 1389 tarum,
413 1355 448 1382 et
470 1361 695 1382 successorum
719 1361 866 1389 suorum,
892 1361 988 1381 muro
1012 1351 1160 1390 predicto
1189 1355 1222 1381 et
1245 1351 1466 1384 fundamento
1490 1353 1642 1394 ejusdem

263 1395 498 1435 propinquiori,
513 1395 594 1424 dum
608 1394 641 1424 in
655 1394 820 1434 operando
832 1394 968 1432 fuerint,
983 1405 1041 1434 pro
1054 1394 1121 1424 suis
1132 1396 1287 1434 operariis
1298 1395 1418 1426 habere
1430 1407 1436 1433 ;
1448 1397 1504 1435 ita,
1520 1402 1642 1436 tamen,

264 1439 363 1478 quod,
382 1441 557 1478 postquam
570 1438 708 1477 operarii
721 1438 753 1467 iu
771 1447 868 1467 muro
885 1447 942 1467 seu
960 1438 992 1467 in
1012 1437 1234 1468 fundamento
1250 1439 1406 1478 predictis
1418 1440 1544 1479 operari
1556 1441 1641 1471 ince-

261 1482 383 1522 perint.
399 1481 440 1511 de
450 1481 503 1511 die
516 1481 549 1511 in
563 1481 649 1510 diem
668 1480 878 1520 operabilem,
896 1481 1051 1511 continue
1068 1485 1102 1511 et
1118 1481 1281 1519 celeriter,
1293 1492 1398 1522 usque
1415 1483 1456 1513 ad
1470 1483 1641 1523 compleci-

261 1535 357 1555 onem
375 1525 526 1565 ejusdem
541 1524 647 1564 operis
673 1526 860 1563 operentur.
912 1524 949 1554 Iu
968 1527 1125 1564 tempore,
1146 1534 1234 1562 ver0,
1253 1535 1379 1564 guerre,
1398 1527 1486 1556 muri
1504 1527 1644 1566 predicti

261 1578 319 1608 per
334 1568 498 1598 sexdecim
517 1568 615 1607 pedes
631 1567 664 1597 in
682 1567 893 1606 longitudine
909 1578 927 1597 a
943 1567 1101 1597 kerneriis
1126 1568 1342 1607 proximiores
1364 1574 1619 1609 prosternantur
1636 1581 1643 1608 ;

263 1612 309 1642 ita
321 1612 410 1651 quod
424 1611 538 1641 Maiori
551 1613 585 1641 et
603 1610 856 1647 Communitati,
874 1620 987 1640 eorum
1007 1610 1182 1640 heredibus
1199 1614 1233 1641 et
1249 1613 1501 1646 successoribus.
1519 1624 1555 1644 ac
1571 1614 1643 1644 aliis

261 1655 301 1685 ad
315 1655 494 1685 Civitatem
511 1654 691 1693 predictam
704 1653 912 1683 venientibus
924 1664 982 1693 pro
995 1653 1186 1684 defensione
1199 1655 1349 1693 ejusdem
1365 1656 1518 1686 Civitatis
1531 1660 1645 1696 pateat

262 1698 438 1737 ingressus.
487 1700 656 1735 Cessante,
677 1708 762 1735 vero,
779 1707 897 1736 guerra
920 1701 954 1726 et
977 1697 1117 1735 insultu,
1134 1697 1215 1727 dicti
1239 1698 1327 1729 muri
1351 1702 1385 1729 et
1410 1703 1562 1739 posterne
1585 1711 1644 1740 per

260 1741 418 1771 Maiorem
431 1745 465 1771 et
478 1741 765 1772 Commuuitatem
779 1740 932 1771 Civitatis
946 1740 1102 1780 predicte,
1111 1751 1224 1771 eorum
1239 1741 1375 1772 heredes
1387 1747 1420 1773 et
1433 1753 1643 1782 successores,

260 1785 400 1815 indilate
413 1787 622 1823 reparentur,
636 1784 723 1814 sicut
737 1783 838 1823 prius,
856 1784 1114 1823 imperpetuum,
1133 1789 1167 1814 et
1183 1795 1240 1824 per
1256 1785 1456 1825 Episcopum
1471 1791 1505 1817 et
1517 1791 1643 1817 ceteras

260 1828 419 1858 Personas
436 1827 682 1858 Ecclesiasticas
700 1827 853 1866 superius
876 1827 1074 1866 nominatas,
1099 1830 1133 1856 et
1156 1838 1269 1857 eorum
1295 1839 1497 1860 successores
1513 1834 1642 1861 susten-

257 1875 384 1909 tentur,
398 1874 432 1901 et
442 1874 596 1911 poster-ne
612 1871 760 1910 predicte
775 1880 834 1910 per
850 1870 981 1900 eosdem
999 1871 1156 1900 Maiorem
1173 1874 1207 1901 et
1220 1872 1515 1911 Communitatem,
1529 1883 1643 1904 eorum

259 1914 396 1945 heredes
409 1917 443 1945 et
458 1924 670 1952 successores,
688 1916 884 1953 reparentur
908 1916 941 1943 et
964 1913 1211 1953 imperpetuum
1230 1915 1470 1953 sustineantur,
1488 1917 1593 1947 modis
1610 1921 1645 1948 et

258 1957 508 1988 condicionibus
539 1957 749 1996 supradictis.
812 1957 850 1987 In
877 1956 974 1997 cujus
1002 1957 1049 1987 rei
1081 1958 1311 1988 testimonium
1342 1959 1423 1989 dicti
1448 1960 1641 2000 Episcopus

257 2001 421 2039 Dee-anus,
439 2005 473 2031 et
491 2000 695 2040 Capitulum,
713 2010 750 2030 ac
765 2000 868 2030 eciam
892 2000 974 2030 dicti
998 2000 1102 2031 Maior
1118 2003 1153 2030 et
1177 2001 1408 2032 Communitas
1432 2004 1642 2042 presentibus

258 2044 407 2084 Scriptis,
424 2044 466 2074 ad
484 2044 621 2074 modum
645 2043 841 2083 cyrographi
859 2043 1052 2081 indentatis,
1078 2043 1184 2083 sigilla
1206 2054 1266 2074 sua
1286 2045 1476 2076 alternatim
1502 2057 1641 2086 apposu-

257 2088 541 2118 erunt—Datum
559 2087 695 2125 Exonie,
712 2087 765 2117 die
781 2086 919 2117 Veneris
944 2086 1093 2126 proxima
1110 2090 1185 2126 post
1212 2088 1349 2118 Festum
1367 2089 1481 2120 Sancti
1498 2090 1641 2129 Hillarii,

258 2132 356 2161 Anno
383 2130 483 2171 Regni
508 2130 607 2171 Regis
633 2129 798 2169 Edwardi,
822 2130 882 2160 filii
905 2130 1004 2170 Regis
1027 2129 1194 2169 Edwardi,
1211 2131 1460 2171 quintodecimo
1482 2133 1538 2172 [15
1555 2134 1641 2172 Jan.‚

215 2283 524 2334 Kilkhampton3
555 2284 747 2334 Reginald
769 2281 961 2336 [Brugge]
981 2284 1030 2322 de
1051 2284 1386 2334 Kylkhamptone,
1417 2284 1534 2330 R„—

216 2337 352 2368 Licence
380 2338 414 2368 of
451 2339 711 2377 non-residence,
756 2339 773 2352 “
790 2339 950 2378 quamdiu
982 2338 1127 2368 Domino
1156 2338 1325 2378 placuerit,
1359 2338 1641 2378 contemplacione

256 2381 385 2411 Nobilis
403 2381 482 2418 Viri,
498 2382 634 2412 Domini
650 2381 833 2412 Theobaldi
849 2382 889 2411 de
907 2381 1106 2422 Greynvyle,
1125 2382 1261 2412 Patroni
1277 2382 1329 2411 sui
1343 2381 1360 2393 ’'
1385 2382 1440 2419 (22
1456 2381 1563 2422 July).

212 2445 379 2496 Oratory
395 2459 405 2493 3
442 2447 595 2484 Licence
615 2454 651 2484 to
669 2447 911 2492 celebrate,—

214 2499 312 2537 Item,
340 2498 466 2540 xxiiith
497 2501 549 2531 die
581 2501 661 2531 dicti
692 2500 827 2538 mensis,
857 2500 945 2540 apud
977 2499 1145 2538 Toritone,
1171 2500 1338 2531 Robertus
1362 2501 1495 2532 Haeche
1523 2501 1642 2532 habuit

257 2542 452 2582 Licenciam,
471 2547 543 2582 etc„
560 2544 595 2574 in
612 2544 745 2583 Capella
762 2554 822 2574 sua
837 2543 878 2573 de
896 2542 979 2573 Hele
995 2542 1045 2582 [in
1062 2543 1293 2583 Soutlzmolton]
1311 2555 1318 2583 ;
1343 2555 1400 2585 per
1415 2555 1551 2576 annum.

103 2604 178 2669 (15⁰¹,-
211 2607 392 2658 Glasney,
415 2607 482 2645 the
502 2608 716 2657 Collegiate
737 2608 895 2646 Church
915 2607 964 2653 of,
968 2629 1022 2635 —

212 2661 366 2699 Thomas,
382 2664 454 2700 etc„
472 2662 644 2710 Preposito
661 2661 806 2692 Ecclesie
830 2664 942 2691 nostie
967 2660 1147 2701 Collegiate
1169 2661 1341 2703 Glasneye,
1365 2663 1519 2701 salutem,
1537 2667 1644 2696 etc.—

257 2704 518 2744 Fidediguorum
535 2705 592 2736 rel
594 2715 697 2735 reione
709 2705 905 2745 frequenter
922 2704 1113 2734 audivimus
1137 2706 1226 2745 quod
1250 2710 1332 2736 sunt
1355 2708 1508 2738 nonnulli
1531 2712 1644 2739 nostre

104 2787 116 2807 ¹
133 2788 280 2820 Written
303 2800 344 2819 on
362 2800 381 2820 a
398 2789 498 2820 blank
525 2800 607 2830 page
628 2790 698 2828 (fol.
713 2789 788 2828 14b)
806 2789 840 2819 of
864 2788 923 2819 the
936 2788 1086 2828 Register
1103 2790 1137 2820 of
1153 2790 1257 2832 Royal
1276 2791 1406 2822 Letters
1422 2793 1485 2823 and
1500 2793 1612 2826 Writs.

237 2847 266 2880 Τ
