1987 3062
274 238 367 283 316

275 353 350 379 A.D.

274 387 349 415 1373.

275 420 338 446 Vol.
356 421 379 447 1.

273 1223 331 1256 [sol.
348 1222 404 1255 39.]

484 250 582 284 THE
618 251 855 286 REGISTER
893 253 951 285 OF
988 253 1163 286 BISHOP
1200 251 1600 287 BRANTYNGHAM.

421 356 865 396 ete.,—Saeris†Canonibus
888 357 1043 388 novimus
1067 368 1136 389 esse
1163 361 1302 390 cautum
1326 360 1416 399 quod
1439 359 1486 390 hii
1509 360 1566 401 qui
1589 360 1630 391 ad
1653 359 1801 399 regimen

422 401 643 431 Ecclesiarum
670 401 912 432 parochialium
935 406 1163 440 assumuntur,
1188 405 1227 433 ut
1251 403 1367 442 Gregis
1390 403 1452 433 sibi
1467 403 1587 434 crediti
1603 403 1802 443 diligencius

425 454 539 474 curam
557 447 694 484 possent
709 455 823 484 gerere
839 444 1037 482 animarum,
1055 445 1088 475 in
1106 445 1231 476 eisdem
1248 449 1410 477 tenentur
1424 447 1642 486 personaliter
1652 446 1806 476 residere.

429 487 700 527 Fidedignorum,
726 491 850 526 tamen,
874 488 1113 527 insinuacione,
1139 499 1176 519 ac
1199 489 1289 519 fama
1312 489 1445 529 publica
1467 490 1642 526 referente,
1666 490 1709 519 ad
1732 499 1804 520 nos-

428 535 519 561 trum
538 531 691 570 pervenit
707 531 863 561 auditum
880 531 968 572 quod
988 532 1146 571 Magister
1162 532 1198 563 T.
1218 533 1376 570 Bredone,
1396 533 1517 564 Rector
1533 532 1677 563 Ecclesie
1694 532 1808 563 Sancti

428 574 564 613 Logani,
585 577 756 614 tamquam
775 574 999 604 mercenarius
1023 585 1099 605 oves
1123 575 1273 615 proprias
1296 576 1462 614 deserens,
1480 586 1594 606 curam
1618 575 1805 606 animarum

426 617 488 647 sibi
505 617 714 648 commissam
731 617 876 657 necligit,
894 620 929 648 et
948 618 1127 648 Ecclesiam
1144 629 1238 649 suam
1256 619 1470 658 quamsepius
1486 619 1624 654 dimisit,
1643 622 1678 649 et
1693 618 1805 649 dimit-

426 661 470 692 tit
486 661 519 691 in
537 661 693 700 presenti,
709 661 843 700 penitus
866 661 1104 700 inofficiatam3
1128 661 1161 691 in
1186 662 1289 701 ipsius
1314 662 1464 693 Rectoris
1487 662 1596 692 anime
1619 662 1805 702 periculum

426 708 460 735 et
475 704 616 734 aliorum
633 704 854 743 perniciosum
879 704 1080 743 exemplum.
1128 705 1160 735 N
1162 705 1299 743 olentes,
1316 705 1431 745 igitur,
1451 705 1620 745 premissa,
1637 705 1725 736 sicut
1747 715 1807 735 nec

424 758 611 788 possumus,
631 747 772 778 ulterius
795 747 858 778 sub
881 747 1147 778 dissimulacione
1170 748 1426 779 conniventibus
1449 748 1552 779 oculis
1576 747 1775 788 pertransire
1797 758 1803 783 ;

425 791 518 822 vobis
542 791 750 829 mandamus,
768 793 842 827 etc,
859 791 1019 830 quatinus
1044 792 1207 822 moneatis
1230 794 1266 822 et
1288 792 1465 822 efficaciter
1487 791 1655 822 inducatis
1678 790 1804 831 predic-

426 838 501 866 tum
519 835 703 872 Rectorem,
722 834 939 873 personaliter
954 834 981 864 si
996 834 1106 865 valeat
1129 835 1343 874 apprehendi,
1360 835 1520 875 quatinus
1536 835 1568 865 in
1586 835 1676 866 dicta
1693 834 1804 865 Eccle-

424 878 472 909 sia
487 888 556 916 sua,
573 878 662 908 infra
678 887 825 907 mensem
841 887 860 907 a
876 880 1027 917 tempore
1043 878 1238 908 Monicionis
1255 881 1364 909 vestre
1377 878 1534 909 continue
1544 878 1802 914 numerandum,

424 921 643 961 personaliter
659 924 694 951 et
712 920 936 951 effectualiter
951 921 1106 959 resideat,
1126 924 1166 952 ut
1181 924 1327 958 tenetur,
1345 922 1408 952 sub
1424 932 1508 961 pena
1523 921 1609 961 juris
1625 932 1634 958 3
1658 921 1804 961 alioquin

424 965 527 1005 ipsius
550 965 815 1002 Procuratorem,
832 964 859 994 si
875 974 974 1004 quem
998 964 1182 999 dimiserit;
1207 964 1314 1002 aliter,
1326 968 1453 1003 autem,
1473 965 1605 1004 publice
1629 964 1808 995 Citacionis

423 1009 532 1039 edicto
554 1008 587 1038 in
613 1007 758 1038 Ecclesia
773 1017 833 1037 sua
849 1007 1006 1046 predicta,
1024 1018 1133 1038 coram
1158 1007 1364 1047 parochianis
1380 1008 1457 1046 suis,
1474 1008 1601 1038 Diebus
1626 1007 1807 1038 Dominicis

421 1055 457 1083 et
469 1051 622 1089 Fesffivis,
635 1051 766 1090 publice
780 1050 948 1090 proposito
964 1050 1088 1081 ibidem
1104 1054 1139 1081 et
1155 1051 1262 1089 affixo,
1274 1051 1363 1090 quod
1375 1055 1566 1090 compareat
1581 1061 1690 1081 coram
1702 1050 1806 1082 nobis.

422 1095 474 1126 vel
500 1098 654 1125 nostrum
678 1094 787 1124 locum
811 1096 958 1129 tenente,
982 1094 1185 1133 ubicumque
1208 1094 1371 1124 fuerimus
1393 1094 1427 1124 in
1449 1094 1572 1124 nostris
1589 1094 1734 1125 Civitate
1757 1093 1809 1124 vel

422 1138 552 1169 Diocesi
576 1137 712 1174 Exonie,
728 1137 783 1176 iij0
799 1137 852 1166 die
875 1137 1026 1167 Juridico
1049 1141 1125 1176 post
1144 1137 1275 1176 lapsum
1299 1137 1381 1168 dicti
1404 1137 1535 1175 mensis,
1559 1137 1602 1167 ad
1623 1147 1806 1177 proponen-

423 1182 504 1212 dum
521 1191 653 1211 causam
671 1180 914 1215 racionabilem‚
931 1180 958 1210 si
975 1191 1075 1219 quam
1100 1191 1159 1220 pro
1174 1190 1208 1210 se
1223 1180 1354 1218 habeat,
1372 1191 1475 1220 quare
1490 1181 1532 1211 ad
1548 1181 1582 1211 id
1598 1180 1735 1211 minime
1751 1180 1805 1210 de-

419 1225 497 1255 beat
513 1223 674 1264 compelli,
691 1223 791 1263 juxta
808 1223 972 1253 Canonica
988 1223 1153 1254 Instituta
1168 1223 1200 1253 in
1215 1223 1276 1254 hac
1288 1227 1394 1263 parte.
1444 1225 1488 1254 Et
1501 1224 1582 1264 quid
1594 1224 1628 1254 in
1640 1223 1807 1263 premissis

421 1268 577 1305 feceritis,
597 1277 665 1304 nos,
682 1267 767 1297 citra
783 1266 922 1297 Festum
939 1267 1053 1297 Sancti
1071 1266 1203 1297 Andree
1226 1267 1377 1306 proximo
1401 1267 1567 1306 futurum,
1591 1267 1749 1298 distincte
1773 1269 1808 1297 et

421 1314 536 1352 aperte
552 1310 750 1347 certificetis,
767 1312 869 1340 eto.>-
881 1310 991 1340 Dated
1006 1313 1042 1341 at
1060 1310 1164 1350 Clyst,
1183 1312 1223 1341 23
1241 1310 1314 1341 Oct.

271 1366 329 1398 [f0¹·
378 1366 642 1415 Illegitimacy
659 1377 669 1411 3
700 1365 946 1411 1⁷)ispensacz'o
976 1364 1140 1401 Biora-dl
1172 1365 1309 1410 Clerlre,
1332 1366 1558 1402 auctoritate
1586 1365 1808 1402 Lz'terarum

268 1400 342 1430 41b.]

432 1421 465 1457 A
467 1420 589 1468 posto]
593 1420 802 1463 icarum,—

378 1476 477 1511 Item,
494 1473 617 1504 ibidem
634 1472 722 1512 apud
742 1472 865 1511 Clyste‚
884 1471 1004 1512 xxviij0
1021 1471 1073 1502 (lie
1090 1472 1212 1502 mensis
1236 1472 1398 1511 Octobris,
1416 1472 1580 1503 Dominus
1604 1471 1808 1512 dispensavit

421 1528 497 1548 cum
515 1516 651 1547 Ricardo
662 1515 790 1552 Clerke,
803 1515 942 1552 Scolare,
957 1515 1150 1545 Exoniensis
1164 1516 1318 1552 Diocesis,
1331 1517 1458 1547 virtute
1468 1516 1659 1547 Literarum
1673 1515 1806 1545 Domini

421 1560 593 1600 Stephani,
612 1559 673 1590 Dei
697 1559 804 1598 gracia
827 1559 933 1589 Tituli
957 1558 1069 1589 Sancti
1094 1559 1229 1589 Eusebii
1254 1560 1433 1590 Presbiteri
1458 1559 1652 1597 Cardinalis,
1673 1558 1806 1599 Majoris

421 1603 653 1634 Penitenciarii
677 1602 812 1632 Domini
836 1602 941 1632 nostri
966 1602 1062 1642 Pape,
1082 1606 1129 1640 ut,
1147 1612 1213 1632 non
1236 1603 1392 1634 obstante
1415 1603 1549 1633 defectu
1574 1602 1747 1639 natalium,
1765 1601 1806 1631 de

428 1647 612 1687 presbitero
629 1646 763 1685 genitus
780 1648 815 1675 et
832 1645 951 1682 soluta,
970 1646 1073 1685 possit
1089 1645 1131 1675 ad
1148 1656 1261 1676 omnes
1278 1646 1419 1677 Ordines
1436 1646 1632 1687 promoveri,
1650 1648 1685 1676 et
1702 1646 1802 1675 Bene·

424 1691 536 1721 ficium
555 1689 832 1727 Ecclesiasticum,
850 1688 952 1718 eciam
970 1692 1136 1726 curatum,
1153 1689 1313 1729 optinere,
1331 1694 1385 1720 etc

269 1745 331 1776 [f0¹·
382 1745 595 1794 Stapeldon
617 1743 720 1788 Hall,
744 1742 891 1779 Oxford
909 1756 920 1789 3
952 1742 1277 1791 Certfflcacorium
1303 1743 1466 1793 Colleyiz'
1493 1744 1537 1781 (Ie
1566 1743 1805 1791 Sz‘czpeldone-

269 1780 342 1809 44b].

417 1799 483 1835 1ιαί
487 1799 499 1834 l
502 1812 518 1834 e
541 1797 750 1841 Oronte,—

381 1851 579 1889 Venerabili,
598 1854 674 1887 etc„⁴
693 1850 828 1887 Thome,
847 1853 920 1886 etc,
940 1851 1120 1881 Exoniensi
1137 1851 1308 1891 Episcopo,
1323 1861 1450 1882 necnon
1464 1851 1649 1881 Fundatori
1667 1850 1804 1890 Collegii

272 2713 328 2743 [fol.
339 2715 393 2743 45.]

423 1905 481 1925 seu
514 1895 599 1925 Aule
631 1894 671 1924 de
705 1893 1006 1932 Stapeldonehalle,
1036 1894 1069 1924 in
1099 1894 1328 1925 Universitate
1361 1895 1549 1932 Oxoniensi,
1582 1894 1806 1925 communiter

425 1937 621 1977 nuncupati,
651 1937 890 1967 Lincolniensis
914 1937 1069 1975 Diocesis,
1096 1938 1147 1967 sui
1171 1937 1314 1968 humiles
1338 1940 1372 1968 et
1403 1938 1515 1968 devoti
1541 1937 1608 1975 filii,
1639 1937 1804 1968 Robertus

424 1981 610 2018 Lideforde,
631 1981 751 2010 Rector
767 1980 918 2019 ejusdem
938 1980 1074 2019 Collegii
1091 1991 1148 2010 seu
1166 1981 1251 2011 Aule
1275 1984 1384 2011 vestre
1409 1981 1565 2020 predicte,
1583 1991 1620 2011 ac
1645 1981 1804 2011 Ricardus

424 2024 606 2057 Roulonde,
640 2023 810 2053 Johannes
840 2023 1022 2061 Dedmour,
1053 2024 1251 2063 capellanus,
1281 2024 1423 2054 Thomas
1454 2024 1599 2061 Worthe,
1632 2024 1802 2054 Johannes·

424 2067 734 2108 Hen1·y‚Jol1annes
753 2067 843 2106 Coly,
860 2067 1020 2096 Ricardus
1038 2067 1161 2102 Pmoun,
1175 2067 1344 2097 Joliannes
1362 2068 1462 2104 More,
1480 2067 1646 2097 Martinus
1664 2067 1801 2097 Lerche-

423 2111 560 2147 (lekene,
584 2110 787 2140 Laurencius
810 2112 949 2149 Stevyn,
977 2110 1179 2149 Reginaldus
1205 2111 1303 2150 I'ovy,
1325 2115 1358 2141 et
1385 2111 1570 2140 willelmus
1592 2110 1698 2148 Slade⁷
1719 2112 1800 2140 Con-

425 2154 502 2184 socii
519 2157 553 2184 et
577 2153 725 2183 Scolares
749 2153 852 2192 ipsius
875 2153 1011 2192 Collegii
1036 2163 1093 2183 seu
1118 2154 1203 2183 Aule
1226 2157 1337 2184 vestre
1362 2154 1540 2191 antedicto,
1565 2153 1799 2191 obedienciam,

424 2197 735 2228 etc-Mandatum
756 2196 974 2226 l'aternitatis
998 2200 1108 2227 vestre
1132 2197 1326 2236 recepimus,
1344 2197 1406 2227 sub
1425 2207 1462 2227 eo
1486 2197 1543 2236 qui
1560 2197 1713 2236 sequitur
1729 2207 1799 2227 ver·

424 2241 543 2271 borum
560 2239 885 2277 tenore—Thomas,
900 2242 973 2277 etc„
992 2240 1124 2270 Rectori
1141 2243 1176 2270 et
1193 2240 1380 2271 Scolaribus
1397 2250 1433 2270 ac
1449 2240 1614 2270 Consociis
1631 2240 1715 2270 Aule
1731 2240 1799 2270 sive

423 2285 550 2314 Domus
566 2288 680 2314 nostre
696 2283 729 2313 in
749 2283 977 2313 Universitate
994 2283 1183 2321 Oxoniensi,
1201 2283 1491 2322 Stapeldonehalle
1515 2283 1697 2322 vulgariter
1713 2293 1798 2313 nun-

422 2330 551 2367 cupate,
570 2327 722 2363 salutem,
741 2326 937 2364 etc.-—Quia
958 2336 1017 2356 nos
1044 2327 1225 2356 Henricum
1252 2327 1474 2364 Beanmonde,
1502 2327 1667 2364 clericum,
1685 2331 1798 2356 nostre

423 2370 577 2407 Diocesis,
595 2370 680 2400 bone
704 2370 772 2399 vite
796 2372 830 2400 et
854 2369 1114 2400 conversacionis
1139 2369 1287 2407 honeste,
1313 2373 1383 2400 tam
1408 2380 1466 2409 per
1492 2370 1617 2400 Literas
1642 2372 1795 2408 patentes

422 2414 528 2453 sigillo
544 2413 751 2443 Venerabilis
767 2412 848 2450 Viri,
866 2412 1018 2451 Magistri
1032 2412 1187 2442 Willelmi
1206 2413 1449 2452 Bymyngtone,
1465 2413 1562 2443 Sacre
1580 2413 1702 2452 Pagine
1719 2413 1797 2443 Pro-

421 2457 563 2495 fessoris,
582 2456 777 2487 Cancellarii
795 2456 1034 2486 Universitatis
1050 2456 1247 2486 Oxoniensis
1271 2456 1427 2495 predicte,
1446 2456 1603 2493 munitas,
1620 2466 1721 2495 quam
1737 2465 1796 2495 per

420 2500 559 2530 aliorum
579 2499 823 2538 fidedignorum
841 2499 1082 2537 testimonium,
1100 2499 1189 2538 apud
1206 2509 1265 2528 nos
1282 2499 1494 2529 laudabiliter
1510 2499 1791 2535 commendatum,

420 2543 462 2573 ad
485 2546 614 2573 statum
637 2546 672 2572 et
695 2542 836 2581 gradum
861 2552 936 2572 suos
960 2542 1129 2581 pristinos,
1156 2552 1238 2581 quos
1263 2542 1349 2572 idem
1376 2542 1540 2572 Henricus
1566 2542 1601 2572 in
1626 2541 1712 2572 Aula
1738 2551 1796 2572 seu

422 2587 528 2616 Domo
552 2590 666 2616 nostra
688 2585 820 2625 prefata
843 2595 950 2624 nuper
973 2585 1130 2624 optinuit,
1155 2595 1173 2614 a
1196 2585 1317 2624 quibus
1341 2589 1457 2615 contra
1481 2586 1628 2622 Statuta,
1654 2584 1792 2616 Ordina-

420 2629 539 2665 ciones,
559 2632 593 2660 et
605 2628 872 2659 Consuetudines
889 2628 1071 2658 laudabiles
1084 2628 1169 2658 Aule
1186 2638 1243 2658 seu
1258 2629 1383 2658 Domus
1399 2628 1535 2667 prefate,
1547 2628 1657 2658 odiose
1668 2627 1794 2667 pariter

420 2676 455 2703 et
471 2672 606 2711 injuste,
625 2675 663 2702 ut
688 2671 924 2709 intelleximus,
948 2671 1110 2710 spoliatus
1132 2671 1248 2701 extitit
1272 2674 1307 2701 et
1331 2671 1511 2710 preclusus,
1535 2672 1634 2710 juxta
1657 2671 1797 2701 formam

421 2715 650 2745 submissionis
666 2718 785 2750 vestre,
806 2718 907 2754 prout
923 2714 956 2744 in
974 2714 1204 2744 Instrumento
1222 2714 1366 2751 PubliCO,
1385 2714 1477 2753 signo
1501 2717 1535 2744 et
1551 2713 1794 2753 subscripcione

418 2758 593 2798 cujusdam
611 2757 748 2788 Roberti
765 2758 805 2787 de
825 2757 1009 2795 Lideforcle,
1028 2757 1145 2792 clerici,
1164 2760 1277 2787 nostre
1294 2757 1449 2794 Diocesis,
1464 2757 1592 2787 Publici
1604 2756 1793 2797 Apostolica

416 2804 451 2832 et
478 2800 647 2840 Imperiali
670 2801 883 2831 Auctoritate
906 2800 1047 2838 Notarii,
1072 2799 1266 2839 consignato
1289 2800 1419 2840 plenius
1446 2800 1648 2837 continetur,
1672 2810 1716 2830 xv
1739 2799 1791 2830 die

417 2845 538 2874 mensis
555 2844 715 2881 Januarst,
738 2844 819 2874 AD.
838 2844 897 2874 ΜΟ.
919 2843 1001 2874 CCC
1018 2843 1112 2883 lxxij,
1130 2843 1164 2873 in
1181 2844 1288 2874 Domo
1311 2843 1495 2883 Capitulari
1520 2843 1663 2874 Ecclesie
1678 2845 1791 2873 nostre
