1987 3062
434 296 721 330 REGISTRUM
769 292 1221 328 COMMUNE--ANNO
1250 283 1342 328 150.
1573 284 1665 325 553

132 396 206 456 1⁴38}-
289 399 427 432 Christo
444 404 478 433 et
496 401 581 442 Ejus
598 402 721 439 Matre,
738 401 882 441 Virgine
901 399 1067 437 Gloriosa,
1086 408 1164 429 cum
1187 398 1348 438 Ipsorum
1365 397 1609 427 benediccione
1634 399 1670 427 et

132 451 240 491 VOL'I·
287 446 609 486 nostraI—Scripta
625 446 660 475 in
678 445 833 476 Manerio
849 447 968 476 nostro
985 444 1027 474 de
1046 443 1204 483 Horsley,
1222 442 1268 482 vij
1288 442 1342 472 die
1360 441 1521 481 Augusti.

244 502 400 540 Letters
421 503 711 553 Dimissory,—

243 558 365 598 Henry
383 558 556 596 Collonde,
575 559 728 597 accolite,
747 558 819 589 “ad
835 567 955 589 omnes
974 557 1096 588 Sacros
1114 554 1288 587 Ordines''
1309 553 1420 594 (same
1439 553 1549 594 date).

241 610 299 648 St.
323 611 773 662 Stephen's-by-Saltash
788 625 798 658 3
838 612 1080 649 stlaozdatmn
1102 624 1178 659 pro
1198 608 1392 646 Pensione
1413 621 1554 644 amma
1574 608 1670 645 dua-

294 679 387 702 rum
406 680 644 712 marcarum,
667 666 834 703 levanda
854 666 898 703 de
918 664 1092 702 Ecclesia
1111 665 1156 701 de
1177 662 1437 708 Saltasshe,——

244 719 403 759 Thomas,
430 724 506 759 etc,
535 722 673 752 Decano
696 722 737 751 de
766 721 839 759 Est,
868 731 907 752 ac
933 720 1073 751 Curatis
1097 719 1331 750 Ecclesiarum
1356 718 1611 748 Parochialium
1629 718 1670 748 de

290 766 464 805 Landelpe
484 763 704 806 [Lcmdulph]
724 768 759 796 et
776 765 952 803 Lanrake3
976 775 1120 799 necnon,
1138 763 1290 794 Johanni
1308 763 1411 800 Rede,
1430 762 1563 799 clerico,
1582 762 1670 792 salu-

289 816 371 847 tem,
398 810 599 841 etc—Cum
627 810 775 850 quedam
802 810 926 840 Pensio
954 819 1068 839 annua
1102 809 1249 838 duarum
1276 817 1472 837 marcarum
1500 806 1601 837 nobis
1628 806 1671 836 ab

291 854 445 885 Ecclesia
473 854 667 885 Parochiali
696 854 814 884 Sancti
844 853 1011 893 Stephani
1036 853 1135 893 juxta
1162 851 1373 891 Saltaysshe,
1405 861 1425 881 a
1454 851 1605 881 Custode
1637 853 1671 881 et

291 898 476 929 Canonicis
494 898 638 938 Collegii
663 898 785 928 Libere
804 898 942 937 Capelle
960 898 1067 936 Regie
1085 897 1126 927 de
1143 897 1367 935 Wyndesore.
1385 895 1531 925 eandem
1556 895 1671 925 Eccle-

292 942 389 981 siam,
407 953 485 973 cum
503 943 575 973 suis
590 942 726 983 juribus
743 944 778 972 et
794 942 1022 981 pertinenciis
1038 941 1221 977 universis,
1247 940 1343 970 salva
1359 939 1526 970 Porcione
1543 939 1672 969 Vicarii

292 987 457 1026 Perpetui
489 986 524 1016 in
562 987 694 1024 eadem,
730 986 815 1026 ipsis
853 989 888 1017 et
927 986 1018 1016 dicte
1058 985 1180 1016 Libere
1221 984 1358 1024 Capelle
1398 983 1505 1023 Regie
1536 983 1672 1013 unitam

291 1033 325 1061 et
364 1041 545 1069 annexam,
584 1031 621 1060 iu
659 1031 817 1070 proprios
855 1040 938 1061 usus
976 1032 1144 1069 perpetuo
1182 1029 1427 1068 possidendam
1463 1038 1672 1065 concessam,

291 1075 540 1114 optinentibus,
566 1075 667 1105 annis
691 1074 838 1114 singulis
862 1074 1100 1114 persolvenda,
1117 1084 1158 1104 ex
1182 1073 1407 1112 imposicione
1426 1072 1600 1102 Canonica
1617 1072 1672 1102 de-

290 1119 435 1156 beatur;
452 1118 652 1159 fuerintque
670 1119 892 1150 Precessores
909 1121 943 1149 et
960 1119 1226 1149 Predecessores
1242 1117 1362 1154 nostri,
1376 1116 1536 1156 Episcopi
1549 1116 1673 1146 Exoni-

290 1173 391 1194 enses
419 1163 477 1203 qui
502 1173 564 1203 pro
588 1166 745 1203 tempore
771 1165 881 1199 erant,
904 1163 1120 1202 temporibus
1140 1162 1212 1192 suis
1236 1161 1449 1197 successivis,
1476 1171 1495 1191 a
1518 1163 1673 1200 tempore

290 1207 439 1237 Unionis
465 1210 500 1238 et
525 1207 833 1247 Appropriacionis
861 1207 1018 1247 ejusdem
1047 1207 1209 1244 Ecclesie,
1234 1216 1364 1245 nosque
1381 1208 1537 1244 tempore
1554 1207 1674 1235 nostro

291 1251 510 1282 extiterimus
536 1251 572 1281 in
603 1251 830 1291 possessione,
860 1261 920 1281 seu
951 1251 1059 1291 quasi,
1091 1250 1179 1291 juris
1210 1250 1425 1289 percipiendi
1456 1251 1491 1279 et
1522 1249 1673 1279 habendi

291 1305 443 1325 annuam
470 1296 676 1327 Pensionem
702 1296 906 1335 predictam,
934 1305 1042 1335 usque
1067 1295 1112 1325 ad
1136 1294 1411 1325 subtraccionem
1430 1293 1672 1332 subscriptam,

292 1340 433 1379 pacifice
444 1342 479 1370 et
496 1340 627 1379 quiete;
642 1340 756 1377 iidem,
768 1342 897 1378 tamen,
911 1339 1036 1370 Custos
1047 1342 1081 1369 et
1094 1338 1268 1375 Canonici,
1282 1338 1502 1377 proprietarii
1516 1337 1673 1377 predicti,

292 1383 421 1414 dictam
439 1393 590 1414 annuam
615 1384 833 1421 Pensionem,
852 1384 910 1422 sic,
924 1386 963 1413 ut
980 1383 1208 1423 premittitur,
1225 1382 1324 1413 nobis
1341 1382 1504 1419 debitam,
1521 1382 1557 1412 in
1574 1381 1674 1421 cujus

292 1427 508 1467 possessione
540 1438 688 1466 eramus,
720 1430 761 1458 ut
791 1428 977 1468 prefertur,
1010 1438 1072 1467 per
1102 1427 1287 1457 nonnullos
1322 1436 1432 1456 annos
1468 1426 1674 1457 retrofluxos

292 1472 540 1502 subtraxerunt-
564 1474 695 1503 temere
717 1475 753 1503 et
769 1472 918 1512 injuste3
942 1472 1050 1510 vobis,
1067 1471 1185 1509 icitur,
1210 1471 1442 1501 communiter
1465 1472 1501 1501 et
1525 1470 1672 1508 divisim,

291 1518 367 1553 etc„
380 1516 632 1547 committimus
643 1519 678 1547 et
691 1517 898 1547 mandamus
914 1516 1079 1556 quatinus
1093 1516 1203 1546 dictos
1216 1515 1403 1546 Custodem
1421 1517 1455 1545 et
1471 1514 1672 1551 Canonicos,

291 1560 540 1599 proprietarios
555 1561 740 1600 predictos,
758 1563 819 1591 aut
836 1561 1099 1591 Procuratorem
1113 1559 1312 1597 eorundem,
1325 1559 1448 1598 primo,
1461 1558 1622 1596 secundo,
1638 1562 1673 1589 et

291 1604 400 1635 tercio
416 1614 456 1635 ac
468 1605 711 1645 peremptorie,
725 1605 880 1644 legitime
892 1604 1064 1635 moneatis
1075 1606 1110 1634 et
1123 1604 1310 1634 efficaciter
1320 1603 1494 1634 inducatis
1510 1605 1549 1633 ut
1561 1603 1671 1641 nobis,

292 1658 353 1679 seu
382 1648 526 1679 Officiali
545 1649 735 1680 Peculiaris
759 1652 877 1679 nostre
905 1648 1167 1679 Jurisdiccionis
1192 1648 1227 1677 in
1255 1647 1438 1685 Cornubia,
1466 1647 1507 1677 de
1533 1647 1671 1686 quibus-

291 1703 438 1732 cumque
466 1694 692 1733 pecuniarum
715 1693 861 1724 summis
889 1693 930 1724 de
954 1692 1154 1733 hujusmodi
1180 1692 1351 1722 Pensione
1378 1701 1495 1722 annua
1518 1691 1672 1722 indebite

292 1736 491 1775 subtractis,
508 1737 601 1768 infra
617 1737 808 1767 terminum
824 1739 1081 1777 competentem
1099 1736 1328 1773 satisfaciant,
1346 1738 1385 1765 111
1402 1738 1584 1773 tenentum
1599 1745 1670 1765 eos-

292 1781 438 1820 demque
457 1781 644 1812 Custodem
661 1784 697 1812 et
715 1781 916 1819 Canonicos,
933 1781 1181 1821 proprietarios
1197 1780 1402 1817 antedictos,
1417 1780 1460 1810 ad
1484 1780 1519 1809 id
1543 1779 1671 1810 facien-

292 1824 376 1854 dum
392 1835 455 1865 per
471 1835 705 1866 quascumque
726 1825 898 1857 Censuras
916 1825 1188 1863 Ecclesiasticas,
1208 1824 1318 1855 eciam
1334 1834 1397 1864 per
1417 1824 1671 1863 Sequestracio-

291 1878 371 1899 nem
387 1869 566 1900 fructuum
584 1870 675 1900 dicte
689 1870 842 1901 Ecclesie
861 1869 979 1900 Sancti
997 1869 1174 1909 Stephani,
1192 1871 1231 1899 ut
1247 1869 1424 1908 prefertur
1440 1868 1672 1908 appropriate,

293 1912 322 1943 si
342 1923 427 1952 opus
443 1913 561 1952 fuerit,
580 1914 753 1945 Canonice
777 1914 1002 1954 compellatis.
1048 1914 1103 1944 Ad
1120 1923 1185 1953 que
1202 1913 1372 1953 premissa
1388 1912 1548 1943 facienda
1565 1912 1671 1950 vobis,

291 1958 523 1989 communiter
538 1960 573 1989 et
590 1958 738 1996 divisim,
755 1960 876 1989 tenore
893 1958 1116 1989 Presencium
1139 1957 1391 1988 committimus
1408 1957 1501 1987 vices
1524 1959 1672 1995 nostras,

291 2011 370 2031 cum
398 2002 584 2042 cujuslibet
609 2002 823 2033 cohercionis
847 2002 1019 2033 Canonice
1036 2004 1222 2042 potestate.
1278 2002 1323 2031 Et
1351 2001 1433 2041 quid
1457 2001 1612 2031 feceritis
1637 2001 1673 2030 in

292 2046 480 2084 premissis,
506 2056 579 2085 nos,
607 2049 668 2077 aut
696 2047 828 2077 dictum
858 2047 1048 2078 Officialem
1073 2049 1243 2084 nostrum,
1270 2046 1359 2076 citra
1386 2046 1528 2076 Festum
1554 2045 1673 2075 Sancti

293 2089 474 2121 Michaelis
488 2091 645 2129 proximo
668 2101 761 2122 nunc
784 2091 945 2122 futurum
968 2091 1169 2122 certificetis
1191 2100 1254 2130 per
1276 2092 1422 2127 vestras,
1447 2089 1673 2120 etc.——Dated

294 2132 452 2174 London,
464 2134 506 2164 26
522 2135 671 2174 August.

140 2181 222 2213 {Sap-

141 2223 220 2242 nm-
253 2185 452 2236 Colyt0n3
482 2188 726 2226 Mandatum
753 2202 828 2237 pro
861 2195 1016 2225 centum
1048 2188 1186 2225 solidis
1215 2187 1408 2225 solvendis
1437 2188 1491 2224 ad
1516 2200 1673 2236 repara-

141 2249 224 2280 mus]
307 2240 455 2277 cionem
477 2241 653 2279 Cancelli
672 2242 838 2279 Ecclesie
857 2242 1108 2279 Parochialis
1127 2242 1171 2279 de
1194 2241 1443 2290 Colytone‚——

253 2294 414 2334 Thomas,
443 2298 519 2334 etc„
548 2297 687 2328 Decano
713 2298 755 2328 de
784 2297 971 2337 Honytone
999 2299 1035 2327 et
1057 2297 1198 2327 Vicario
1222 2296 1375 2327 Ecclesie
1400 2296 1614 2327 Parochialis
1631 2296 1673 2326 de

298 2339 544 2379 Sydemouthe,
577 2341 736 2379 salutem,
768 2341 969 2372 etc—Cum
1000 2341 1037 2371 in
1067 2341 1192 2371 ultima
1222 2340 1436 2371 Visitacione
1467 2343 1597 2377 nostra,
1636 2340 1673 2370 in

296 2384 592 2415 Archidiaconatu
617 2385 803 2416 Exoniensi
826 2395 889 2425 per
911 2396 973 2416 nos
997 2387 1033 2416 et
1057 2385 1322 2416 Commissarios
1345 2386 1483 2415 nostros
1501 2384 1673 2415 Canonice

297 2428 479 2466 excercsta,
512 2429 678 2459 extiterat
708 2429 842 2460 notorie
875 2431 1090 2469 compertum
1123 2429 1213 2469 quod
1252 2429 1408 2459 nonnulli
1448 2428 1606 2459 defectus
1637 2429 1673 2458 in

299 2472 460 2502 Cancello
478 2473 630 2503 Ecclesie
648 2474 861 2504 Parochialis
872 2474 913 2504 de
928 2473 1095 2514 Colytone
1107 2473 1348 2511 imminebant,
1366 2473 1627 2504 construccione
1639 2476 1674 2503 et

297 2515 490 2546 refeccione
515 2517 642 2548 debitis
664 2518 859 2549 necessario
882 2518 1101 2557 indigentes3
1125 2528 1265 2557 nosque,
1290 2527 1330 2548 ea
1347 2517 1536 2555 occasione,
1554 2518 1673 2548 decem

297 2559 404 2590 libras
421 2560 667 2600 sterlingorum
685 2572 706 2592 a
729 2562 869 2592 Decano
893 2564 928 2592 et
953 2562 1114 2601 Capitulo
1138 2562 1292 2592 Ecclesie
1315 2564 1433 2592 nostre
1458 2561 1674 2598 Exoniensis,

297 2603 472 2643 prefatam
501 2604 692 2636 Ecclesiam
720 2606 762 2636 de
791 2606 959 2646 Colytone
984 2606 1020 2636 in
1047 2606 1205 2645 proprios
1229 2616 1313 2636 usus
1340 2605 1588 2645 optinentibus,
1613 2615 1675 2644 pro

297 2648 459 2687 porcione
475 2648 568 2688 ipsos
584 2651 823 2688 concernente,
841 2660 975 2680 necnon
992 2652 1133 2680 centum
1151 2650 1277 2680 solidos
1294 2650 1335 2679 de
1348 2649 1521 2680 fructibus
1537 2649 1675 2680 Vicarie

298 2692 390 2722 dicte
416 2692 569 2723 Ecclesie
584 2703 646 2732 pro
662 2694 824 2733 porcione
840 2694 1018 2724 Vicarium
1043 2694 1199 2734 ejusdcm
1224 2694 1458 2732 contingente,
1482 2703 1545 2732 per
1568 2693 1675 2723 Deca-

299 2746 383 2765 num
401 2736 442 2766 de
468 2736 655 2777 Honytone
673 2748 713 2768 ac
729 2737 919 2777 Perpetuos
935 2738 1093 2769 Vicarios
1110 2737 1344 2768 Ecclesiarum
1361 2737 1616 2768 Parochialium
1635 2737 1676 2767 de

301 2779 428 2811 Setone
444 2782 480 2811 et
495 2780 709 2821 Axmynstre
722 2781 796 2812 fore
806 2781 972 2812 levandos
982 2782 1248 2819 decreverimus,
1261 2781 1298 2811 in
1308 2791 1392 2812 usus
1405 2781 1677 2812 construccionis

300 2833 363 2854 seu
377 2825 614 2864 reparacionis
630 2825 714 2856 dicti
739 2825 892 2856 Cancelli
915 2826 1051 2856 utilit-er
1073 2827 1110 2856 et
1132 2825 1282 2856 fideliter
1306 2825 1566 2863 convertendos,
1583 2824 1675 2856 fruc-

299 2869 424 2908 tusque
449 2868 542 2900 dicte
568 2869 707 2901 Vicarie
733 2879 843 2910 usque
870 2869 914 2901 ad
937 2879 1110 2901 summam
1133 2869 1306 2900 dictorum
1330 2871 1470 2901 centum
1488 2868 1675 2900 solidorum
