1987 3062
466 266 751 300 REGISTRUM
788 262 1246 298 OOMMUNE—ANNO
1287 253 1342 295 3⁰,
1578 253 1671 296 303

142 370 217 397 ΑΛ)-
299 370 445 402 Ecclesia
462 370 575 401 Sancti
592 370 688 402 Pauli
706 370 965 408 Londoniarum,
983 368 1171 409 penultimo
1187 367 1240 398 die
1256 367 1414 398 instantis
1438 368 1560 399 mensis
1585 368 1672 407 Maii,

143 404 242 463 {73:313}
299 425 374 446 cum
391 414 644 445 continu-acione
661 417 694 444 et
710 413 942 454 prorogacione
955 413 1084 443 dierum
1099 417 1180 442 tunc
1196 411 1421 452 sequencinm,
1434 422 1533 451 super
1549 412 1673 442 eisdem

299 458 440 498 negociis
466 461 501 488 et
527 468 564 488 ea
589 457 875 494 concernentibus,
903 460 985 487 tunc
1012 456 1115 486 eciam
1145 455 1224 495 ipsis
1250 455 1379 494 plenius
1403 455 1616 494 exponendis,
1640 459 1674 486 et

293 502 392 542 juxta
418 501 689 531 informacionem
716 500 837 540 prefati
861 500 1021 540 Hugonis‚
1048 498 1274 530 Commissarii
1299 498 1415 536 nostri,
1440 498 1594 538 primitus
1618 499 1672 529 ob-

296 545 480 582 tinendam,
499 555 565 575 una.
588 554 664 574 cum
689 544 779 574 dicto
804 544 946 574 Domino
967 542 1219 582 Archiepiscopo
1242 552 1278 572 ac
1303 542 1527 581 Suffraganeis
1544 542 1622 580 suis,
1641 546 1674 573 et

296 589 390 620 Clero
414 588 521 619 tocius
546 587 716 617 Provincie
739 598 808 626 sue,
825 587 1011 625 tractaturi,
1028 596 1209 626 eorumque
1233 596 1351 616 sanum
1376 585 1550 616 consilium
1575 596 1675 626 super

294 632 358 663 hiis
384 631 568 671 impensuri
588 641 594 668 ;
627 631 816 671 facturique
839 633 873 661 et
896 629 1062 670 recepturi
1093 632 1193 669 prout
1216 629 1257 659 ad
1281 639 1558 670 unumquemque
1589 630 1674 669 ipso—

295 685 370 706 rum
397 675 431 705 in
457 674 518 705 hac
543 677 638 714 parte
668 674 801 710 attinet,
829 676 864 704 et
889 673 1098 711 negociorum
1126 672 1322 712 hujusmodi
1347 672 1490 712 qualitas
1514 673 1618 712 exigit
1640 676 1675 704 et

294 718 442 759 requirit.
490 717 691 749 Intimantes
715 717 839 747 eisdem
855 717 945 757 quod
969 717 1057 746 idem
1082 716 1246 746 Dominus
1262 715 1536 756 Archiepiscopus
1560 720 1676 747 contra

295 762 449 793 absentes
479 765 513 792 et
543 760 768 791 contumacias
799 759 880 799 (sic),
908 760 1006 790 <lictis
1037 759 1089 789 die
1120 763 1154 790 et
1184 759 1254 789 loco
1287 760 1451 799 procedet,
1484 762 1518 790 et
1549 760 1674 791 nullius

295 805 442 836 absentis
457 804 705 835 excusacionem
722 804 890 841 admittet,
908 803 971 834 nisi
987 806 1153 843 quatenus
1169 806 1298 833 artatur
1315 803 1356 833 de
1370 802 1455 843 jure,
1467 805 1507 834 ut
1522 804 1675 843 superius

295 848 496 879 continetur.
542 848 620 885 Vos,
655 847 767 886 eciam,
800 847 943 877 Domine
980 846 1230 883 Arcliidiacone,
1261 846 1293 876 in
1332 849 1499 886 quantum
1537 848 1579 877 ad
1618 858 1675 877 vos

295 892 451 932 pertinet,
468 891 567 921 simili
583 890 681 921 modo
698 890 914 931 compareatis
931 889 1155 930 personaliter,
1173 889 1214 919 ad
1237 889 1427 920 faciendum
1451 890 1485 920 in
1509 891 1675 929 omnibus,

295 938 330 967 et
346 946 404 976 per
419 935 541 973 onmia,
559 937 600 965 ut
615 934 767 974 superius
784 934 979 964 declaratur.
1029 934 1073 964 Et
1095 933 1177 973 quid
1201 933 1234 963 in
1252 933 1419 972 premissis
1436 933 1590 971 feceritis,
1611 945 1677 965 una

295 989 371 1010 cum
399 978 498 1009 modo
532 982 567 1008 et
594 978 701 1008 forma
726 977 933 1009 Citacionutn
963 980 997 1007 et
1027 976 1286 1007 Intimacionum
1319 980 1513 1014 vestrarum,
1546 978 1674 1008 dictum

295 1025 448 1053 nostrum
481 1021 763 1060 Commissarium,
794 1020 828 1051 in
859 1020 948 1051 dicta
986 1019 1132 1050 Ecclesia
1170 1023 1281 1050 nostra
1320 1020 1510 1057 Exoniensi,
1545 1021 1675 1061 prefato

295 1066 349 1096 die
376 1066 470 1096 Lune
495 1065 646 1104 proximo
672 1068 748 1105 post
777 1064 914 1094 Festum
943 1063 1057 1094 Sancti
1082 1063 1251 1093 Dunstani
1278 1063 1429 1103 predicti,
1459 1063 1617 1095 distincte
1640 1069 1675 1095 et

296 1111 408 1149 aperte
431 1108 618 1139 certificetis
642 1119 699 1148 per
723 1108 851 1138 Literas
867 1111 1002 1145 vestras,
1020 1110 1093 1145 etc,
1117 1107 1297 1137 citatorum
1322 1106 1518 1147 hujusmodi
1542 1108 1676 1138 nomina

297 1156 331 1183 et
353 1151 549 1192 cognomina
571 1151 716 1191 plenarie
732 1151 1108 1182 continentes—Date]
1134 1150 1282 1189 London,
1301 1152 1319 1180 4
1337 1150 1424 1191 May.

255 1194 520 1234 Gertificatorium
549 1194 704 1225 Mandati
722 1193 973 1234 precedenti&—

253 1239 350 1270 xxix⁰
365 1238 419 1269 die
434 1237 556 1268 mensis
570 1238 647 1268 Maii
658 1237 799 1277 predicti
815 1237 955 1277 receptis
971 1236 1092 1268 Literis
1108 1236 1346 1268 certificatoriis
1360 1237 1509 1276 Magistri
1526 1238 1676 1277 Hugonis

299 1282 472 1323 Hielynge,
506 1281 714 1312 Precentoris
742 1281 886 1311 Ecclesie
918 1281 1098 1320 Collegiate
1132 1280 1338 1321 Cryditmfie,
1368 1280 1402 1310 in
1431 1281 1490 1311 hec
1518 1282 1675 1320 verba,—

297 1325 496 1362 Venerabili,
516 1327 589 1363 etc„
607 1325 706 1364 Hugo
731 1324 903 1364 Hiclynge,
929 1324 1116 1361 Precentor,
1131 1326 1205 1359 etc..
1222 1324 1457 1362 obedienciam,
1474 1326 1675 1356 etc—Man-

297 1370 415 1399 datum
434 1367 624 1398 Reverende
648 1367 863 1398 Paternitatis
880 1371 989 1397 vestre
1012 1367 1129 1407 recepi,
1146 1367 1180 1397 in
1198 1367 1258 1397 hec
1281 1367 1593 1405 ve1·ba‚—T110mas,
1611 1372 1672 1399 etc.

299 1411 449 1452 -Cujus
472 1411 680 1448 auctoritate,
707 1413 781 1448 etc„
802 1421 929 1441 necnon
946 1411 1072 1441 virtute
1095 1414 1129 1441 et
1145 1410 1255 1450 vigore
1278 1410 1466 1441 Literarum
1490 1415 1676 1444 vestrarum

297 1455 435 1495 singulis
452 1454 699 1485 Archidiaconis
717 1454 859 1485 Ecclesie
876 1457 984 1485 vestre
1006 1454 1209 1492 Exoniensis,
1224 1464 1380 1484 eorumve
1398 1454 1601 1486 Officialibus
1617 1466 1674 1487 seu

298 1498 589 1534 Locatenentffius,
617 1498 829 1535 directarum,
854 1500 888 1527 et
919 1508 976 1537 per
1007 1507 1059 1527 me
1083 1497 1208 1527 eisdem
1233 1497 1446 1535 Officialibus,
1478 1508 1535 1528 sen
1560 1509 1674 1529 eorum

296 1541 588 1580 Locatenentibus,
605 1541 887 1586 transmissarum,
905 1551 1020 1571 omnes
1043 1543 1078 1571 et
1100 1540 1247 1580 singulos
1265 1540 1425 1579 Abbates,
1444 1543 1516 1579 etc„
1535 1542 1673 1580 Priores,

295 1589 330 1616 et
345 1590 470 1615 ceteros
492 1575 714 1615 Ecclesiarum
740 1583 782 1613 P,
785 1584 899 1621 elatos
916 1587 1088 1624 exemptos
1111 1587 1146 1614 et
1168 1594 1234 1614 non
1259 1586 1440 1624 exemptos,
1458 1585 1675 1625 Decanosque

295 1628 562 1668 [et]P1ep0s1tos
587 1627 794 1658 Cathedralis
817 1630 853 1658 et
877 1610 1134 1665 dollegiatarum
1160 1627 1390 1666 Ecclesiarum,
1408 1638 1533 1659 necnon
1559 1629 1672 1660 Archi-

294 1672 448 1702 diaconos
464 1681 579 1701 omnes
595 1674 630 1700 et
645 1670 802 1710 singulos,
820 1681 857 1701 ac
873 1670 1018 1710 Collegia
1034 1673 1068 1702 et
1085 1671 1279 1701 Conventus
1297 1652 1460 1702 Loco'rum
1477 1671 1673 1712 hujusmodi

296 1715 432 1754 (singuli
449 1724 507 1754 per
522 1714 693 1754 singulos),
710 1718 746 1744 et
763 1714 896 1745 Clerum
920 1714 1086 1754 reliquum
1104 1714 1135 1744 in
1156 1717 1266 1745 vestra
1283 1714 1411 1744 Diocesi
1429 1715 1577 1754 predicta
1601 1716 1672 1746 ubi-

294 1759 377 1789 libet
399 1757 633 1796 constitutum,
652 1758 693 1788 ad
717 1757 976 1797 comparendum
1001 1767 1110 1788 coram
1134 1757 1223 1788 dicto
1247 1757 1392 1788 Domino
1410 1758 1672 1800 Archiepiscopo,

294 1802 347 1833 die
363 1804 397 1832 et
413 1801 483 1832 loco
499 1801 653 1841 superius
675 1801 884 1840 expressatis,
901 1803 937 1831 et
958 1800 1148 1831 faciendum
1172 1801 1206 1831 in
1230 1801 1395 1837 omnibus,
1413 1805 1448 1832 et
1473 1812 1529 1841 per
1552 1803 1673 1841 omnia,

293 1845 383 1886 quod
399 1844 631 1885 supradictum
648 1844 846 1875 Mandatum
862 1844 966 1883 ipsius
986 1844 1188 1875 Venerabilis
1205 1844 1325 1882 Patris,
1343 1844 1588 1886 Archiepiscopi
1603 1857 1672 1886 pre·

295 1888 387 1927 dicti,
406 1888 440 1919 in
457 1888 612 1918 omnibus
628 1890 662 1918 et
678 1887 826 1927 singulis,
844 1887 914 1918 fieri
930 1887 1034 1927 exigit
1049 1891 1083 1918 et
1099 1887 1240 1928 requirit
1255 1887 1289 1918 in
1311 1887 1371 1918 hac
1388 1893 1492 1928 parte,
1518 1893 1557 1919 ut
1581 1900 1672 1920 man-

294 1933 404 1970 datur,
428 1931 648 1971 peremptorie
671 1931 765 1961 citari
782 1931 845 1961 feci
861 1934 895 1961 et
911 1931 1114 1971 premuniri;
1142 1931 1300 1961 Mandato
1325 1931 1541 1962 Paternitatis
1565 1936 1673 1964 vestre

293 1975 444 2016 predicto
467 1975 501 2004 in
525 1974 663 2014 singulis
687 1974 860 2005 humiliter
883 1975 928 2005 sic
951 1975 1106 2014 parendo.
1154 1974 1307 2011 Nomina,
1326 1985 1411 2014 vero,
1429 1978 1463 2005 et
1480 1976 1673 2015 cognomina

293 2020 442 2059 ipsorum
464 2018 647 2056 Abbatum,
671 2021 744 2056 etc,
762 2027 891 2048 necnon
914 2017 996 2048 dicti
1020 2018 1108 2049 Cleri
1132 2017 1401 2055 Procuratorum,
1425 2029 1534 2049 coram
1560 2030 1622 2058 me,
1639 2020 1673 2050 in

295 2062 439 2093 Ecclesia
456 2065 563 2092 vestra
581 2061 771 2092 Cathedrali
788 2061 916 2092 Exonie
932 2061 1090 2100 predicta,
1108 2061 1300 2101 supradicto
1323 2061 1377 2091 die
1396 2062 1488 2092 Lune
1504 2063 1672 2094 ordinato-

294 2116 370 2136 rum
386 2107 421 2136 et
436 2105 708 2143 constitutorum,
722 2104 757 2135 in
775 2104 900 2135 Oedula.
918 2105 1131 2135 Presentibus
1146 2115 1274 2134 annexa
1291 2105 1387 2144 plene
1403 2105 1673 2137 continentur.—

293 2148 404 2179 Dated
434 2151 470 2179 at
498 2147 629 2185 Exeter,
656 2149 697 2178 24
727 2147 955 2187 May‚—“sub
981 2148 1089 2187 sigillo
1124 2147 1324 2178 Presidentis
1351 2148 1545 2179 Consistorii
1570 2151 1673 2180 vestri

294 2191 499 2229 Exoniensis,
519 2201 585 2230 quo
602 2191 727 2221 utorin
752 2191 866 2222 Officio
889 2191 1289 2230 constitutus.’'—Ten0r‚
1315 2201 1401 2230 vero,
1426 2192 1514 2222 dicte
1539 2193 1672 2232 Cedule,

293 2236 334 2266 de
350 2245 417 2275 qua
432 2234 584 2274 superius
601 2234 639 2265 fit
656 2234 795 2272 mencio,
815 2233 891 2265 talis
908 2237 1012 2272 est,—

253 2278 401 2309 —Tenor
418 2278 534 2309 Oedule
552 2276 782 2316 Cercificatorio
805 2287 985 2316 aunem,—

253 2321 417 2352 Dominus
438 2322 581 2360 lzogerus
599 2321 698 2360 Leye,
717 2320 809 2351 Prior
824 2320 994 2351 Prioratus
1012 2319 1252 2350 Launcestouie
1269 2329 1276 2358 ;

253 2364 418 2395 Dominus
434 2364 619 2395 Willelmus
636 2364 828 2401 Carnellow‚
845 2364 940 2394 Prior
956 2363 1126 2394 Prioratus
1144 2363 1317 2393 Bodminie
1334 2374 1342 2396 :

253 2407 417 2438 Dominus
443 2407 592 2447 Rogerus
622 2407 728 2446 Kella,
764 2407 906 2438 Ecclesie
934 2406 1116 2446 Collegiate
1144 2406 1238 2436 Beati
1261 2406 1399 2445 Thome,

295 2450 451 2488 Martiris,
471 2451 634 2490 Glasneye
658 2450 872 2490 Prepositus;
1495 2451 1671 2484 cornubie.

252 2494 418 2525 Dominus
435 2493 620 2524 Willelmus
632 2493 672 2523 de
685 2493 716 2523 la
730 2493 814 2533 Hay,
832 2493 926 2524 Prior
939 2492 1108 2523 Prior-atus
1122 2492 1162 2522 de
1173 2492 1434 2533 Tywardraythe
1449 2504 1457 2530 ;

253 2537 417 2567 Dominus
427 2536 614 2566 &Villelmus
626 2537 667 2566 de
676 2536 856 2576 Treskelly,
868 2535 962 2566 Prior
972 2535 1142 2566 Prioratus
1153 2535 1266 2566 Sancti
1278 2536 1435 2567 Germani
1449 2547 1457 2573 ;

254 2580 419 2611 Dominus
431 2579 600 2610 Johannes
615 2579 747 2617 Volant,
767 2579 860 2610 Prior
876 2579 989 2610 Sancti
1003 2578 1170 2608 Michaelis
1187 2578 1228 2608 de
1245 2579 1369 2610 Monte.
1465 2586 1476 2603 s

254 2623 419 2654 Dominus
435 2622 626 2662 Stephanus
641 2622 848 2662 Langedone,
865 2622 978 2652 Abbas
996 2621 1188 2652 Monasterii
1205 2622 1423 2662 Tavystochie
1437 2632 1444 2659 ;

255 2667 372 2697 Frater
387 2666 407 2696 J
411 2665 557 2696 ohannes
575 2665 775 2704 Berkadone‚
796 2665 906 2696 Abbas
922 2664 1116 2695 Monasterii
1132 2665 1173 2694 de
1189 2665 1290 2695 Torre
1305 2676 1312 2702 ς

254 2709 371 2740 Frater
389 2708 585 2748 Radulphus
602 2709 752 2746 Persone,
772 2708 864 2738 Prior
883 2708 1054 2738 Prioratus
1072 2707 1284 2748 Plymptonie
1301 2719 1309 2746 ;
1473 2640 1490 2766 1

255 2753 372 2783 Frater
387 2752 408 2783 J
411 2751 558 2782 ohannes
573 2751 604 2782 le
621 2751 755 2789 Rovers,
774 2751 868 2782 Prior
885 2751 1054 2781 Prioratns
1070 2750 1227 2781 Tottonie
1244 2761 1252 2789 ;
1503 2753 1672 2785 Tottonie,

254 2795 372 2827 Frater
388 2795 561 2826 Gilbertus
578 2794 709 2833 Beliow,
728 2794 823 2824 Prior
840 2793 1009 2824 Prioratus
1026 2794 1066 2823 de
1085 2793 1243 2833 Modbery
1257 2803 1265 2832 ;

256 2838 374 2869 Frater
389 2837 555 2869 Robertus
571 2837 697 2875 Simon,
715 2837 827 2868 Abbas
843 2836 1037 2868 Monasterii
1052 2835 1242 2867 Bukfestrie
1257 2847 1266 2873 ;

257 2881 374 2914 Frater
389 2881 534 2913 Thomas
550 2880 781 2922 Wappeleghe‚
798 2880 911 2911 Abbas
927 2880 1119 2912 Monasterii
1136 2879 1177 2910 de
1193 2880 1370 2912 Boclonde.
