1987 3062
440 277 724 311 REGISTRUM
767 275 1222 310 COMMUNE—-ANNO
1256 267 1351 311 130.
1561 267 1653 311 475

268 385 415 414 nostram
434 382 600 423 perlatum
616 385 667 413 est
683 382 813 412 noviter
829 381 1062 421 conquerendo
1078 380 1168 421 quod
1186 381 1340 412 nonnulli
1364 381 1516 422 nequicie
1541 381 1603 413 filii'
1624 385 1657 413 et

269 427 414 457 Sathane
429 426 614 456 sathellites
632 426 713 464 (sic),
731 435 875 465 quornm
893 425 1027 455 nomina
1043 425 1242 464 ignorantur
1259 425 1362 455 eciam
1380 427 1415 456 et
1435 436 1581 464 persone,
1595 426 1658 457 Dei

267 470 388 500 timore
420 470 604 510 postposito
635 480 672 499 ac
707 469 847 499 Ecciesie
878 469 1090 499 Sacrosancte
1122 468 1308 498 reverencia
1342 479 1475 508 prorsus
1513 469 1656 510 abjecta,

267 514 439 553 pecuniam
472 523 537 543 non
569 513 732 542 nmdicam
764 513 796 542 in
837 523 915 542 auro
954 518 988 542 et
1022 517 1159 551 argento
1191 512 1442 549 consistentem,
1475 512 1657 549 firmacula,

267 558 392 595 anulos,
411 567 521 596 equoS,
541 567 666 586 necnon
685 567 735 586 res
752 556 831 585 alias
848 555 1054 586 diversorum
1072 555 1200 594 generis
1217 565 1253 585 ac
1271 558 1401 594 nature,
1421 566 1486 595 que
1511 556 1658 587 Ecclesie

270 601 469 634 paroehialis
486 601 526 630 (le
545 599 827 639 Kilkehamptone
856 602 889 628 et
913 598 1049 629 Domini
1068 599 1241 637 Regin-aldi
1260 599 1399 638 Brygge,
1418 599 1571 638 ejusdem
1598 601 1656 630 Ec-

268 644 364 674 clesie
380 644 461 673 dum
480 644 562 673 vixit
581 643 737 681 Rectoris,
757 646 796 672 nt
813 642 945 680 dicitur,
963 643 1159 678 extiterunt,
1178 642 1219 672 de
1242 642 1395 682 ejusdem
1419 643 1563 673 Ecclesie
1579 643 1658 674 locis

267 691 301 717 et
331 687 496 724 domibus,
529 691 640 727 preter
670 690 704 716 et
735 695 849 716 contra
881 686 1090 716 voluntatem
1116 686 1344 716 Executorum
1370 687 1578 716 Testamenti
1600 697 1659 726 per

268 732 412 761 eundem
440 732 612 760 Rectorem
631 730 777 768 legitime
801 729 935 765 conditi,
954 739 1010 759 seu
1036 729 1177 764 aliorum
1194 739 1484 769 quorumcumque
1508 730 1549 760 ad
1575 741 1658 769 quos

266 775 523 812 administracio,
540 773 700 811 custodia,
729 784 786 803 seu
818 773 1025 802 conservacio
1058 772 1220 802 bonorum
1253 776 1287 802 et
1317 783 1428 803 rerum
1462 772 1658 813 hujusmodi

267 818 450 848 extiterant
474 817 639 854 devolute,
663 817 787 856 quibus
810 816 985 846 commisse
1008 816 1144 845 fueraut
1167 827 1224 846 seu
1249 815 1412 856 injuncte,
1442 827 1507 846 non
1532 817 1658 857 absque

267 861 474 891 vehementis
491 866 525 890 et
541 860 705 890 horrende
723 859 921 889 temeritatis
939 860 1085 894 audacia,
1104 869 1160 898 per
1176 870 1210 889 se
1227 863 1261 889 et
1277 860 1356 890 alios
1380 864 1598 900 asportarunt
1622 872 1658 891 ac

268 905 423 943 sacrilege
440 905 665 934 abduxerunt.
714 904 820 940 Unde,
840 913 915 932 cum
934 902 1106 932 universos
1124 906 1157 932 et
1174 903 1322 942 singulos
1340 903 1535 944 hujusmodi
1559 904 1656 934 sacri-

268 948 358 987 legos
385 947 519 988 Majoris
544 946 908 977 Excommunicacionis
933 946 1146 976 Sentenciam
1170 946 1202 976 in
1228 947 1373 986 quadam
1404 947 1658 978 Constitucionc

268 992 352 1021 bone
383 991 541 1021 memorie
574 990 710 1020 Domini
742 989 917 1027 Octoboni,
952 990 1083 1019 dudum
1116 990 1306 1029 Apostolice
1338 991 1432 1020 Sedis
1472 991 1503 1020 in
1537 991 1658 1030 Angli-a.

270 1035 394 1074 Legati,
412 1045 476 1074 que
494 1034 611 1074 incipit
628 1034 679 1063 Ad
695 1035 835 1071 tutelam,
854 1033 886 1063 in
913 1033 1140 1063 malefactores
1165 1033 1359 1073 hujusmodi
1384 1034 1520 1073 provide
1545 1034 1657 1072 latam,

266 1079 433 1108 neminem
451 1078 533 1108 latet
550 1077 726 1107 incurrisse
745 1087 751 1114 ;
776 1077 878 1114 vobis,
896 1080 968 1113 etc„
986 1079 1026 1106 ut
1042 1087 1143 1116 supra
1167 1077 1200 1106 in
1227 1077 1377 1116 proximo
1402 1077 1562 1108 Mandato
1586 1088 1657 1118 pre-

268 1123 416 1159 cedente,
447 1132 552 1161 usque
586 1120 763 1160 ad—quod
802 1123 1014 1159 compareant
1046 1130 1156 1150 coram
1190 1120 1293 1158 nobis,
1326 1131 1383 1151 seu
1417 1121 1659 1152 Commissariis'

269 1165 390 1195 nostris
421 1175 504 1204 quos
527 1165 561 1194 in
586 1164 646 1194 hac
671 1170 763 1203 parte
787 1163 983 1193 duxerimus
1007 1163 1228 1203 deputandos,
1253 1167 1344 1194 certo
1368 1165 1573 1204 competenti
1597 1168 1660 1195 ter-

269 1209 358 1239 mino
375 1219 432 1248 per
449 1219 506 1238 vos
523 1208 645 1238 eisdem
665 1211 698 1237 et
722 1217 835 1237 eorum
860 1207 999 1246 singulis
1025 1207 1224 1246 prefigendo,
1242 1207 1446 1247 ubicumque
1470 1209 1503 1238 in
1530 1209 1659 1239 Diocesi

268 1256 383 1282 nostra
406 1254 489 1282 tunc
513 1251 683 1285 fuerimus,
702 1261 801 1290 super
825 1250 914 1280 dicto
939 1251 1099 1289 sacrilegii
1123 1250 1270 1289 crimine,
1295 1255 1368 1289 etc„
1396 1254 1434 1282 ut
1457 1262 1566 1292 supra.
1614 1253 1660 1284 Et

272 1296 354 1335 quid
371 1295 515 1325 feceritis
532 1294 721 1325 certificetis
738 1304 806 1331 nos,
824 1298 885 1324 ete.
906 1293 1064 1332 (without
1081 1294 1182 1332 date).

315 1338 439 1369 Citacio
455 1349 548 1377 super
561 1337 734 1368 violacione
750 1338 964 1377 Sequescr1,-—
1026 1338 1030 1339 ⁷

227 1383 381 1419 Thomas,
398 1386 472 1418 etc„
491 1382 657 1421 Perpetuo
675 1381 802 1411 Vicario
823 1381 965 1411 Ecclesie
983 1380 1182 1411 parochialis
1207 1381 1247 1411 de
1272 1382 1456 1417 Strattone,
1475 1384 1509 1412 et
1535 1384 1659 1413 Curato

116 1987 163 2012 fol.
179 1987 239 2014 9812.

116 2436 192 2464 96b.]

274 1425 417 1455 Ecclesie
442 1425 641 1455 parochialis
662 1425 702 1454 cle
728 1424 1019 1463 Kilkehamptone,
1044 1435 1080 1454 ac
1104 1424 1260 1462 Hem-ico,
1287 1425 1408 1455 nuncio
1432 1430 1555 1465 nostro,
1573 1427 1658 1457 salu-

271 1473 350 1505 tem,
382 1469 581 1499 eta-*Cum
606 1468 775 1498 universos
801 1470 834 1497 et
857 1468 1004 1506 singulos
1036 1467 1240 1507 Epis-copulis
1279 1469 1452 1508 Sequestri
1484 1470 1659 1500 violatores

271 1512 464 1542 temerarios
482 1512 616 1552 Majoris
637 1511 1000 1541 Excommunicacionis
1018 1510 1195 1541 Sentencia
1211 1522 1230 1541 a
1247 1512 1377 1542 Sanctis
1402 1512 1558 1543 Patribus
1582 1524 1658 1553 pro-

273 1556 348 1586 vide
364 1555 494 1595 prolata
510 1566 575 1585 non
593 1555 637 1585 sit
653 1554 795 1585 dubium
819 1554 994 1591 innodari3
1019 1565 1055 1584 ac
1078 1554 1120 1584 ad
1144 1555 1351 1585 audienciam
1375 1559 1535 1594 nostram,
1556 1557 1658 1596 pluri-

272 1610 401 1629 morum
421 1599 628 1636 clamoribus,
646 1598 776 1628 noviter
792 1598 836 1628 sit
853 1598 1035 1628 deductum
1054 1598 1143 1638 quod
1160 1599 1296 1638 quidam
1311 1598 1475 1630 Dominus
1493 1600 1660 1631 Walterus

270 1643 379 1680 Rewe,
399 1642 570 1672 ‚Johannes
587 1643 727 1681 Brygge,
753 1642 944 1681 Stephanus
969 1642 1074 1679 Pulsa,
1093 1642 1241 1682 Rogerus
1266 1642 1426 1681 Jogelere,
1446 1646 1479 1673 et
1497 1643 1660 1675 Ricardus

271 1686 384 1723 Yeme,
412 1686 614 1716 Executores
645 1685 834 1715 nominatos
864 1685 898 1715 in
923 1685 1137 1715 'rest-amento
1162 1685 1297 1715 Domini
1322 1686 1494 1725 Reginaldi
1520 1687 1658 1727 Brugge,

272 1729 411 1767 dudum,
429 1729 510 1759 dum
536 1729 630 1766 vixit,
656 1729 803 1758 Hectoris
828 1728 972 1758 Ecclesie
997 1728 1194 1759 Parochialis
1218 1730 1258 1759 de
1282 1729 1565 1769 Kilkehamptone
1588 1742 1659 1771 pre-

271 1773 369 1810 dicte,
387 1783 422 1803 se
446 1773 603 1810 (licentes,
623 1782 748 1802 necnon
768 1772 905 1812 quidam
923 1772 1094 1802 <Iohannes
1112 1772 1301 1813 Greynvile,
1319 1783 1378 1803 sue
1402 1773 1519 1804 salutis
1543 1775 1657 1805 imme-

271 1826 378 1846 mores
395 1822 430 1846 et
447 1816 583 1853 medele,
603 1816 779 1855 veriusque
805 1815 962 1846 Censuris
988 1815 1227 1846 Ecclesiasticis
1245 1816 1365 1855 spretis
1383 1817 1516 1856 penitus
1534 1821 1567 1847 et
1583 1829 1658 1848 con-

270 1860 420 1898 temptis,
438 1860 659 1899 Sequestrum
678 1864 829 1889 nostrum
847 1859 879 1889 in
898 1859 993 1889 bonis
1010 1863 1044 1888 et
1060 1859 1170 1898 rebus,
1188 1870 1253 1899 que
1271 1860 1391 1899 prefati
1409 1860 1545 1891 Domini
1563 1862 1657 1901 Regi-

269 1903 370 1942 naldi,
400 1904 517 1933 mortis
545 1913 604 1933 sne
633 1906 792 1942 tempore,
820 1902 1005 1940 extiterint,
1030 1902 1177 1942 legitime
1206 1903 1453 1942 interpositum,
1482 1905 1659 1944 nephanda

273 1957 347 1977 cum
374 1946 520 1983 andacia,
545 1957 602 1986 per
625 1957 658 1976 se
683 1950 717 1976 et
741 1956 897 1986 personas
920 1946 1133 1986 interpositas
1162 1946 1352 1977 violarunt:
1378 1947 1531 1987 quocirca
1555 1948 1657 1987 vobis,

272 1990 496 2020 communiter
520 1993 554 2020 et
576 1989 718 2028 divisim,
736 1990 990 2027 committimus,
1009 1993 1081 2025 etc„
1106 1990 1266 2030 quatinus
1290 1991 1436 2030 prefatos
1462 1991 1657 2031 walterum,

271 2037 347 2070 etc.‚
366 2044 480 2063 omnes
504 2037 538 2063 et
561 2033 718 2072 singulos,
737 2043 863 2063 necnon
888 2034 1017 2063 dictum
1043 2033 1231 2064 Johannem
1257 2034 1446 2074 Grpynvilffi
1462 2035 1583 2073 citetis,
1600 2046 1657 2067 seu

272 2077 366 2107 citari
385 2077 523 2115 faciatis,
541 2077 774 2117 peremptorie,
793 2077 880 2116 quod
901 2080 1116 2116 compaieant
1140 2087 1251 2107 coram
1275 2078 1379 2115 nobis,
1397 2088 1454 2108 seu
1478 2079 1600 2109 nostris
1624 2080 1658 2110 in

272 2120 332 2150 hac
349 2123 442 2159 parte
460 2121 712 2158 Commissariis,
731 2120 762 2150 in
783 2120 929 2150 Ecclesia
948 2120 1130 2150 Parochiali
1155 2121 1195 2150 de
1220 2120 1468 2161 Chuddeleghe,
1486 2121 1518 2152 in
1537 2122 1658 2162 vigilia

272 2164 385 2194 Sancti
403 2163 577 2194 Laurencii
594 2163 744 2203 proximo
761 2163 887 2201 futura,
906 2174 1006 2203 snper
1024 2163 1190 2203 premissis
1214 2167 1248 2193 et
1264 2174 1300 2194 ea
1317 2165 1598 2205 contingentibus,
1615 2166 1658 2196 ad

271 2207 418 2236 debitam
437 2207 621 2237 animarum
640 2217 776 2237 suarum
795 2210 830 2237 et
846 2207 995 2246 ipsorum
1013 2207 1196 2247 cujuslibet
1211 2208 1450 2238 correccionem
1476 2209 1657 2240 obiciendis

271 2250 391 2280 clarius
418 2255 452 2280 et
478 2250 590 2280 debite
617 2250 832 2290 exponendis,
861 2250 1080 2290 personaliter
1112 2251 1311 2290 responsuri,
1341 2254 1376 2281 et
1405 2251 1473 2291 juri
1506 2252 1656 2292 parituri,

270 2293 480 2333 ulteriusque
497 2293 630 2331 facturi,
648 2298 709 2324 etc.
772 2294 817 2324 Et
834 2294 916 2333 quid
934 2293 965 2323 in
985 2293 1154 2333 premissis
1171 2294 1335 2324 duxeritis
1352 2295 1542 2325 faciendum
1560 2297 1655 2327 certi-

272 2337 376 2367 ficetis
393 2347 461 2375 nos,
479 2340 538 2367 etc.
559 2336 717 2374 (without
733 2336 833 2372 date).

119 2400 178 2430 [st’l-
228 2403 529 2452 Testamentary
561 2402 953 2451 (Kilkhampton)‚—

228 2457 392 2488 Vicesimo
408 2460 503 2487 sexto
520 2456 601 2496 [die]
618 2456 711 2495 Julii,
729 2456 762 2486 in
789 2456 933 2486 Ecclesia,
958 2456 1139 2486 Parochiali
1163 2457 1204 2486 de
1229 2457 1458 2497 Chuddelegh,
1477 2459 1656 2498 probatum

261 2500 336 2530 -fuit
351 2501 605 2531 Testamentum
624 2500 759 2530 Domini
783 2500 958 2539 Reginaldi
982 2500 1109 2539 Brigge,
1129 2501 1278 2531 Rectoris
1302 2501 1383 2531 dum
1401 2502 1488 2532 vixit
1513 2503 1656 2534 Ecclesie

271 2543 470 2574 Parochialis
487 2544 528 2574 de
546 2543 838 2582 Kilkehamptone,
856 2553 965 2573 coram
983 2543 1151 2583 Magistris
1177 2544 1320 2584 Hugone
1345 2545 1560 2586 Hickelynge‚
1580 2547 1655 2577 Pre-

270 2592 403 2617 centore
435 2587 580 2617 Ecclesie
614 2587 821 2624 Exoniensis,
851 2589 886 2617 et
920 2587 1087 2617 willelmo
1119 2587 1264 2625 Hendre,
1298 2588 1437 2619 Officiali
1476 2589 1656 2621 Peculiaris

269 2630 520 2661 Jurisdiccionis
553 2630 687 2660 Domini
718 2630 751 2660 in
786 2630 963 2668 Cornubia,
991 2630 1072 2660 dicti
1104 2630 1239 2660 Domini
1271 2631 1514 2662 Commissariis
1537 2633 1571 2663 in
1596 2634 1656 2664 hac

273 2677 364 2713 parte
381 2674 570 2713 specialiter
594 2674 775 2712 deputatis,
793 2677 828 2704 et
852 2684 910 2712 pro
933 2674 1049 2703 eodem
1074 2673 1289 2704 Testamento
1314 2676 1597 2715 pronunciatum;
1621 2678 1655 2708 in

270 2727 336 2756 quo
354 2717 516 2747 nominati
533 2720 613 2748 sunt
630 2717 834 2747 Executores
851 2717 1014 2747 Dominus
1031 2717 1195 2747 walterus
1213 2718 1320 2755 Rewe,
1335 2718 1507 2750 Johannes
1526 2720 1653 2761 Brigge,

270 2760 462 2799 Stephanus
500 2761 604 2798 Pulsa,
638 2761 787 2800 Rogerus
825 2760 966 2799 Jogeler‚
1001 2763 1035 2790 et
1074 2760 1236 2791 Ricardus
1267 2761 1381 2799 Yeme,
1413 2772 1555 2802 quorum
1589 2765 1656 2794 duo

271 2804 487 2842 personaliter
503 2807 772 2843 comparuerunt,
791 2804 945 2834 videlicet
961 2803 1130 2834 ²Iohannes
1155 2804 1275 2844 Brigge
1298 2807 1333 2835 et
1357 2805 1520 2836 Ricardus
1542 2807 1656 2845 Yeme,

269 2849 304 2876 et
318 2846 479 2886 jurarunt
495 2848 535 2878 de
552 2847 648 2878 fidele
666 2847 897 2878 Inventarium
916 2847 1118 2877 conficiendo
1142 2847 1184 2878 de
1206 2847 1302 2878 bonis
1326 2848 1479 2879 defuncti
1503 2850 1655 2890 predicti,
