1987 3062
282 201 371 248 172
480 216 578 248 THE
615 217 859 250 REGISTER
895 216 954 250 OF
989 216 1166 251 BlsHOP
1201 218 1606 254 BRANTYNGHAM.

270 318 346 378 {238¹}-
422 322 524 353 Sociis
549 322 631 363 ejus,
649 323 671 354 J
675 323 849 354 nsticiariis
872 323 1008 354 Domini
1033 323 1137 354 nostri
1162 323 1258 363 Regis
1282 324 1323 354 de
1343 335 1430 364 pace,
1446 335 1546 365 snper
1566 336 1604 355 eo
1627 324 1717 365 quod
1735 324 1796 354 Die

272 372 345 411 Vols
422 365 596 396 Dominica
612 367 759 406 proxima
776 370 851 407 post
868 367 1005 397 Festum
1022 367 1134 398 Sancti
1153 367 1334 406 Laurencii,
1346 368 1442 398 Anno
1459 369 1561 399 tercio
1579 369 1683 408 Regni
1700 367 1797 407 Regis

271 419 311 445 11,
423 409 553 440 Ricardi
570 410 1024 448 [1379]‚fe1011i0einterfecit
1036 410 1220 441 Walterum
1238 411 1436 449 Govelonde,
1453 412 1542 451 apud
1561 412 1686 450 Nymet.
1702 411 1795 450 Epis-

422 453 503 492 copi,
517 453 549 483 iu
563 453 709 483 decenna
722 454 762 483 (10
779 454 904 493 Nymet
921 454 1081 493 Episcopi,
1094 456 1128 484 et
1140 464 1249 484 coram
1260 454 1385 484 Thoma
1398 455 1586 493 Dabernon,
1597 455 1796 485 coronatore

421 496 609 527 Comitatus
628 497 773 526 Devonie
789 507 795 533 ;
812 500 846 527 et
862 497 1075 536 postmodum
1092 507 1202 527 coram
1220 497 1363 528 Roberto
1380 498 1539 528 Tresilian
1555 502 1589 528 et
1606 497 1707 529 Sociis
1718 498 1795 535 suis,

423 539 556 570 Domini
584 539 689 570 nostri
718 540 814 579 Regis
845 540 865 570 J
870 540 1054 578 usticiariis,
1087 540 1250 570 maliciose
1281 541 1391 571 fuerat
1421 541 1605 572 indictatus
1623 551 1630 578 ;
1658 551 1794 579 necnon,

420 583 563 613 Thomas
588 583 629 613 de
658 583 688 613 la
711 583 799 613 Mare
821 583 990 622 predictus
1015 594 1114 623 super
1135 594 1172 614 eo
1199 584 1288 623 quod
1312 583 1390 624 ipse,
1408 587 1504 614 nocte
1527 584 1599 615 Diei
1623 584 1796 614 Dominice

421 630 494 665 post
506 626 644 656 Festum
661 626 774 657 Sancti
791 626 969 664 Michaelis,
984 627 1080 657 Anno
1097 627 1203 666 Regni
1220 627 1317 667 Regis
1334 638 1422 657 nunc
1438 631 1554 658 octavo
1567 627 1691 665 [1384]‚
1705 627 1794 667 apud

419 669 601 709 Sygedone,
619 669 652 699 in
669 670 815 699 decenna
831 670 871 699 de
890 670 1092 701 Churletone
1115 670 1325 709 [Gha›·leton]‚
1343 670 1480 701 felonice
1496 670 1628 701 furatus
1644 670 1711 700 fuit
1727 674 1794 701 tres

419 713 527 750 boves,
544 713 644 752 precii
663 712 801 752 triginta
823 724 881 743 sex
904 713 1096 750 solidorum,
1124 714 1164 743 de
1189 714 1282 744 bonis
1306 717 1340 744 et
1363 714 1489 744 catallis
1510 713 1670 744 Willelmi
1691 714 1793 752 Gova,

409 753 457 787 'de
474 756 656 795 Sygedone,
674 767 783 786 coram
799 756 952 787 Johanne
970 757 1167 794 Prestecote,
1186 757 1370 787 Senescallo
1389 757 1566 788 Libertatis
1590 757 1729 787 Manerii
1752 757 1794 787 de

418 799 620 830 Churletone
641 808 647 835 3
680 810 716 829 ac
743 800 968 839 postmodum,
993 810 1103 830 coram
1129 800 1273 830 Roberto
1297 800 1507 840 Bealknappe
1531 804 1565 830 et
1589 800 1690 831 Sociis
1712 801 1789 838 suis,

416 842 616 874 Justiciariis
647 843 782 873 Domini
812 843 907 883 Regis
940 843 1087 882 predicti,
1120 843 1284 874 maliciose
1322 844 1425 874 eciam
1456 844 1567 874 fuerat
1596 844 1788 874 indictatus

415 887 514 917 Unde
540 886 640 916 iidem
668 886 832 916 Walterus
859 890 893 916 et
920 886 1072 925 Thomas,
1101 887 1267 917 occasione
1288 888 1498 926 (1111·111111(111111
1527 887 1790 927 Inquisicionum

414 930 605 970 juratorum
622 929 790 967 laicorum,
810 940 865 969 per
883 930 1027 969 prefatos
1044 930 1211 960 Justlcm
1204 940 1262 968 100
1278 933 1301 960 ta
1295 940 1451 970 [mquam
1464 930 1511 960 rei
1523 930 1699 960 criminum
1719 941 1788 970 pre-

416 974 582 1003 dictorum
600 973 721 1012 (1111111111
725 973 783 1010 ati,
804 973 938 1013 11111111οὃ
930 973 972 1002 io
989 973 1128 1003 0101101111
1145 984 1178 1003 00
1196 976 1389 1013 protegente
1405 973 1503 1013 juxta
1527 973 1734 1004 Ecclesiastlc
1737 984 1789 1004 1111

416 1017 619 1047 Libertatem
637 1020 671 1045 et
688 1016 793 1055 Regni
812 1016 928 1055 Anglie
953 1016 1248 1055 Consuetudinem,
1266 1017 1360 1047 nobis
1377 1020 1409 1047 et
1427 1027 1480 1047 cai
1483 1027 1548 1047 ce11
1571 1021 1684 1047 nostro
1702 1017 1786 1047 Exo-

415 1060 520 1090 niensi
537 1059 719 1089 extiterant
736 1060 877 1097 liberati,
896 1063 997 1099 prout
1014 1060 1170 1099 premissa
1185 1041 1294 1090 ombia
1311 1070 1351 1090 ex
1369 1060 1450 1090 actis
1465 1063 1500 1090 et
1515 1060 1662 1090 actitatis
1679 1060 1711 1090 in
1730 1061 1790 1091 hac

414 1106 516 1143 parte,
532 1113 674 1142 quorum
693 1103 800 1142 copias
817 1103 916 1133 inseri
933 1103 1070 1133 fecimus
1087 1103 1120 1132 in
1138 1103 1262 1133 cedulis
1286 1103 1349 1133 hiis
1372 1103 1518 1141 annexis,
1537 1103 1665 1142 plenius
1682 1103 1788 1134 conti-

413 1150 546 1177 nentur.
594 1146 729 1184 Verum,
747 1146 824 1185 quia
842 1146 941 1176 iidem
962 1146 1125 1176 Walterus
1141 1149 1175 1176 et
1191 1146 1335 1176 Thomas
1351 1157 1451 1186 super
1467 1146 1659 1177 criminibus
1675 1157 1787 1187 supra-

412 1190 510 1220 dictis
526 1189 593 1219 sint
608 1189 799 1220 innocentes
816 1193 850 1220 et
866 1189 1029 1227 inmunes,
1047 1192 1082 1220 et
1098 1192 1239 1229 uterque
1263 1200 1375 1220 eorum
1399 1190 1555 1220 innocens
1571 1189 1616 1220 sit
1631 1193 1665 1220 et
1680 1190 1788 1221 inmu-

411 1233 471 1271 nis,
489 1232 642 1263 fecerunt
658 1233 751 1262 nobis
771 1233 961 1272 frequenter
985 1236 1018 1262 et
1042 1232 1213 1262 humiliter
1229 1233 1406 1273 supplicari
1430 1233 1588 1272 quatinus
1604 1234 1646 1263 ad
1664 1233 1784 1273 Purga-

411 1276 538 1307 cionem
555 1276 746 1313 eorundem,
764 1279 797 1306 et
813 1286 927 1306 eornm
953 1276 1135 1316 utriusque,
1159 1276 1194 1306 111
1218 1276 1324 1306 forma
1347 1276 1490 1306 Ecclesie
1506 1279 1662 1306 consueta
1680 1287 1788 1316 proce·

409 1320 496 1358 dere,
514 1330 550 1350 110
575 1319 654 1349 alias
675 1319 845 1359 justiciam
869 1320 984 1357 facere,
1002 1329 1204 1350 curaremus.
1252 1320 1329 1358 Nos,
1347 1320 1445 1350 variis
1461 1322 1495 1349 et
1511 1320 1622 1350 arduis
1646 1320 1788 1360 negociis

410 1363 588 1394 Ecclesiam
606 1366 753 1393 nostram
772 1363 992 1393 Exoniensem
1011 1363 1191 1402 predictam
1217 1363 1430 1403 tangentibus
1448 1363 1678 1403 multipliciter
1694 1374 1786 1394 occu-

410 1407 489 1446 pati,
518 1405 710 1445 hujusmodi
738 1406 864 1445 negocii
891 1406 1095 1445 expedicioni
1119 1407 1160 1436 ad
1185 1416 1318 1446 presens
1335 1406 1508 1436 intendere
1525 1417 1591 1437 non
1609 1407 1756 1438 valemus
1776 1419 1784 1438 2

405 1451 446 1480 ad
463 1449 679 1487 audiendum,
695 1449 807 1489 igitur,
826 1450 1094 1487 examinandum,
1112 1450 1373 1488 discuciendum,
1399 1452 1432 1480 et
1456 1449 1520 1480 fine
1544 1450 1656 1480 debito
1673 1450 1784 1480 termi-

409 1494 558 1523 nandum
575 1493 747 1533 negocium
765 1496 998 1528 memoratum,
1018 1503 1142 1523 necnon
1168 1493 1278 1523 omnia
1294 1496 1328 1523 et
1344 1493 1474 1533 singula
1489 1493 1524 1523 in
1541 1493 1601 1523 hac
1617 1496 1710 1533 parte
1728 1504 1784 1524 ne-

405 1536 543 1567 cessaria
561 1540 594 1566 et
611 1536 713 1566 eciam
730 1539 896 1574 consueta,
915 1536 1007 1566 vobis
1024 1536 1246 1567 communiter
1261 1539 1296 1566 et
1311 1536 1455 1574 divisim,
1475 1537 1516 1566 de
1532 1547 1685 1576 quorum,
1703 1540 1781 1575 etc„

404 1580 490 1610 vices
509 1583 637 1610 nostras
654 1580 896 1610 committimus
913 1583 946 1610 et
964 1580 1143 1620 plenariam
1162 1583 1360 1619 potestatem
1373 1580 1390 1592 ''
1408 1581 1482 1618 (not
1498 1579 1622 1618 dated).

252 1632 506 1668 [OCT0-1944-—“
519 1633 615 1669 Item,
636 1632 764 1662 decimo
788 1635 882 1663 sexto
898 1632 950 1663 (110
968 1632 1089 1662 mensis
1106 1633 1268 1669 Octobris,
1288 1632 1385 1663 Anno
1412 1632 1544 1663 Domini
1562 1633 1712 1672 proximo
1729 1644 1781 1664 su-

253 1669 333 1697 mm]
406 1677 565 1717 pradicto,
584 1676 748 1706 Dominus
767 1676 904 1715 prefecit
922 1676 1119 1715 Magistrum
1136 1676 1298 1706 Thomam
1322 1676 1438 1707 Noelle
1462 1676 1495 1706 in
1521 1676 1701 1707 Officialem
1724 1688 1783 1708 sue

405 1720 582 1751 Peculiaris
599 1719 848 1750 Jurisdiccionis
875 1719 1074 1759 ubicumque
1098 1719 1132 1749 in
1159 1719 1334 1758 Cornubia,
1352 1730 1389 1750 ac
1405 1718 1716 1759 Sequestratorem3
1748 1721 1781 1751 in

404 1764 520 1801 forma,
537 1766 600 1793 etc.

251 1820 300 1846 fol.
358 1818 528 1854 195.—To
544 1817 602 1848 the
618 1817 731 1848 Abbat
754 1817 787 1847 of
810 1817 1153 1855 TAv1sT00K.—Saue,
1171 1816 1256 1855 licet,
1274 1817 1458 1847 secundum
1482 1817 1658 1848 Sacrorum
1676 1819 1778 1849 Cano-

251 1854 311 1880 47b·
403 1873 485 1892 num
503 1861 677 1898 Instituta,
695 1871 809 1891 omnes
826 1864 859 1890 et
875 1860 998 1899 singuli
1017 1859 1241 1890 11011-«1011111111
1262 1860 1435 1899 Regulares
1454 1860 1619 1898 Canonici,
1638 1862 1777 1892 admini-

403 1905 600 1935 stracionem
624 1904 768 1943 aliquam
794 1914 858 1933 non
884 1903 1054 1939 habentes,
1071 1903 1138 1943 qui,
1155 1903 1248 1933 suavi
1270 1903 1351 1943 jugo
1374 1904 1591 1934 Observancie
1608 1905 1779 1944 Regularis

403 1948 544 1988 abjecto,
562 1947 700 1987 propriis
717 1947 839 1977 relictis
856 1946 1073 1984 Monasteriis,
1090 1956 1123 1976 se
1140 1946 1174 1976 in
1191 1947 1236 1976 eis
1254 1946 1375 1977 morari
1387 1957 1500 1977 secure
1516 1957 1582 1977 non
1600 1958 1693 1987 posse
1704 1959 1777 1979 con-

403 1992 573 2031 fingentes,
590 1991 631 2020 ad
650 1990 765 2021 Curias
783 1988 984 2029 Principum,
1003 1990 1125 2029 absque
1142 1990 1273 2029 speciali
1291 1990 1498 2020 Prelatorum
1510 2001 1647 2021 suorum
1664 1991 1777 2022 Licen-

399 2035 457 2073 cia,
475 2046 509 2065 se
525 2034 672 2064 conferre
690 2036 896 2072 presumunt,
914 2037 953 2063 ut
976 2033 1043 2063 suis
1062 2033 1200 2064 Prelatis
1217 2036 1276 2063 aut
1292 2033 1501 2063 Monasteriis
1518 2034 1702 2074 dampnum
1719 2035 1775 2066 ali-

401 2079 490 2118 quod
514 2078 669 2113 infeiant,
688 2076 906 2116 Monachique
929 2076 1062 2115 singuli,
1083 2076 1167 2106 infra
1191 2080 1284 2116 septa
1308 2077 1508 2115 Monasterii,
1532 2077 1603 2108 sine
1628 2078 1777 2109 Licencia

400 2122 571 2152 Abbatum
588 2131 724 2150 suorum
741 2130 832 2150 arma
854 2124 1018 2157 tenentes,
1037 2119 1105 2150 sint
1129 2120 1304 2150 Sentencia
1320 2120 1683 2151 Excommunicacionis
1708 2123 1774 2152 Ma-

399 2165 488 2205 joris,
506 2165 576 2204 ipso
600 2164 696 2201 facto,
715 2162 971 2203 dampnabiliter
994 2163 1156 2201 involuti,
1181 2173 1318 2201 necnon,
1334 2174 1448 2194 omnes
1465 2167 1499 2194 et
1514 2164 1636 2203 singuli
1659 2165 1717 2204 qui
1741 2165 1775 2195 in

401 2208 553 2245 Ecclesia,
573 2207 623 2238 vel
641 2207 812 2238 Cimiterio
828 2207 897 2236 Deo
914 2206 1074 2244 dedicato,
1100 2217 1218 2237 manus
1242 2206 1402 2237 violentas
1427 2210 1551 2237 temere
1567 2207 1601 2237 in
1618 2207 1773 2239 clericum

400 2252 451 2282 vel
468 2251 587 2282 laicum
604 2251 756 2288 iniciunt,
772 2249 946 2280 Sentencie
965 2250 1327 2280 Excommunicacionis
1343 2250 1485 2290 Majoris,
1500 2250 1533 2280 in
1549 2251 1772 2282 Constitucio-

400 2295 497 2325 nibus
522 2298 711 2324 nostrarum
736 2293 890 2324 Civitatis
914 2296 949 2323 et
971 2293 1116 2323 Diocesis
1141 2293 1363 2333 Synodalibus
1386 2294 1419 2323 in
1445 2293 1504 2324 hac
1521 2297 1614 2333 parte
1638 2295 1773 2333 provide

398 2339 474 2376 late,
500 2338 696 2377 subjaceant
722 2337 793 2376 ipso
817 2336 929 2374 facto;
962 2336 1109 2376 quidam,
1137 2340 1260 2374 tamen,
1290 2337 1434 2376 Dompni
1462 2337 1604 2367 Thomas
1628 2337 1714 2368 Goof
1737 2341 1772 2369 et

398 2381 584 2412 XVillelmus
602 2381 758 2420 Dynowe,
779 2379 929 2410 Monachi
945 2379 1027 2409 dicti
1050 2379 1242 2409 Monasterii
1260 2380 1369 2418 vestri,
1387 2383 1422 2410 et
1438 2380 1471 2410 in
1488 2380 1603 2410 eodem
1619 2391 1771 2420 expresse

398 2425 544 2464 professi,
568 2423 872 2454 administraciones
896 2422 1021 2462 aliquas
1045 2432 1111 2452 non
1134 2423 1304 2461 habentes,
1329 2423 1422 2453 suavi
1444 2423 1524 2463 jugo
1553 2424 1770 2455 Observancie

397 2467 569 2507 Regularis
585 2467 725 2507 abjecto,
742 2466 831 2496 dicto
848 2465 1049 2496 Monast-erio
1065 2465 1211 2505 ipsorum
1227 2466 1357 2505 proprio
1367 2466 1490 2504 relicto,
1508 2477 1542 2496 se
1558 2467 1592 2497 in
1609 2477 1646 2496 eo
1658 2478 1770 2499 secure

397 2511 517 2541 morari
536 2521 599 2540 non
617 2520 710 2550 posse
733 2509 968 2549 confingentes,
994 2519 1051 2548 per
1076 2509 1192 2539 Curias
1216 2509 1407 2549 Principum
1424 2510 1592 2549 evagando
1609 2510 1768 2541 discurre-

398 2555 487 2592 bant,
512 2557 546 2584 et
569 2553 610 2583 ad
633 2553 765 2583 easdem
794 2552 910 2583 Curias
941 2552 1142 2591 Principum,
1159 2552 1284 2592 absque
1312 2552 1443 2591 speciali
1467 2553 1617 2584 Licencia
1633 2564 1651 2583 a
1667 2554 1769 2592 vobis,

395 2607 508 2627 eorum
526 2597 667 2634 Prelato,
684 2596 831 2634 obtenta,
849 2600 888 2626 ut
904 2595 997 2626 vobis
1020 2599 1054 2624 et
1079 2595 1278 2625 Mon-asterio
1302 2599 1410 2626 vestro
1434 2596 1579 2636 dampna
1595 2596 1766 2636 inferrent,

396 2651 430 2670 se
446 2640 603 2677 conferre,
628 2650 754 2669 necnon
771 2639 858 2669 infra
881 2645 974 2678 septa
997 2638 1078 2668 dicti
1101 2638 1293 2668 Monasterii
1309 2639 1421 2676 vestri,
1440 2639 1510 2669 sine
1534 2639 1684 2671 Licencia
1700 2651 1768 2671 ves-

393 2687 455 2720 tra,
472 2693 562 2713 arma
580 2686 691 2713 tenere
708 2686 831 2712 temere
848 2685 1132 2721 presumpserunt,
1144 2682 1268 2711 dictam
1287 2679 1423 2721 Majoris
1442 2683 1763 2714 Excommunicacio-

392 2727 443 2756 nis
460 2726 669 2757 Sentenciam
686 2725 941 2764 dampnabiliter
956 2725 1154 2755 incurrendo
1172 2735 1179 2762 3
1204 2724 1419 2764 prefatusque
1444 2725 1606 2757 Dominus
1623 2727 1766 2758 Thomas

394 2769 479 2801 Goof
496 2769 528 2799 in
546 2769 725 2799 Ricardum
743 2769 869 2806 Doune,
885 2768 1016 2805 laicum,
1031 2767 1118 2797 dicte
1132 2767 1287 2805 Diocesis,
1301 2767 1333 2797 in
1346 2769 1489 2798 claustro
1503 2770 1621 2808 prefati
1636 2771 1763 2800 Monas-

394 2813 480 2851 terii,
499 2813 568 2842 Deo
591 2812 754 2849 dedicato,
775 2822 879 2851 usque
903 2812 944 2842 ad
968 2811 1138 2850 sanguinis
1161 2811 1353 2842 effusionem
1377 2822 1441 2841 non
1468 2813 1629 2844 modicam
1647 2823 1765 2844 manus
