1987 3062
304 241 398 284 304

298 355 375 381 A.D.

299 388 372 414 1373.

299 422 363 448 Vol.
376 422 399 449 I.

300 455 352 483 fol.

300 490 341 515 36.

297 1420 345 1446 fol.

296 1454 357 1480 36b.

507 253 609 285 THE
644 253 884 286 REGISTER
919 253 980 285 OF
1016 252 1191 285 BISHOP
1226 253 1623 288 BRANTYNGHAM.

413 358 578 389 Dominus
615 358 802 389 Willelmus
840 357 1051 395 Beawmond,
1092 357 1202 388 Abbas
1239 358 1433 389 Mouasterii
1469 359 1510 390 de

456 402 541 433 Hert
566 402 664 432 londe
675 412 682 419 ·
1786 429 1793 435 ,

412 412 576 476 Ποωὶηὲε
592 426 735 476 Thomas
752 444 851 482 Rede,
870 443 963 474 Prior
980 443 1149 474 Prioratus
1165 444 1206 474 de
1224 445 1476 484 Frythelestoke
1494 456 1501 483 ;
1534 365 1824 525 }B'¹¹'naSt‘²¹P⁰l¹e·

407 489 571 521 Dominus
590 488 748 518 Ricardus
766 488 885 527 Cappe,
904 487 998 517 Prior
1015 487 1184 518 Prioratus
1208 488 1463 528 Barnastapolie.

412 534 528 565 Frater
546 531 729 562 Willelmus
747 531 937 566 XVedmour,
955 530 1066 561 Abbas
1083 531 1274 561 Monasterii
1290 532 1330 561 de
1348 532 1582 572 Dunkeswylle
1599 544 1606 572 ς

409 578 526 608 Frater
543 574 703 605 Ricardus
720 574 950 611 Brauscombe,
969 574 1080 603 Abbas
1098 574 1288 605 Monasterii
1304 575 1345 604 de
1362 575 1545 614 Nyweham
1562 587 1568 615 ;
1691 575 1827 606 Exonie.

409 621 524 651 Frater
542 616 739 658 [Johannes]
758 617 970 657 Chylheglys,
989 617 1099 647 Abbas
1117 617 1309 648 Monasterii
1326 618 1367 651 de
1385 618 1498 650 Forde.

409 662 573 695 Dominus
589 661 732 692 Thomas
749 661 902 700 Orgrave,
921 659 1180 690 Archidiaconus
1198 661 1363 691 Cor-nubie
1379 672 1387 698 ;

409 705 566 745 Magister
583 704 748 734 Henricus
766 703 976 741 Whitefelde,
994 703 1255 734 Archidiacouus
1275 704 1519 744 Barnastapolie
1541 715 1547 742 ;
1677 729 1684 735 .
1713 729 1720 734 .
1807 728 1814 734 .

409 748 573 781 Dominus
591 748 690 787 Hugo
707 746 930 786 Bryddeham,
949 746 1208 777 Archidiaconus
1225 747 1381 778 Tottonie
1397 758 1405 786 3
1586 729 1825 760 Avehfflmeom'

408 791 571 824 Dominus
587 791 730 821 Thomas
747 790 876 830 Swaby,
895 790 1154 820 Archidiacouus
1171 790 1307 821 Exonie.

408 835 567 875 Magister
585 834 750 864 Robertus
767 834 935 873 Sumpter,
953 833 1105 863 Decanus
1122 833 1265 864 Ecclesie
1282 833 1489 865 Cathedralis
1506 834 1641 872 Exouie,

407 878 566 918 Magister
595 877 615 908 J
619 876 765 907 ohannes
796 876 930 916 Wyliot,
956 876 1052 907 sacre
1075 876 1197 916 Pagine
1229 877 1406 915 Professor,
1432 878 1654 908 Cancellarius
1681 875 1825 907 Ecclesie

452 920 657 958 Exoniensis,
1253 931 1255 933 ¹

406 965 564 1004 Magister
602 965 751 1003 Rogerus
786 963 881 1003 Page‚
914 962 1115 993 Bacallarius
1144 963 1178 994 in
1211 963 1364 1003 Legibus
1404 963 1599 995 Consistorii
1630 962 1826 995 Exoniensis

449 1006 783 1046 Advocatus,-Cleri
801 1007 1042 1037 Procuratores.

407 1050 718 1085 —Gertifi'catorium
730 1049 860 1089 factum
878 1049 1020 1080 Domino
1036 1048 1275 1090 Arclziepiscopo
1293 1049 1521 1081 cantuariensi
1537 1050 1575 1081 de
1590 1054 1617 1081 et
1633 1059 1728 1090 super
1745 1048 1824 1080 Gon-

450 1093 613 1126 vocacione
625 1093 827 1133 predicta,—

407 1137 610 1174 Reverendo,
622 1140 694 1174 etc„
707 1136 849 1166 Domino
858 1135 1033 1173 WillelmO,
1045 1135 1106 1166 Dei
1117 1136 1224 1175 gracia
1236 1136 1466 1168 Cantuariensi
1478 1135 1741 1176 Archiepiscopo,
1753 1138 1826 1172 etc,

449 1181 602 1218 Thomas,
620 1180 832 1210 miseracione
849 1179 967 1209 Divina
992 1178 1152 1209 Roffensis
1176 1179 1247 1218 (sic)
1274 1180 1465 1220 Episcopus,
1490 1179 1726 1215 obedienciam,
1751 1182 1824 1217 etc„

451 1224 578 1256 Literas
594 1223 800 1254 Venerabilis
818 1222 935 1260 Patris,
953 1222 1088 1252 Domini
1105 1222 1258 1261 Simonis,
1276 1223 1337 1253 Dei
1361 1224 1469 1263 gracia
1492 1223 1731 1254 Londoniensis
1748 1222 1824 1262 Epi-

450 1267 549 1308 scopi,
566 1270 686 1307 quarto
702 1266 755 1296 die
772 1266 893 1296 mensis
917 1265 1005 1303 Maii,
1023 1265 1216 1305 recepimus,
1233 1266 1267 1296 in
1291 1266 1350 1297 hec
1375 1267 1481 1304 verba,
1489 1266 1735 1304 —Reverendo,
1752 1269 1825 1303 etc„

451 1311 587 1348 Thome,
606 1309 666 1340 Dei
683 1309 791 1349 gracia
810 1309 987 1340 Exoniensi
1004 1308 1177 1348 Episcopo,
1198 1310 1324 1345 Simon,
1337 1313 1415 1348 etc„
1434 1314 1470 1340 ut
1486 1320 1597 1350 supra.
1649 1308 1734 1350 [The
1757 1312 1825 1339 rest

449 1354 483 1385 of
499 1354 557 1384 the
573 1363 654 1394 page
671 1352 797 1393 (nearly
814 1351 1020 1388 two-thirds)
1038 1362 1102 1382 was
1117 1352 1179 1383 left
1195 1352 1321 1392 blank]

409 1421 484 1458 The
503 1419 649 1468 Bislzop
678 1418 859 1467 appoints
887 1419 1065 1455 Proctors
1095 1424 1130 1455 to
1157 1426 1345 1466 represent
1373 1419 1454 1456 him
1473 1419 1516 1456 in
1536 1419 1612 1456 this
1642 1418 1828 1456 Convoca-

460 1474 609 1520 tion,—

407 1528 526 1559 Pateat
543 1526 704 1557 universis
720 1536 777 1567 per
794 1526 966 1557 Presentes
983 1526 1073 1568 quod
1090 1536 1158 1564 nos,
1175 1526 1329 1565 Thomas,
1342 1530 1418 1565 etc.‚
1433 1527 1606 1567 Magistros
1621 1525 1824 1557 Willelmum

451 1570 555 1612 Byde,
573 1570 751 1602 Officialem
768 1572 930 1608 nostrum,
949 1573 983 1600 et
999 1570 1185 1601 Johannem
1211 1570 1485 1610 Schillyngforde,
1504 1571 1631 1610 Legum
1655 1570 1826 1605 Doctores,

450 1625 543 1646 veros
550 1617 584 1644 et
596 1613 761 1653 legitimos
771 1616 901 1644 nostros
914 1613 1116 1651 ordinamus,
1129 1613 1278 1651 facimus,
1293 1617 1326 1643 et
1336 1613 1571 1644 constituimus
1587 1614 1825 1652 Procuratores,

452 1658 662 1697 negociorum
679 1657 842 1694 Gestores,
860 1659 894 1686 et
911 1657 1057 1687 Nuncios
1070 1657 1233 1696 speciales,
1245 1656 1449 1697 conjunctim
1463 1660 1497 1687 et
1507 1656 1648 1695 divisim,
1662 1660 1696 1686 et
1709 1666 1825 1696 quem-

450 1702 533 1732 libet
556 1710 670 1731 eorum
694 1700 884 1738 insolidum,
909 1700 956 1730 ita
979 1700 1068 1740 quod
1093 1710 1158 1730 non
1175 1700 1220 1730 sit
1236 1700 1351 1730 melior
1374 1700 1522 1730 condicio
1546 1700 1748 1739 occupantis,
1775 1702 1825 1729 set

451 1744 541 1785 quod
559 1754 646 1774 unus
664 1753 777 1774 eorum
795 1743 957 1782 inceperit
969 1744 1054 1774 alter
1069 1753 1183 1773 eorum
1201 1743 1363 1783 prosequi,
1382 1743 1526 1774 mediare
1549 1743 1656 1774 valeat
1672 1746 1706 1773 et
1722 1743 1825 1781 finire,

451 1789 492 1818 ad
516 1786 774 1827 comparendum
800 1796 857 1825 pro
880 1786 985 1824 nobis,
1012 1791 1047 1816 et
1072 1786 1205 1816 nomine
1233 1791 1355 1825 nostro,
1380 1796 1488 1817 coram
1515 1786 1718 1824 Reverendo,
1745 1789 1822 1824 etc.,

452 1830 629 1866 Willelmo,
647 1830 707 1860 Dei
731 1829 838 1869 gracia
863 1829 1093 1860 Cantuariensi
1117 1829 1379 1869 ArchiepiscopO,
1396 1832 1468 1867 etc.,
1486 1840 1522 1860 ac
1543 1830 1610 1860 suis
1628 1829 1824 1860 Commissa-

451 1874 508 1905 riis
528 1873 562 1903 in
586 1873 647 1903 hac
669 1879 763 1912 parte
787 1872 1063 1912 quibuscumque,
1087 1872 1119 1902 in
1145 1872 1289 1902 Ecclesia
1313 1873 1424 1903 Sancti
1450 1873 1542 1903 Pauli
1568 1873 1825 1911 Londoniarum,

452 1915 637 1957 penultimo
654 1916 707 1946 die
724 1915 845 1946 mensis
863 1915 940 1945 Maii
956 1916 1065 1945 adhuc
1088 1915 1249 1953 durantis,
1267 1916 1299 1945 in
1324 1916 1485 1955 solempni
1501 1926 1561 1946 sua
1581 1916 1825 1947 Convocacione

452 1960 740 1999 suffraganeorum
764 1968 909 1997 suorum,
937 1969 974 1989 ac
998 1958 1203 1989 Prelatorutn
1228 1961 1262 1989 et
1286 1958 1372 1989 Cleri
1395 1969 1452 1989 sue
1477 1959 1725 1990 Cantuariensis
1749 1959 1825 1989 Pro-

451 2003 566 2041 vineie,
583 2012 764 2042 causasque
780 2001 930 2032 absencie
946 2005 1058 2032 nostre
1074 2001 1296 2041 allegandum,
1314 2003 1576 2042 proponendum,
1594 2005 1637 2041 et,
1653 2002 1680 2032 si
1697 2012 1827 2032 necesse

452 2046 565 2084 fuerit,
583 2045 802 2086 probandum,
819 2045 852 2075 in
870 2045 1014 2075 animam
1039 2048 1186 2075 nostram
1211 2047 1383 2085 propterea
1403 2045 1596 2085 jurandum,
1614 2056 1650 2076 ac
1666 2045 1767 2075 eciam
1784 2045 1826 2076 ad

451 2089 676 2126 tractandum,
693 2088 807 2118 eodem
825 2088 968 2124 nomine,
987 2099 1062 2118 cum
1081 2088 1208 2128 prefato
1227 2089 1411 2118 Venerabili
1428 2089 1536 2124 Patre,
1553 2089 1691 2128 aliisque
1704 2088 1825 2119 Suffra-

451 2133 572 2172 ganeis,
597 2131 744 2170 Prelatis,
762 2135 796 2161 et
812 2131 907 2162 Clero
924 2141 983 2162 sue
1006 2131 1185 2169 Provincie,
1210 2142 1310 2171 super
1333 2132 1473 2171 negociis
1489 2132 1523 2162 in
1540 2132 1700 2162 Mandato
1722 2131 1826 2171 ipsius

454 2176 572 2213 Patris,
586 2186 625 2206 ex
637 2185 734 2205 causa
748 2175 1002 2205 Conrocaciouis
1015 2174 1210 2215 hujusmodi
1223 2175 1317 2206 nobis
1327 2175 1462 2214 directe,
1477 2175 1605 2215 plenius
1618 2175 1823 2215 expressatis,

453 2230 488 2250 ac
505 2222 586 2249 tunc
602 2218 733 2259 publice
750 2218 981 2258 proponendis,
1008 2228 1084 2248 cum
1108 2218 1359 2248 continuacione
1376 2222 1410 2249 et
1426 2219 1656 2258 prorogacione
1680 2218 1824 2255 dierum,

452 2263 478 2293 si
495 2261 690 2302 oportuerit,
707 2261 921 2301 sequencium
939 2272 946 2297 ;
964 2271 1100 2299 necnon,
1119 2261 1181 2291 hiis
1198 2272 1262 2300 que
1278 2262 1319 2291 de
1335 2262 1503 2292 communi
1514 2272 1647 2292 assensu
1660 2261 1822 2300 Suffraga-

452 2315 600 2343 neorum,
626 2305 843 2342 Prelatorum,
867 2308 901 2335 et
924 2303 1063 2335 aliorum
1096 2304 1328 2344 predictorum,
1352 2305 1394 2334 ad
1418 2305 1601 2336 utilitatem
1626 2304 1769 2335 Ecclesie
1792 2306 1827 2334 et

453 2349 540 2380 Cleri
564 2347 738 2388 Anglicani
760 2347 794 2377 in
819 2347 932 2378 eadem
957 2348 1133 2387 contigerit
1156 2348 1310 2386 ordinari,
1337 2348 1637 2385 consenciendum;
1668 2358 1704 2378 ac
1727 2357 1823 2387 gene-

451 2393 564 2423 raliter
580 2402 616 2422 ac
632 2391 817 2431 specialiter
839 2391 881 2421 ad
905 2391 1015 2421 omnia
1039 2391 1101 2421 alia
1118 2394 1152 2420 et
1167 2391 1295 2429 singula
1319 2391 1518 2429 faciendum,
1543 2391 1772 2429 exercendum,
1790 2393 1824 2420 et

452 2435 697 2476 expediendum
715 2445 780 2474 que
796 2444 855 2464 nos
872 2434 1054 2464 faceremus
1071 2436 1105 2464 et
1121 2434 1360 2473 expediremus,
1378 2434 1428 2464 vel
1445 2444 1595 2464 exercere
1618 2434 1823 2471 deberemus,

452 2479 480 2509 si
497 2481 666 2518 presentes
682 2477 806 2508 ibidem
822 2477 1066 2507 interessemus.
1117 2477 1162 2507 Et
1178 2487 1247 2514 nos,
1265 2477 1417 2516 Thomas,
1431 2477 1612 2517 Episcopus
1624 2477 1822 2515 antedictus,

452 2525 573 2560 ratum,
590 2520 754 2558 stabilem,
771 2524 806 2550 et
820 2520 954 2550 firmum
970 2519 1167 2550 habebimus
1182 2519 1428 2560 imperpetuum
1454 2520 1611 2560 quicquid
1628 2520 1727 2550 iidem
1746 2520 1824 2550 Pro-

453 2568 624 2595 curatores
652 2564 766 2601 nostri,
792 2566 853 2593 aut
886 2573 999 2594 eorum
1028 2563 1120 2601 alter,
1148 2563 1288 2594 fecerint
1315 2563 1365 2593 vel
1394 2563 1508 2594 fecerit
1533 2564 1567 2593 in
1597 2562 1764 2603 premissis
1790 2565 1824 2592 et

452 2607 590 2647 singulis
620 2607 866 2647 premissorum,
896 2607 958 2637 sub
988 2606 1151 2646 ypotheca
1183 2609 1217 2636 et
1246 2606 1448 2645 obligacione
1478 2606 1628 2636 omnium
1661 2606 1823 2636 bonorum

451 2655 640 2681 nostrorum
658 2650 876 2680 existencium
895 2649 1105 2689 ubicumque,
1123 2649 1343 2680 etc.-Dated
1360 2652 1395 2680 at
1413 2650 1492 2681 East
1509 2649 1661 2690 Horsley,
1679 2650 1718 2680 29
1737 2649 1822 2689 May.

408 2705 459 2742 Le
465 2705 594 2742 tters-l
604 2705 866 2753 >imissory,—

409 2758 541 2789 —John
553 2759 671 2798 Batyn,
685 2757 783 2792 clerk,
799 2757 816 2772 “
829 2757 871 2788 ad
884 2766 999 2787 omnes
1012 2756 1155 2787 Minores
1169 2755 1320 2792 Ordines,
1335 2759 1370 2787 et
1385 2755 1488 2786 eciam
1500 2757 1541 2787 ad
1552 2766 1666 2787 omnes
1679 2757 1793 2788 Sacros
1804 2757 1823 2770 '³

453 2800 617 2837 (London,
634 2802 671 2831 31
692 2800 793 2840 May).

411 2844 595 2876 —Miehael
611 2846 681 2874 atte
697 2843 797 2882 Lake,
816 2842 915 2881 clerk,
936 2843 953 2857 “
967 2842 1153 2874 consimiles
1169 2842 1379 2873 Dimissorias
1393 2841 1412 2855 ''
1431 2842 1533 2882 (same
1549 2841 1651 2884 date).
