1987 3062
419 225 708 259 REGISTRUM
734 224 1188 259 COMMUNE-ANNO
1217 213 1310 259 11⁰.
1520 213 1613 259 433

80 324 155 351 AD·
235 329 344 358 vestre
367 329 566 360 Paternitati
589 329 765 360 reverende
789 329 995 367 mandamini,
1020 328 1161 359 firmiter
1191 327 1416 368 injungentes,
1441 326 1611 367 quatinus,

80 360 171 418 {733⁰}
236 374 384 401 scrutato
402 372 552 412 Registro
568 376 686 411 vestro,
706 373 958 403 Ordinacionem
976 372 1168 412 predictam,
1180 382 1236 402 seu
1255 381 1364 401 veram
1382 371 1508 410 copiam
1525 369 1612 409 ejus-

137 413 143 418 '
174 413 180 419 ⁴
236 414 322 451 dem,
349 415 438 446 (licto
467 416 610 446 Domino
636 417 783 454 Officiali,
809 416 913 454 nobis,
937 420 996 446 aut
1023 415 1078 445 alii
1105 415 1192 445 dicte
1221 414 1319 446 Cui-ie
1348 413 1542 451 Presidenti,
1570 413 1611 442 ad

234 457 412 488 Ecclesiam
431 459 532 490 Beate
550 460 651 490 Marie
667 461 708 489 de
726 460 878 490 Arcubus
902 459 1096 499 predictam,
1113 458 1263 498 proximo
1287 458 1339 488 die
1363 457 1512 488 Juridico
1537 459 1612 496 post

81 497 132 524 fol.
236 501 373 531 Festum
403 502 518 532 Sancti
542 502 711 541 Bonifacii,
738 503 901 543 Episcopi,
925 501 1075 542 proximo
1097 502 1263 539 futurum,
1286 501 1349 531 sub
1372 500 1479 540 sigillo
1503 502 1611 529 vestro

83 533 143 558 S4b.
234 543 375 575 fideliter
391 545 630 576 transmittatis
646 546 817 577 inclusam.
865 546 914 576 De
930 545 991 583 die,
1011 555 1097 583 vero,
1114 545 1313 584 recepcionis
1338 543 1559 580 Presencium,
1577 546 1611 572 et

233 587 315 626 quid
338 588 371 618 in
396 589 564 628 premissis
586 589 742 626 feceritis,
761 589 889 620 dictum
915 589 1097 619 Dominum
1121 588 1310 625 Officialem,
1328 598 1398 625 1103,
1425 590 1485 617 aut
1507 586 1610 616 alium

234 630 322 661 dicte
341 631 439 662 Curie
457 632 694 671 Presidentem,
712 633 809 662 dictis
826 633 878 662 die
895 635 927 662 et
950 632 1031 669 loeo,
1052 631 1230 662 certificare
1253 631 1377 661 curetis
1402 640 1458 670 per
1482 629 1610 660 Literas

234 677 369 712 vestras,
388 678 449 706 etc.
475 676 598 714 (Dated
618 676 767 713 London,
788 677 805 706 9
824 676 1110 714 May).-—Verum,
1136 675 1215 714 quia
1238 674 1308 705 aliis
1332 674 1444 704 arduis
1468 672 1610 712 negociis

236 717 358 756 Regiis,
385 722 418 748 et
443 719 586 749 Ecclesie
609 722 731 757 nostre,
756 719 986 758 multipliciter
1009 718 1184 758 prepediti,
1208 728 1274 748 non
1302 727 1479 757 possumus
1502 716 1609 746 eidem

235 760 326 790 Parti
355 762 549 801 querelanti,
574 762 660 792 infra
687 768 820 802 tempus
847 762 941 792 nobis
968 762 1001 792 in
1030 762 1120 792 dicto
1144 761 1302 791 Mandato
1326 763 1436 790 vestro
1459 759 1611 798 superius

236 803 430 842 limitatum,
459 815 560 845 super
590 805 758 845 premissis
789 805 894 835 facere
920 805 1054 845 justicie
1081 804 1375 844 complementum,
1404 813 1464 833 nec
1487 803 1610 833 dictam

237 846 370 878 Partem
387 849 590 888 querelatam
616 849 726 886 citare,
744 849 898 878 volumus
922 852 956 878 et
978 848 1189 878 concedimus
1213 848 1303 887 quod
1327 848 1454 877 dictum
1480 845 1612 886 querele

235 891 417 930 negocium,
436 901 512 922 cum
535 892 690 922 omnibus
706 892 775 922 suis
798 892 1054 931 emergentibus,
1073 891 1349 931 dependentibus.
1375 889 1611 926 incidentibus,

235 936 269 963 et
284 936 450 973 connexis,
468 935 501 965 in
519 935 645 975 prefata
663 935 764 966 Curia
786 938 959 973 tractetur,
977 938 1011 965 et
1034 935 1067 965 in
1092 934 1207 965 eadem
1231 934 1295 964 fine
1318 933 1432 964 debito
1455 932 1610 963 termine-

236 978 460 1008 tur.—Dated
478 979 627 1016 London,
646 980 685 1009 24
703 978 794 1018 July.

84 1037 152 1063 Sap-

85 1079 162 1096 TEM·
192 1040 247 1078 St.
271 1041 456 1089 Clether3
485 1042 725 1091 ›S'equestrum
754 1044 796 1080 z'n
815 1043 1012 1091 fructibus
1042 1042 1212 1079 Rectorz'e
1240 1041 1376 1079 Sancti
1409 1040 1548 1086 Oledrzff,
1581 1046 1614 1076 et

83 1112 149 1131 nme.
249 1095 402 1144 Capelle
421 1110 483 1134 seu
504 1097 690 1135 Cantarz'e
709 1111 770 1134 sue
788 1098 896 1145 apud
914 1098 1097 1134 Sanctum
1117 1097 1387 1141 Austolmnff-

193 1148 346 1188 Thomas,
367 1153 436 1189 etc.,
457 1151 595 1182 Officiali
611 1155 722 1182 nostre
740 1151 916 1182 Peculiaris
942 1150 1193 1182 Jurisdiccionis
1209 1150 1243 1180 in
1262 1150 1440 1188 cornubia,
1458 1148 1612 1186 salutem,

236 1194 398 1224 etc—Ad
425 1197 573 1225 nostram
603 1195 809 1225 audienciam
839 1198 890 1224 est
919 1194 1103 1224 deductum
1131 1194 1220 1233 quod
1254 1193 1414 1223 Ricardus
1443 1192 1616 1230 Whitfote,

237 1237 357 1267 Rector
381 1237 526 1268 Ecclesie
551 1238 748 1268 Parochialis
773 1238 887 1269 Sancti
914 1237 1034 1275 Cledri,
1064 1237 1098 1268 in
1124 1237 1293 1268 Coi-nubia
1320 1237 1480 1276 predicta,
1505 1235 1616 1274 plures

237 1280 387 1311 defectus
411 1281 572 1311 notabiles
595 1285 666 1312 tam
689 1281 723 1311 in
749 1281 910 1312 Cancellis
934 1281 1078 1311 Ecclesie
1103 1281 1248 1320 predicte
1279 1283 1313 1310 et
1346 1279 1477 1319 Capelle
1502 1278 1616 1309 Sancti

237 1323 414 1362 Michaelis,
439 1325 474 1354 in
503 1324 673 1356 Cimiterio
706 1325 849 1354 Ecclesie
877 1324 990 1355 Sancti
1017 1324 1159 1361 Austoli,
1192 1323 1336 1353 Ecclesie
1367 1322 1481 1353 Sancti
1506 1321 1617 1353 Cledri

238 1376 374 1405 annexe,
392 1377 492 1407 quam
509 1368 541 1397 in
560 1367 715 1398 domibus
732 1371 767 1398 et
790 1368 950 1398 clausuris
967 1367 1118 1407 ejusdem
1139 1367 1292 1397 Rectorie
1308 1370 1342 1396 et
1359 1366 1491 1406 Capelle
1516 1365 1615 1405 perti-

240 1410 407 1447 nentibuS,
426 1421 486 1440 sua
503 1411 705 1451 negligencia
721 1415 755 1441 et
770 1411 897 1440 incuria
914 1411 1059 1441 dimittit
1075 1411 1203 1440 notorie
1226 1410 1425 1440 incorrectos
1442 1419 1450 1447 ;
1473 1419 1533 1439 nec
1557 1408 1617 1438 Ec-

239 1453 333 1482 clesie
357 1460 416 1484 aut
441 1454 573 1493 Capelle
597 1454 732 1493 prefatis
756 1454 885 1492 officiat,
912 1458 951 1484 ut
975 1457 1118 1492 tenetur,
1144 1458 1195 1483 set
1218 1453 1259 1483 ab
1283 1453 1338 1490 eis,
1356 1453 1481 1492 absque
1504 1454 1618 1482 nostra

239 1496 390 1526 Licencia
413 1500 448 1526 et
471 1507 569 1527 causa
591 1497 790 1535 racionabili,
809 1498 841 1527 in
866 1508 964 1535 grave
987 1497 1096 1527 anime
1113 1507 1170 1527 sue
1189 1496 1384 1536 periculum,
1402 1506 1436 1526 se
1451 1495 1615 1525 absentat.

238 1539 349 1577 Vobis,
374 1540 486 1578 igitur,
504 1541 756 1578 committimus,
783 1544 855 1579 etc„
880 1541 1048 1580 quatinus,
1073 1540 1101 1570 si
1124 1543 1176 1570 est
1198 1540 1254 1577 ita,
1272 1540 1413 1577 fructus,
1438 1542 1514 1576 etc.,
1539 1537 1620 1568 dicti

240 1582 375 1613 Domini
403 1583 542 1621 Ricardi,
572 1587 642 1614 tam
673 1588 842 1624 presentes
873 1594 973 1623 quam
998 1584 1141 1621 futuros,
1165 1583 1253 1613 infra
1275 1586 1423 1613 nostram
1454 1582 1618 1613 Diocesim

239 1625 430 1663 existentes,
448 1627 481 1656 in
505 1637 795 1667 quorumcumque
811 1627 966 1657 manibus
990 1627 1125 1664 fuerint,
1143 1626 1367 1666 sequestretis,
1386 1629 1420 1656 et
1443 1625 1506 1656 sub
1529 1625 1619 1655 salvo

239 1670 399 1700 custodiri
414 1670 545 1701 faciatis
562 1670 751 1710 Sequestro,
770 1681 945 1710 quousque
968 1670 1206 1709 indempnitati
1223 1669 1389 1700 dictarum
1417 1668 1559 1699 Ecclesie
1582 1671 1617 1698 et

239 1712 380 1752 Capelle,
398 1723 464 1753 quo
480 1714 521 1743 ad
539 1714 779 1753 reparacionem
798 1714 1002 1753 hujusmodi,
1021 1713 1123 1743 fuerit
1139 1713 1318 1753 provisum,
1336 1715 1371 1742 et
1394 1712 1485 1742 aliud
1507 1711 1585 1742 inde
1601 1721 1619 1742 a

237 1755 330 1785 nobis
349 1756 531 1787 habueritis
547 1757 581 1787 in
599 1757 931 1788 mandatis-Dated
945 1760 979 1787 at
994 1756 1180 1797 Faringdon
1193 1756 1337 1795 (Hants),
1355 1756 1393 1786 18
1411 1755 1618 1796 September.

195 1820 355 1868 Lift0n3
385 1822 446 1858 Sir
465 1822 611 1859 Robert
634 1822 829 1868 Raundes,
854 1823 968 1867 R,—

196 1874 333 1905 Licence
349 1875 383 1905 of
399 1877 647 1906 non-residence
664 1876 714 1906 for
730 1887 749 1907 a
764 1887 863 1916 year3
888 1877 950 1906 and
970 1876 1028 1907 the
1053 1876 1303 1917 Sequestration
1328 1875 1363 1905 of
1386 1875 1437 1906 his
1460 1885 1620 1905 revenues

238 1919 392 1949 removed
411 1919 574 1958 (London,
593 1920 633 1951 30
651 1920 767 1960 Sept).

195 1984 651 2035 Letters-Dimissory‚—

195 2038 284 2069 John
301 2039 440 2079 Averey,
458 2039 589 2078 deacon,
609 2040 678 2070 “ad
696 2039 855 2071 Ordinem
875 2039 1119 2070 presbiteratus
1134 2039 1151 2051 ’‘
1169 2039 1272 2078 (same
1290 2039 1390 2078 date).

87 2100 183 2127 Ocro-
203 2103 398 2141 Oratories
416 2117 424 2149 3
460 2105 611 2142 Lv'cence
632 2112 667 2142 to
686 2105 929 2150 celebrate,—

88 2143 155 2161 ΒΗΚ
197 2157 294 2196 Item,
320 2157 453 2196 ibidem,
477 2158 557 2198 iiijt‘J
580 2159 633 2188 die
657 2159 818 2197 Octobris,
843 2159 971 2189 Nobilis
997 2159 1125 2195 Mulier,
1151 2158 1294 2188 Domina
1317 2157 1480 2195 Johanna,
1505 2157 1618 2187 relicta

239 2202 407 2240 quondam
439 2202 568 2232 Nobilis
595 2202 676 2240 Viri,
701 2203 837 2232 Domini
862 2201 1027 2233 Jo'nannis
1057 2202 1278 2239 Beaumonde,
1306 2201 1430 2238 Militis,
1455 2201 1616 2238 defuncti,

238 2244 356 2274 habuit
381 2245 564 2275 Licenciam
591 2246 632 2275 de
662 2245 818 2276 celebrari
847 2245 1007 2283 faciendo,
1032 2249 1107 2283 etc,
1132 2245 1165 2275 iu
1198 2244 1340 2284 Capellis
1371 2254 1428 2274 seu
1458 2244 1618 2274 Oratoriis

237 2287 323 2317 iufra
342 2288 486 2318 Maneria
503 2298 562 2318 sua
578 2299 634 2318 seu
654 2288 888 2319 Habitaciones
912 2289 1115 2329 ubicumque
1138 2288 1224 2318 infra
1241 2291 1370 2318 nostras
1387 2287 1566 2318 Civitatem
1584 2290 1618 2317 ct

240 2330 404 2361 Diocesim
423 2331 625 2362 Exonienses
641 2331 766 2362 situata
784 2343 790 2369 ;
815 2332 988 2372 quamdiu,
1008 2336 1069 2362 etc.

196 2390 349 2436 Exeter‚
372 2391 427 2427 St.
451 2391 751 2440 Mary-Arches3
781 2391 842 2428 Sir
861 2391 966 2428 John
990 2391 1102 2441 Frye,
1124 2391 1240 2435 R,—

195 2444 332 2475 Licence
349 2444 383 2474 of
398 2445 648 2475 non-residence
666 2445 684 2459 *ι
697 2455 794 2475 causa
811 2445 915 2475 studii
929 2445 946 2457 '’
964 2445 1128 2484 (London,
1147 2445 1164 2474 6
1183 2444 1279 2482 Oct).

195 2503 455 2552 Redemption
476 2505 516 2541 of
536 2504 719 2553 Captives
737 2518 745 2550 3
774 2504 803 2541 I
802 2505 1029 2553 mlzdfsencz'a
1042 2518 1117 2552 pro
1137 2504 1365 2552 captivis,—

195 2557 292 2596 Item,
309 2557 442 2596 ibidem,
459 2558 493 2598 xj
511 2558 564 2588 die
581 2558 743 2596 Octobris,
762 2558 926 2589 Dominus
943 2558 1104 2589 concessit
1122 2558 1155 2588 xl
1178 2558 1247 2588 dies
1271 2557 1486 2597 Indulgencie
1509 2558 1613 2588 omni-

238 2600 300 2630 bus
317 2611 436 2631 manus
451 2601 632 2641 adjutrices
650 2602 895 2641 porrigentibus
911 2602 953 2631 ad
972 2601 1249 2641 Redempciouem
1277 2601 1413 2631 Henrici
1438 2601 1611 2641 Chyvaler,

238 2643 375 2674 Roberti
402 2645 509 2683 Blake,
534 2644 696 2675 Johannis
724 2645 878 2684 Dighere,
907 2645 1071 2675 Joha1111is
1096 2645 1189 2682 Stile,
1215 2647 1249 2675 et
1274 2644 1429 2674 Willelmi
1454 2645 1612 2683 Godzme,

236 2687 452 2726 marinorum,
471 2699 526 2727 per
542 2688 692 2718 inimicos
709 2691 742 2718 et
758 2688 880 2728 piratas
898 2688 1033 2718 Francie
1058 2691 1230 2728 captorum
1247 2698 1255 2725 ;
1280 2698 1385 2728 usque
1408 2688 1450 2718 ad
1474 2688 1613 2719 Festum

238 2730 483 2761 Purificacionis
502 2732 601 2761 Beate
620 2730 720 2761 Marie
737 2732 887 2771 proximo
899 2741 987 2762 nunc
1004 2732 1160 2762 futurum
1172 2731 1408 2761 tantummodo
1423 2731 1612 2762 duraturas.

86 2786 254 2827 s0¹·8⁵-St.
278 2791 417 2841 Hilary
433 2804 444 2838 3
474 2791 709 2828 Illaozdatum
729 2797 862 2828 contra
879 2791 916 2828 J.
940 2791 1144 2829 Browdrer
1162 2793 1310 2840 ejusque
1319 2792 1507 2840 fautores,
1536 2798 1611 2838 etc„

224 2849 308 2892 *ΖΕ
