1987 3062
288 262 382 307 380

287 375 362 417 A-P·

287 411 332 434 131
356 429 362 435 .

292 442 351 468 Vol.
366 444 389 471 I.

284 1568 329 1594 sol,
345 1570 385 1594 68.

491 275 591 309 THE
628 275 866 310 REGISTER
904 276 963 309 OF
999 274 1177 310 BISHOP
1212 274 1613 312 BRANTYNGHAM.

443 382 548 418 parte,
577 382 698 419 quarto
728 379 781 409 die
812 378 934 409 mensis
959 379 979 409 J
984 379 1053 409 unii
1080 378 1231 418 proximo
1256 378 1326 419 jam
1353 379 1480 416 futuro,
1505 378 1709 419 ubicumque
1736 380 1818 408 tunc

443 422 607 453 fuerimus
623 423 656 452 in
674 426 789 453 nostra
807 422 953 453 Civitate
970 422 1018 452 vel
1039 422 1178 460 Dioeesi,
1195 433 1338 460 causam,
1356 423 1382 453 si
1406 433 1505 463 quam
1530 433 1590 462 pro
1613 432 1647 452 se
1670 421 1817 452 habeant

443 466 685 496 racionabilem.
713 476 815 505 quai-e
842 465 884 495 ad
911 465 1080 505 premissa,
1107 465 1207 506 juxta
1230 466 1485 496 submissionem
1508 476 1603 496 suam
1625 465 1818 505 juramento

439 509 606 547 vallatam,
625 512 660 539 et
676 509 931 540 Ordinacionem
956 512 1105 539 nostram
1129 509 1247 539 saltem
1272 509 1490 549 temporalem
1508 509 1723 549 postmodum
1740 507 1817 538 sub-

439 555 597 590 secutam,
616 563 716 593 quam
734 563 800 591 quo
815 552 857 582 ad
875 563 963 582 nunc
979 552 1193 582 imminentes
1209 552 1361 583 defectus
1377 552 1587 583 restriximus
1607 551 1818 591 reparandos,

440 606 498 635 per
515 606 582 632 nos,
597 606 635 625 ex
651 595 765 626 Officio
782 598 905 633 nostro,
923 596 1077 635 compelli
1094 606 1158 625 non
1176 595 1321 626 debeant
1336 596 1499 627 Canonice
1511 598 1546 626 et
1558 595 1670 633 artari,
1682 594 1815 631 dicturi,

439 639 623 677 allegaturi,
652 642 687 669 et
714 639 918 678 proposituri
944 639 1057 669 debite
1084 642 1119 669 et
1146 639 1178 669 in
1207 639 1339 679 scriptis
1356 650 1364 676 ;
1396 639 1606 678 ulteriusque
1632 638 1756 668 facturi
1783 640 1818 667 et

438 682 605 722 recepturi
622 682 711 722 quod
729 682 922 721 hujusmodi
938 682 1065 722 negocii
1081 682 1225 722 qualitas
1242 683 1427 722 poposcerit
1443 686 1478 712 et
1496 684 1627 712 natura.
1675 682 1719 712 Et
1735 680 1817 721 quid

439 725 473 755 in
490 726 657 765 premissis
674 725 818 755 feceritis
834 736 902 763 nos,
920 736 977 755 seu
991 726 1120 756 dictum
1134 730 1287 756 nostrum
1300 725 1581 763 Commissarium,
1594 725 1684 755 dicto
1696 726 1817 764 quarto

439 769 492 799 die
513 769 635 799 mensis
658 769 678 800 J
682 769 761 806 unii,
780 769 892 799 debite
915 769 1096 799 certificare
1120 769 1244 800 curetis
1269 779 1326 809 per
1349 769 1478 800 Literas
1501 771 1628 799 vestras
1651 770 1815 808 patentes,

439 812 651 842 Presencium
668 822 743 842 cum
762 815 886 851 tenore,
903 812 1010 852 sigillo
1026 812 1128 843 vestri
1143 813 1249 843 Officii
1265 813 1428 843 veraciter
1439 810 1816 852 consignatas—Dated

437 859 472 885 at
490 855 689 895 Chudleigh,
711 857 728 885 2
746 855 832 896 May.

395 909 612 958 Impostors
633 909 840 955 eollecting
860 909 958 945 alms
976 922 985 955 3
1017 909 1250 946 Mandatum
1263 910 1470 957 profitlsz's
1490 909 1789 958 ques-toribus,—

394 963 547 1001 Thomas,
574 966 646 1001 etc.r
672 963 920 993 Archidiaconis
944 963 1079 1001 Exonie,
1104 963 1270 1001 Tottonie,
1296 963 1555 1003 Barnastapolie,
1579 966 1614 994 et
1638 961 1815 999 Cornubie,

438 1017 496 1036 seu
527 1017 641 1036 eorum
667 1006 879 1041 Officialibus,
903 1006 1057 1044 salutem,
1081 1007 1293 1037 ete—Fama
1315 1007 1447 1046 publica
1470 1007 1645 1044 referente,
1669 1005 1817 1045 factique

437 1050 653 1089 experiencia,
681 1050 903 1089 comperimus
930 1050 1019 1089 quod
1047 1050 1199 1080 nonnulli
1230 1055 1411 1090 quest-ores,
1439 1060 1515 1080 cum
1546 1050 1637 1080 falsis
1664 1052 1699 1080 et
1730 1048 1816 1079 fictis

436 1093 551 1129 literis,
569 1093 739 1123 fabricatis
762 1093 886 1132 sigillis,
903 1103 922 1122 a
946 1093 1030 1123 Sede
1051 1093 1237 1132 Apostolica
1260 1097 1294 1124 et
1318 1093 1421 1131 nobis,
1439 1099 1479 1124 ut
1503 1092 1709 1124 mendaciter
1731 1101 1815 1122 asse-

434 1140 525 1173 runt,
543 1136 750 1176 impetratas,
768 1136 943 1166 abusiones
964 1136 1202 1176 infrascriptas,
1219 1136 1253 1166 in
1269 1137 1316 1167 eis
1332 1140 1516 1175 contentas,
1534 1136 1567 1167 in
1591 1135 1715 1166 nostris
1732 1134 1817 1166 Civi-

438 1183 508 1210 tate
531 1183 566 1210 et
590 1180 728 1217 Diocesi,
746 1180 778 1209 in
802 1179 991 1209 animarum
1014 1180 1254 1219 decepcionem,
1279 1184 1318 1210 ut
1341 1180 1515 1220 pecuniam
1538 1180 1669 1219 aliaque
1691 1179 1778 1209 bona
1799 1188 1819 1208 a

436 1223 559 1263 populo
582 1223 677 1253 nobis
699 1222 836 1253 subdito
862 1226 1063 1262 extorquere
1088 1223 1229 1260 valeant,
1253 1234 1363 1254 coram
1389 1223 1484 1254 Clero
1507 1226 1542 1254 et
1564 1222 1696 1263 populo,
1721 1221 1816 1262 quasi

437 1266 736 1306 pseudoprophete,
754 1269 794 1297 ut
809 1266 974 1305 simplices
991 1266 1167 1305 decipiant,
1185 1266 1219 1297 in
1236 1266 1313 1297 loeis
1332 1266 1472 1306 publicis
1496 1267 1669 1307 predicant
1691 1264 1815 1296 fallaci-

437 1313 489 1340 ter
513 1312 547 1340 et
570 1312 772 1349 proponunt,
796 1320 842 1347 ac,
860 1319 925 1339 non
949 1309 1019 1340 sine
1043 1310 1151 1340 multa
1174 1310 1375 1341 temeritatis
1397 1310 1534 1341 audacia
1560 1313 1595 1340 et
1621 1308 1817 1349 decepcione

437 1353 615 1392 multiplici
641 1353 839 1390 animarum,
866 1353 1098 1392 Indulgencias
1125 1354 1256 1393 populo,
1282 1357 1377 1384 motu
1408 1364 1468 1384 suo
1495 1353 1637 1394 proprio,
1662 1352 1703 1383 de
1726 1352 1816 1382 facto

436 1397 649 1434 coneedunt3
680 1407 780 1436 super
802 1396 889 1427 votis
912 1396 1132 1436 dispensant3
1162 1407 1181 1427 a
1205 1397 1369 1437 perjuriis,
1393 1397 1590 1435 homicidiis,
1613 1400 1648 1426 et
1672 1395 1814 1436 peccatis

435 1440 507 1470 aliis
538 1440 600 1470 sibi
630 1440 829 1470 confitentes
859 1440 1063 1475 absolvunt;
1099 1440 1184 1470 male
1215 1440 1334 1478 ablata,
1359 1441 1486 1472 incerta
1509 1441 1589 1471 data
1611 1439 1673 1470 sibi
1703 1439 1814 1479 aliqua

434 1483 572 1523 pecunie
589 1483 791 1523 quantitate,
809 1483 992 1514 remittunt
1010 1493 1017 1521 3
1041 1483 1179 1513 terciam
1194 1486 1255 1514 aut
1271 1486 1426 1524 quartam
1444 1488 1574 1523 partem
1598 1483 1639 1513 de
1662 1482 1812 1523 peniten-

435 1527 492 1557 ciis
516 1527 678 1566 injunctis
702 1527 877 1563 relaxant;
901 1527 1028 1556 animas
1051 1530 1120 1557 tres
1145 1527 1192 1557 vel
1218 1527 1330 1566 plures
1354 1531 1533 1567 parentum
1557 1527 1607 1557 vel
1630 1526 1813 1556 amicorum

436 1570 570 1600 illorum
594 1571 652 1609 qui
676 1570 869 1600 elemosinas
893 1570 939 1600 eis
962 1570 1141 1601 conferunt
1164 1571 1205 1600 de
1230 1571 1427 1610 Purgatorio
1453 1581 1487 1601 se
1513 1580 1608 1610 posse
1638 1569 1814 1600 extrahere

438 1614 643 1644 mendaciter
665 1617 856 1644 asseverant
875 1624 881 1650 ;
904 1613 1173 1644 benefactoribus
1196 1614 1344 1644 locorum
1368 1624 1512 1654 quorum
1535 1616 1708 1654 questores
1731 1612 1813 1642 exis-

434 1660 516 1687 tunt
532 1657 757 1687 remissionem
776 1656 957 1696 plenariam
975 1660 1187 1696 peccatorum
1211 1657 1388 1697 indulgent
1407 1668 1413 1695 ;
1436 1657 1652 1697 ipsorumque
1674 1655 1811 1696 plurimi

433 1711 488 1730 eos
511 1711 530 1730 a
552 1711 637 1740 pena
660 1704 694 1731 et
717 1700 822 1739 culpa,
842 1703 880 1730 ut
908 1710 1020 1730 eorum
1039 1700 1148 1730 verbis
1172 1704 1319 1738 utamur,
1336 1700 1525 1739 absolvunt,
1542 1703 1660 1731 cont-ra
1676 1701 1812 1730 Sancto-

434 1754 509 1773 rum
545 1744 682 1774 Patrum
716 1744 859 1774 Decreta
884 1743 1062 1774 salubriter
1089 1743 1180 1774 edita
1207 1744 1240 1774 in
1268 1743 1329 1774 hac
1357 1747 1460 1784 parte.
1507 1744 1585 1782 Nos,
1610 1743 1724 1783 igitur,
1748 1742 1812 1772 hiis

435 1786 626 1826 periculosis
642 1786 786 1824 ausibus,
804 1797 863 1826 per
879 1797 961 1826 quos
986 1787 1102 1817 Claves
1126 1787 1270 1817 Ecclesie
1294 1787 1368 1827 plus
1391 1787 1489 1818 solito
1512 1789 1809 1826 contempnuntur,

433 1830 662 1860 Ecclesiastica
678 1830 806 1860 vilescit
821 1830 1013 1868 auctoritas,
1032 1830 1246 1870 pluriumque
1259 1834 1451 1861 nostrorum
1467 1831 1679 1861 subditorum
1691 1829 1810 1867 anime,

431 1884 584 1913 quarum,
608 1884 648 1903 ex
672 1873 786 1903 Officio
810 1873 981 1911 pastorali,
1005 1873 1155 1913 cogimur
1177 1874 1278 1904 saluti
1302 1874 1496 1913 prospicere,
1521 1884 1561 1904 ex
1585 1873 1753 1913 premissis
1776 1875 1811 1904 et

432 1917 504 1946 aliis
521 1916 760 1956 multiplicitur
783 1916 890 1946 indies
911 1919 991 1946 sunt
1008 1917 1155 1956 decepte,
1173 1927 1344 1947 occurrere
1367 1917 1539 1957 cupientes
1555 1928 1562 1954 ;
1587 1917 1688 1954 vobis,
1705 1916 1809 1946 omni-

433 1960 494 1990 bus
511 1962 545 1990 et
561 1959 708 1999 siugulis,
726 1959 759 1989 in
778 1960 904 1990 virtute
922 1959 1129 1997 Obediencie,
1146 1970 1183 1990 ae
1199 1960 1262 1990 sub
1285 1960 1422 2000 Majoris
1448 1959 1810 1991 Excommunicacionis

432 2014 525 2042 pena,
542 2003 729 2033 disti-iccius
752 2002 951 2039 inhibemus,
968 2013 1005 2032 ae
1021 2013 1080 2042 per
1097 2013 1153 2033 vos
1169 2003 1324 2033 omnibus
1347 2007 1382 2034 et
1405 2004 1544 2043 singulis
1567 2003 1711 2034 subditis
1735 2013 1808 2033 nos·

430 2046 502 2083 tris,
522 2049 689 2086 quatenus
712 2046 805 2076 xobis
827 2028 981 2084 subsunt,
998 2046 1141 2076 inhiberi
1157 2046 1311 2077 volumus
1335 2048 1369 2077 et
1393 2047 1599 2084 mandamus,
1617 2057 1659 2077 ne
1681 2046 1810 2086 aliquos

430 2093 602 2129 questoies
619 2089 813 2129 hujusmodi
836 2089 877 2119 de
900 2071 1020 2119 ceteio.
1036 2089 1100 2119 nisi
1125 2089 1252 2120 Literas
1276 2093 1417 2128 nostias,
1435 2094 1510 2131 post
1533 2090 1562 2120 d
1557 2093 1648 2121 itam
1673 2090 1808 2120 Presen-

429 2133 518 2163 cium
534 2133 711 2169 confectas
728 2136 843 2163 nostro
859 2132 974 2172 sigillo,
994 2143 1059 2163 una
1075 2143 1150 2163 cum
1168 2133 1383 2172 impressione
1398 2134 1490 2168 anuli
1536 2132 1553 2148 ⁴⁶
1623 2132 1640 2148 ⁷‘
1709 2132 1727 2147 ⁴⁶
1788 2131 1806 2147 '⁶

430 2175 470 2216 [Ἰ
474 2176 514 2206 he
532 2177 639 2215 Entry
658 2176 740 2206 ends
756 2176 842 2215 hexe,
861 2186 956 2216 space
971 2176 1024 2206 for
1040 2176 1084 2207 its
1100 2177 1301 2217 completion
1319 2177 1351 2215 (8
1368 2176 1464 2216 lines)
1481 2176 1604 2218 having
1626 2176 1710 2208 been
1733 2176 1806 2215 left,

430 2219 494 2250 but
512 2230 611 2250 never
628 2219 790 2258 utilized.]

387 2284 567 2333 Cotleigh
589 2282 849 2335 [Cotteleghe,
873 2282 973 2336 MS]
991 2297 1001 2331 3
1031 2285 1091 2321 Sir
1110 2285 1278 2322 Thomas
1298 2284 1527 2335 Aspertone,
1548 2285 1664 2330 R„—

386 2338 524 2369 Licenee
540 2338 575 2368 of
591 2338 841 2368 noirresidence
864 2338 915 2368 for
938 2342 1004 2368 ‘two
1027 2349 1132 2378 years
1151 2339 1168 2352 “
1179 2339 1463 2379 contemplacione
1488 2338 1621 2369 Domini
1643 2337 1806 2369 «Iohannis

432 2381 599 2421 Dynham,
625 2381 766 2419 Militis;
790 2382 883 2419 dum,
908 2384 1031 2420 tamen,
1055 2382 1192 2413 steterit
1214 2382 1248 2412 iu
1272 2382 1437 2423 obsequiis
1461 2382 1613 2423 ejusdem
1635 2392 1694 2422 per
1717 2381 1805 2412 idem

429 2428 574 2465 tempus,
591 2425 675 2455 ete.”
700 2424 912 2465 (Chudleigh,
931 2427 949 2455 2
973 2425 1075 2465 May).

492 2574 712 2631 fflutarin
758 2574 891 2625 &mii
939 2573 1326 2626 consecracionis
1367 2576 1586 2628 wentini.

385 2660 522 2711 ginno
551 2660 729 2711 {amitini
759 2662 807 2701 nt
836 2672 977 2712 supra,
1009 2661 1049 2702 et
1079 2660 1428 2704 OEonzecraciouiss
1457 2661 1635 2714 &omini
1669 2661 1804 2713 glutto

438 2716 579 2755 octauo
613 2714 909 2765 incipiente,—

384 2779 713 2829 Illegitimacy‚-——

385 2833 482 2871 Item,
503 2833 696 2870 Cssditonie,
714 2833 946 2864 terciodecimo
963 2833 1016 2864 die
1039 2832 1190 2874 ejusdem
1213 2834 1336 2865 mensis
1359 2834 1446 2873 Maii,
1464 2834 1613 2866 exhibita
1635 2835 1702 2866 fuit
1725 2844 1801 2876 que-

426 2875 503 2906 dam
522 2876 735 2916 Dispensacio
758 2887 817 2917 pro
840 2880 936 2917 parte
959 2877 1085 2908 Thome
1109 2877 1281 2918 Geiveys3
1303 2888 1380 2909 cum
1403 2888 1469 2919 quo
1492 2878 1657 2910 Dominus
1680 2878 1803 2916 Simon,

1960 1399 1981 1466 arnse,
1960 1373 1963 1378 ·
