<?xml version="1.0" encoding="UTF-8"?>
<!DOCTYPE html PUBLIC "-//W3C//DTD XHTML 1.0 Transitional//EN"
    "http://www.w3.org/TR/xhtml1/DTD/xhtml1-transitional.dtd">
<html xmlns="http://www.w3.org/1999/xhtml" xml:lang="en" lang="en">
 <head>
  <title>
</title>
<meta http-equiv="Content-Type" content="text/html;charset=utf-8" />
  <meta name='ocr-system' content='tesseract 3.04.00' />
  <meta name='ocr-capabilities' content='ocr_page ocr_carea ocr_par ocr_line ocrx_word'/>
</head>
<body>
  <div class='ocr_page' id='page_1' title='image "./registerofthomas01cathuoft_0261.png"; bbox 0 0 1987 3062; ppageno 0'>
   <div class='ocr_carea' id='block_1_1' title="bbox 496 230 1708 277">
    <p class='ocr_par' dir='ltr' id='par_1_1' title="bbox 496 230 1708 277">
     <span class='ocr_line' id='line_1_1' title="bbox 496 230 1708 277; baseline 0.004 -5"><span class='ocrx_word' id='word_1_1' title='bbox 496 241 784 275; x_wconf 73' lang='lat' dir='ltr'><strong>REGISTRUM</strong></span> <span class='ocrx_word' id='word_1_2' title='bbox 821 241 1278 276; x_wconf 81' lang='lat' dir='ltr'>OOMMUNE—-ANNO</span> <span class='ocrx_word' id='word_1_3' title='bbox 1320 234 1379 276; x_wconf 89' lang='lat'>1⁰.</span> <span class='ocrx_word' id='word_1_4' title='bbox 1615 230 1708 277; x_wconf 82' lang='lat'>237</span> 
     </span>
    </p>
   </div>
   <div class='ocr_carea' id='block_1_2' title="bbox 177 347 1710 408">
    <p class='ocr_par' dir='ltr' id='par_1_2' title="bbox 177 347 1710 408">
     <span class='ocr_line' id='line_1_2' title="bbox 177 347 1710 408; baseline -0.003 -20"><span class='ocrx_word' id='word_1_5' title='bbox 177 348 368 408; x_wconf 49' lang='lat' dir='ltr'>ffissdThss*</span> <span class='ocrx_word' id='word_1_6' title='bbox 397 349 580 386; x_wconf 86' lang='lat' dir='ltr'>triennial</span> <span class='ocrx_word' id='word_1_7' title='bbox 611 349 740 387; x_wconf 84' lang='lat' dir='ltr'>Tenth</span> <span class='ocrx_word' id='word_1_8' title='bbox 770 349 937 399; x_wconf 80' lang='lat' dir='ltr'>granted</span> <span class='ocrx_word' id='word_1_9' title='bbox 966 354 1007 387; x_wconf 83' lang='lat' dir='ltr'>to</span> <span class='ocrx_word' id='word_1_10' title='bbox 1036 348 1104 385; x_wconf 87' lang='lat' dir='ltr'>the</span> <span class='ocrx_word' id='word_1_11' title='bbox 1135 347 1269 397; x_wconf 86' lang='lat' dir='ltr'>King;</span> <span class='ocrx_word' id='word_1_12' title='bbox 1308 348 1458 397; x_wconf 79' lang='lat' dir='ltr'>change</span> <span class='ocrx_word' id='word_1_13' title='bbox 1488 348 1528 384; x_wconf 82' lang='lat' dir='ltr'>of</span> <span class='ocrx_word' id='word_1_14' title='bbox 1565 347 1710 384; x_wconf 84' lang='lat' dir='ltr'>Collec-</span> 
     </span>
    </p>
   </div>
   <div class='ocr_carea' id='block_1_3' title="bbox 178 407 1707 1107">
    <p class='ocr_par' dir='ltr' id='par_1_3' title="bbox 178 407 490 448">
     <span class='ocr_line' id='line_1_3' title="bbox 178 407 490 448; baseline -0.01 -6"><span class='ocrx_word' id='word_1_15' title='bbox 178 417 242 442; x_wconf 87' lang='lat' dir='ltr'>v01.</span> <span class='ocrx_word' id='word_1_16' title='bbox 257 416 282 442; x_wconf 88' lang='lat'>1.</span> <span class='ocrx_word' id='word_1_17' title='bbox 341 407 490 448; x_wconf 72' lang='lat' dir='ltr'>tor-s,—</span> 
     </span>
    </p>

    <p class='ocr_par' dir='ltr' id='par_1_4' title="bbox 286 454 1707 1107">
     <span class='ocr_line' id='line_1_4' title="bbox 286 454 1706 495; baseline -0.001 -8"><span class='ocrx_word' id='word_1_18' title='bbox 286 457 546 495; x_wconf 83' lang='lat' dir='ltr'>Venerabilibus,</span> <span class='ocrx_word' id='word_1_19' title='bbox 575 460 648 495; x_wconf 64' lang='lat' dir='ltr'>etc.⁷</span> <span class='ocrx_word' id='word_1_20' title='bbox 677 458 829 488; x_wconf 76' lang='lat' dir='ltr'>Dominis</span> <span class='ocrx_word' id='word_1_21' title='bbox 859 456 1076 488; x_wconf 82' lang='lat' dir='ltr'>Thesaurario</span> <span class='ocrx_word' id='word_1_22' title='bbox 1101 459 1135 487; x_wconf 90' lang='lat' dir='ltr'>et</span> <span class='ocrx_word' id='word_1_23' title='bbox 1160 456 1345 487; x_wconf 86' lang='lat' dir='ltr'>Baronibus</span> <span class='ocrx_word' id='word_1_24' title='bbox 1365 456 1406 486; x_wconf 85' lang='lat' dir='ltr'>de</span> <span class='ocrx_word' id='word_1_25' title='bbox 1431 454 1608 494; x_wconf 69' lang='lat' dir='ltr'>scaccario,</span> <span class='ocrx_word' id='word_1_26' title='bbox 1633 459 1706 494; x_wconf 67' lang='lat' dir='ltr'>etc„</span> 
     </span>
     <span class='ocr_line' id='line_1_5' title="bbox 327 499 1705 540; baseline -0.001 -9"><span class='ocrx_word' id='word_1_27' title='bbox 327 500 480 539; x_wconf 76' lang='lat' dir='ltr'>Thomas,</span> <span class='ocrx_word' id='word_1_28' title='bbox 498 501 709 532; x_wconf 63' lang='lat' dir='ltr'>etc—Vobis</span> <span class='ocrx_word' id='word_1_29' title='bbox 725 504 844 531; x_wconf 86' lang='lat' dir='ltr'>notum</span> <span class='ocrx_word' id='word_1_30' title='bbox 861 501 1001 531; x_wconf 83' lang='lat' dir='ltr'>facimus</span> <span class='ocrx_word' id='word_1_31' title='bbox 1019 511 1076 540; x_wconf 88' lang='lat' dir='ltr'>per</span> <span class='ocrx_word' id='word_1_32' title='bbox 1094 501 1268 530; x_wconf 84' lang='lat' dir='ltr'>Presentes</span> <span class='ocrx_word' id='word_1_33' title='bbox 1292 500 1381 540; x_wconf 77' lang='lat' dir='ltr'>quod</span> <span class='ocrx_word' id='word_1_34' title='bbox 1406 499 1588 538; x_wconf 85' lang='lat' dir='ltr'>Religiosos</span> <span class='ocrx_word' id='word_1_35' title='bbox 1606 499 1705 537; x_wconf 82' lang='lat' dir='ltr'>viros,</span> 
     </span>
     <span class='ocr_line' id='line_1_6' title="bbox 328 543 1705 583; baseline -0.001 -9"><span class='ocrx_word' id='word_1_36' title='bbox 328 543 494 575; x_wconf 86' lang='lat' dir='ltr'>Abbatem</span> <span class='ocrx_word' id='word_1_37' title='bbox 520 544 711 574; x_wconf 83' lang='lat' dir='ltr'>Monasterii</span> <span class='ocrx_word' id='word_1_38' title='bbox 727 545 768 574; x_wconf 85' lang='lat' dir='ltr'>de</span> <span class='ocrx_word' id='word_1_39' title='bbox 784 545 885 575; x_wconf 81' lang='lat' dir='ltr'>Tol-re</span> <span class='ocrx_word' id='word_1_40' title='bbox 908 545 941 574; x_wconf 91' lang='lat' dir='ltr'>in</span> <span class='ocrx_word' id='word_1_41' title='bbox 969 544 1157 582; x_wconf 58' lang='lat' dir='ltr'>Exoniwsi,</span> <span class='ocrx_word' id='word_1_42' title='bbox 1179 543 1486 583; x_wconf 54' lang='lat' dir='ltr'>Barnastapolfflnsi,</span> <span class='ocrx_word' id='word_1_43' title='bbox 1504 546 1538 573; x_wconf 88' lang='lat' dir='ltr'>et</span> <span class='ocrx_word' id='word_1_44' title='bbox 1554 543 1705 573; x_wconf 84' lang='lat' dir='ltr'>Tottoni-</span> 
     </span>
     <span class='ocr_line' id='line_1_7' title="bbox 328 587 1706 628; baseline -0.001 -10"><span class='ocrx_word' id='word_1_45' title='bbox 328 587 407 626; x_wconf 86' lang='lat' dir='ltr'>ensi,</span> <span class='ocrx_word' id='word_1_46' title='bbox 425 598 461 618; x_wconf 85' lang='lat' dir='ltr'>ac</span> <span class='ocrx_word' id='word_1_47' title='bbox 479 588 627 618; x_wconf 82' lang='lat' dir='ltr'><strong>Priorem</strong></span> <span class='ocrx_word' id='word_1_48' title='bbox 652 588 835 628; x_wconf 82' lang='lat' dir='ltr'>Bodmynie</span> <span class='ocrx_word' id='word_1_49' title='bbox 852 588 884 618; x_wconf 91' lang='lat' dir='ltr'>in</span> <span class='ocrx_word' id='word_1_50' title='bbox 905 587 1132 625; x_wconf 80' lang='lat' dir='ltr'>Cornubiensi,</span> <span class='ocrx_word' id='word_1_51' title='bbox 1151 587 1493 624; x_wconf 67' lang='lat' dir='ltr'>Archidiaconatibus,</span> <span class='ocrx_word' id='word_1_52' title='bbox 1512 597 1619 626; x_wconf 81' lang='lat' dir='ltr'>nuper</span> <span class='ocrx_word' id='word_1_53' title='bbox 1644 587 1706 616; x_wconf 90' lang='lat' dir='ltr'>De-</span> 
     </span>
     <span class='ocr_line' id='line_1_8' title="bbox 326 630 1707 662; baseline -0.001 -1"><span class='ocrx_word' id='word_1_54' title='bbox 326 631 409 661; x_wconf 87' lang='lat' dir='ltr'>cime</span> <span class='ocrx_word' id='word_1_55' title='bbox 426 631 598 662; x_wconf 79' lang='lat' dir='ltr'>triennalis</span> <span class='ocrx_word' id='word_1_56' title='bbox 621 642 640 661; x_wconf 87' lang='lat' dir='ltr'>a</span> <span class='ocrx_word' id='word_1_57' title='bbox 664 631 804 662; x_wconf 88' lang='lat' dir='ltr'>Prelatis</span> <span class='ocrx_word' id='word_1_58' title='bbox 828 634 862 662; x_wconf 84' lang='lat' dir='ltr'>et</span> <span class='ocrx_word' id='word_1_59' title='bbox 887 631 983 662; x_wconf 87' lang='lat' dir='ltr'>Clero</span> <span class='ocrx_word' id='word_1_60' title='bbox 1008 631 1190 661; x_wconf 88' lang='lat' dir='ltr'>eorundem</span> <span class='ocrx_word' id='word_1_61' title='bbox 1214 631 1303 661; x_wconf 86' lang='lat' dir='ltr'>inter</span> <span class='ocrx_word' id='word_1_62' title='bbox 1326 630 1406 660; x_wconf 87' lang='lat' dir='ltr'>alios</span> <span class='ocrx_word' id='word_1_63' title='bbox 1432 630 1574 660; x_wconf 89' lang='lat' dir='ltr'>Domino</span> <span class='ocrx_word' id='word_1_64' title='bbox 1592 632 1707 660; x_wconf 88' lang='lat' dir='ltr'>nostro</span> 
     </span>
     <span class='ocr_line' id='line_1_9' title="bbox 328 673 1706 715; baseline -0.001 -10"><span class='ocrx_word' id='word_1_65' title='bbox 328 674 410 714; x_wconf 84' lang='lat' dir='ltr'>Regi</span> <span class='ocrx_word' id='word_1_66' title='bbox 426 685 577 705; x_wconf 80' lang='lat' dir='ltr'>concesse</span> <span class='ocrx_word' id='word_1_67' title='bbox 595 675 793 705; x_wconf 87' lang='lat' dir='ltr'>Collectores</span> <span class='ocrx_word' id='word_1_68' title='bbox 817 685 875 715; x_wconf 90' lang='lat' dir='ltr'>per</span> <span class='ocrx_word' id='word_1_69' title='bbox 898 685 956 705; x_wconf 89' lang='lat' dir='ltr'>nos</span> <span class='ocrx_word' id='word_1_70' title='bbox 980 675 1169 714; x_wconf 80' lang='lat' dir='ltr'>deputatos,</span> <span class='ocrx_word' id='word_1_71' title='bbox 1188 674 1245 714; x_wconf 90' lang='lat' dir='ltr'>qui</span> <span class='ocrx_word' id='word_1_72' title='bbox 1262 684 1321 714; x_wconf 88' lang='lat' dir='ltr'>pro</span> <span class='ocrx_word' id='word_1_73' title='bbox 1337 674 1443 714; x_wconf 83' lang='lat' dir='ltr'>primo</span> <span class='ocrx_word' id='word_1_74' title='bbox 1461 684 1546 703; x_wconf 83' lang='lat' dir='ltr'>anno</span> <span class='ocrx_word' id='word_1_75' title='bbox 1563 673 1596 703; x_wconf 86' lang='lat' dir='ltr'>in</span> <span class='ocrx_word' id='word_1_76' title='bbox 1614 673 1706 704; x_wconf 79' lang='lat' dir='ltr'>Scae-</span> 
     </span>
     <span class='ocr_line' id='line_1_10' title="bbox 326 717 1706 758; baseline -0.001 -10"><span class='ocrx_word' id='word_1_77' title='bbox 326 719 412 748; x_wconf 80' lang='lat' dir='ltr'>cario</span> <span class='ocrx_word' id='word_1_78' title='bbox 429 718 578 758; x_wconf 83' lang='lat' dir='ltr'>predicto</span> <span class='ocrx_word' id='word_1_79' title='bbox 594 729 653 758; x_wconf 91' lang='lat' dir='ltr'>pro</span> <span class='ocrx_word' id='word_1_80' title='bbox 672 718 807 748; x_wconf 86' lang='lat' dir='ltr'>Decima</span> <span class='ocrx_word' id='word_1_81' title='bbox 832 717 1026 758; x_wconf 84' lang='lat' dir='ltr'>hujusmodi</span> <span class='ocrx_word' id='word_1_82' title='bbox 1050 721 1299 757; x_wconf 79' lang='lat' dir='ltr'>computarunt,</span> <span class='ocrx_word' id='word_1_83' title='bbox 1320 720 1453 757; x_wconf 85' lang='lat' dir='ltr'>propter</span> <span class='ocrx_word' id='word_1_84' title='bbox 1469 720 1576 747; x_wconf 78' lang='lat' dir='ltr'>certas</span> <span class='ocrx_word' id='word_1_85' title='bbox 1592 727 1706 747; x_wconf 84' lang='lat' dir='ltr'>causas</span> 
     </span>
     <span class='ocr_line' id='line_1_11' title="bbox 327 761 1705 801; baseline -0.001 -10"><span class='ocrx_word' id='word_1_86' title='bbox 327 765 361 791; x_wconf 86' lang='lat' dir='ltr'>et</span> <span class='ocrx_word' id='word_1_87' title='bbox 377 761 542 801; x_wconf 87' lang='lat' dir='ltr'>legitimas</span> <span class='ocrx_word' id='word_1_88' title='bbox 559 772 618 791; x_wconf 86' lang='lat' dir='ltr'>nos</span> <span class='ocrx_word' id='word_1_89' title='bbox 634 761 668 792; x_wconf 89' lang='lat' dir='ltr'>in</span> <span class='ocrx_word' id='word_1_90' title='bbox 686 772 723 792; x_wconf 87' lang='lat' dir='ltr'>ea</span> <span class='ocrx_word' id='word_1_91' title='bbox 740 764 833 801; x_wconf 82' lang='lat' dir='ltr'>parte</span> <span class='ocrx_word' id='word_1_92' title='bbox 857 764 1038 795; x_wconf 74' lang='lat' dir='ltr'>moventes⁷</span> <span class='ocrx_word' id='word_1_93' title='bbox 1066 761 1107 791; x_wconf 84' lang='lat' dir='ltr'>ab</span> <span class='ocrx_word' id='word_1_94' title='bbox 1131 761 1243 791; x_wconf 84' lang='lat' dir='ltr'>officiis</span> <span class='ocrx_word' id='word_1_95' title='bbox 1267 761 1462 801; x_wconf 85' lang='lat' dir='ltr'>hujusmodi</span> <span class='ocrx_word' id='word_1_96' title='bbox 1481 761 1705 792; x_wconf 82' lang='lat' dir='ltr'>Collectorum</span> 
     </span>
     <span class='ocr_line' id='line_1_12' title="bbox 326 804 1705 844; baseline -0.001 -9"><span class='ocrx_word' id='word_1_97' title='bbox 326 805 485 835; x_wconf 84' lang='lat' dir='ltr'>duximus</span> <span class='ocrx_word' id='word_1_98' title='bbox 501 806 711 843; x_wconf 83' lang='lat' dir='ltr'>amovendos,</span> <span class='ocrx_word' id='word_1_99' title='bbox 729 808 763 836; x_wconf 85' lang='lat' dir='ltr'>et</span> <span class='ocrx_word' id='word_1_100' title='bbox 779 805 813 835; x_wconf 92' lang='lat' dir='ltr'>in</span> <span class='ocrx_word' id='word_1_101' title='bbox 831 805 978 844; x_wconf 89' lang='lat' dir='ltr'>ipsorum</span> <span class='ocrx_word' id='word_1_102' title='bbox 996 804 1083 842; x_wconf 87' lang='lat' dir='ltr'>locis,</span> <span class='ocrx_word' id='word_1_103' title='bbox 1102 804 1256 835; x_wconf 88' lang='lat' dir='ltr'>videlicet</span> <span class='ocrx_word' id='word_1_104' title='bbox 1272 804 1305 834; x_wconf 91' lang='lat' dir='ltr'>in</span> <span class='ocrx_word' id='word_1_105' title='bbox 1322 804 1514 839; x_wconf 81' lang='lat' dir='ltr'>Exoniensi,</span> <span class='ocrx_word' id='word_1_106' title='bbox 1532 804 1705 834; x_wconf 79' lang='lat' dir='ltr'>Barnasta-</span> 
     </span>
     <span class='ocr_line' id='line_1_13' title="bbox 327 847 1704 888; baseline -0.001 -10"><span class='ocrx_word' id='word_1_107' title='bbox 327 848 477 888; x_wconf 88' lang='lat' dir='ltr'>poliensi,</span> <span class='ocrx_word' id='word_1_108' title='bbox 496 852 530 878; x_wconf 84' lang='lat' dir='ltr'>et</span> <span class='ocrx_word' id='word_1_109' title='bbox 547 848 754 879; x_wconf 85' lang='lat' dir='ltr'>Tottoniensi</span> <span class='ocrx_word' id='word_1_110' title='bbox 778 849 945 879; x_wconf 82' lang='lat' dir='ltr'>Abbatem</span> <span class='ocrx_word' id='word_1_111' title='bbox 970 848 1163 878; x_wconf 83' lang='lat' dir='ltr'>Monasterii</span> <span class='ocrx_word' id='word_1_112' title='bbox 1187 847 1415 888; x_wconf 83' lang='lat' dir='ltr'>Tavystochie,</span> <span class='ocrx_word' id='word_1_113' title='bbox 1433 858 1469 878; x_wconf 86' lang='lat' dir='ltr'>ac</span> <span class='ocrx_word' id='word_1_114' title='bbox 1486 847 1519 878; x_wconf 90' lang='lat' dir='ltr'>in</span> <span class='ocrx_word' id='word_1_115' title='bbox 1545 847 1704 877; x_wconf 81' lang='lat' dir='ltr'>Cornubi-</span> 
     </span>
     <span class='ocr_line' id='line_1_14' title="bbox 326 890 1704 932; baseline -0.001 -10"><span class='ocrx_word' id='word_1_116' title='bbox 326 892 405 930; x_wconf 87' lang='lat' dir='ltr'>ensi,</span> <span class='ocrx_word' id='word_1_117' title='bbox 425 891 756 922; x_wconf 81' lang='lat' dir='ltr'>Archidiaconatibus</span> <span class='ocrx_word' id='word_1_118' title='bbox 780 892 948 932; x_wconf 75' lang='lat' dir='ltr'>predictis,</span> <span class='ocrx_word' id='word_1_119' title='bbox 973 892 1120 921; x_wconf 84' lang='lat' dir='ltr'>Priorem</span> <span class='ocrx_word' id='word_1_120' title='bbox 1144 892 1185 921; x_wconf 86' lang='lat' dir='ltr'>de</span> <span class='ocrx_word' id='word_1_121' title='bbox 1210 892 1448 929; x_wconf 64' lang='lat' dir='ltr'>Launcestwe,</span> <span class='ocrx_word' id='word_1_122' title='bbox 1466 890 1704 931; x_wconf 74' lang='lat' dir='ltr'>deputavimus</span> 
     </span>
     <span class='ocr_line' id='line_1_15' title="bbox 327 934 1706 975; baseline -0.001 -9"><span class='ocrx_word' id='word_1_123' title='bbox 327 935 524 966; x_wconf 87' lang='lat' dir='ltr'>Collectores</span> <span class='ocrx_word' id='word_1_124' title='bbox 541 935 736 975; x_wconf 83' lang='lat' dir='ltr'>hujusmodi</span> <span class='ocrx_word' id='word_1_125' title='bbox 753 935 886 966; x_wconf 87' lang='lat' dir='ltr'>Decime</span> <span class='ocrx_word' id='word_1_126' title='bbox 902 934 1101 975; x_wconf 72' lang='lat' dir='ltr'>supradicte,</span> <span class='ocrx_word' id='word_1_127' title='bbox 1119 935 1328 975; x_wconf 82' lang='lat' dir='ltr'>Dominoque</span> <span class='ocrx_word' id='word_1_128' title='bbox 1346 938 1458 965; x_wconf 86' lang='lat' dir='ltr'>nostro</span> <span class='ocrx_word' id='word_1_129' title='bbox 1476 935 1557 974; x_wconf 78' lang='lat' dir='ltr'>Regi</span> <span class='ocrx_word' id='word_1_130' title='bbox 1574 944 1706 974; x_wconf 85' lang='lat' dir='ltr'>respon-</span> 
     </span>
     <span class='ocr_line' id='line_1_16' title="bbox 327 978 1706 1019; baseline -0.001 -10"><span class='ocrx_word' id='word_1_131' title='bbox 327 988 421 1009; x_wconf 87' lang='lat' dir='ltr'>suros</span> <span class='ocrx_word' id='word_1_132' title='bbox 444 979 478 1010; x_wconf 87' lang='lat' dir='ltr'>in</span> <span class='ocrx_word' id='word_1_133' title='bbox 502 979 669 1009; x_wconf 80' lang='lat' dir='ltr'>Scaccario</span> <span class='ocrx_word' id='word_1_134' title='bbox 692 989 752 1010; x_wconf 90' lang='lat' dir='ltr'>suo</span> <span class='ocrx_word' id='word_1_135' title='bbox 776 979 914 1019; x_wconf 79' lang='lat' dir='ltr'>prefato,</span> <span class='ocrx_word' id='word_1_136' title='bbox 940 982 978 1009; x_wconf 76' lang='lat' dir='ltr'>ut</span> <span class='ocrx_word' id='word_1_137' title='bbox 1001 979 1165 1017; x_wconf 85' lang='lat' dir='ltr'>convenit,</span> <span class='ocrx_word' id='word_1_138' title='bbox 1191 979 1232 1009; x_wconf 87' lang='lat' dir='ltr'>de</span> <span class='ocrx_word' id='word_1_139' title='bbox 1255 978 1539 1008; x_wconf 80' lang='lat' dir='ltr'>eadem.—Dated</span> <span class='ocrx_word' id='word_1_140' title='bbox 1558 978 1706 1016; x_wconf 81' lang='lat' dir='ltr'>L0nd0n‚</span> 
     </span>
     <span class='ocr_line' id='line_1_17' title="bbox 326 1022 1705 1063; baseline -0.001 -10"><span class='ocrx_word' id='word_1_141' title='bbox 326 1022 344 1053; x_wconf 90' lang='lat'>4</span> <span class='ocrx_word' id='word_1_142' title='bbox 370 1022 722 1063; x_wconf 85' lang='lat' dir='ltr'>February.—Eodem</span> <span class='ocrx_word' id='word_1_143' title='bbox 747 1023 800 1053; x_wconf 89' lang='lat' dir='ltr'>die</span> <span class='ocrx_word' id='word_1_144' title='bbox 822 1023 909 1053; x_wconf 79' lang='lat' dir='ltr'>facte</span> <span class='ocrx_word' id='word_1_145' title='bbox 933 1023 1073 1053; x_wconf 79' lang='lat' dir='ltr'>fuerunt</span> <span class='ocrx_word' id='word_1_146' title='bbox 1097 1022 1363 1061; x_wconf 59' lang='lat' dir='ltr'>Commisshmes,</span> <span class='ocrx_word' id='word_1_147' title='bbox 1383 1024 1421 1053; x_wconf 91' lang='lat' dir='ltr'>ut</span> <span class='ocrx_word' id='word_1_148' title='bbox 1445 1022 1478 1052; x_wconf 92' lang='lat' dir='ltr'>in</span> <span class='ocrx_word' id='word_1_149' title='bbox 1503 1022 1619 1060; x_wconf 76' lang='lat' dir='ltr'>forma,</span> <span class='ocrx_word' id='word_1_150' title='bbox 1646 1032 1705 1061; x_wconf 90' lang='lat' dir='ltr'>pro</span> 
     </span>
     <span class='ocr_line' id='line_1_18' title="bbox 325 1066 898 1107; baseline 0.002 -12"><span class='ocrx_word' id='word_1_151' title='bbox 325 1066 418 1096; x_wconf 90' lang='lat' dir='ltr'>novis</span> <span class='ocrx_word' id='word_1_152' title='bbox 436 1066 674 1097; x_wconf 86' lang='lat' dir='ltr'>Collectoribus</span> <span class='ocrx_word' id='word_1_153' title='bbox 690 1066 898 1107; x_wconf 86' lang='lat' dir='ltr'>supradictis.</span> 
     </span>
    </p>
   </div>
   <div class='ocr_carea' id='block_1_4' title="bbox 172 1144 1707 1199">
    <p class='ocr_par' dir='ltr' id='par_1_5' title="bbox 172 1144 1707 1199">
     <span class='ocr_line' id='line_1_19' title="bbox 172 1144 1707 1199; baseline -0.001 -14"><span class='ocrx_word' id='word_1_154' title='bbox 172 1144 222 1170; x_wconf 56' lang='lat' dir='ltr'>fm-</span> <span class='ocrx_word' id='word_1_155' title='bbox 280 1147 542 1197; x_wconf 84' lang='lat' dir='ltr'>Canonsleigh</span> <span class='ocrx_word' id='word_1_156' title='bbox 562 1148 727 1199; x_wconf 88' lang='lat' dir='ltr'>Abbey;</span> <span class='ocrx_word' id='word_1_157' title='bbox 756 1150 836 1186; x_wconf 71' lang='lat' dir='ltr'>Pro</span> <span class='ocrx_word' id='word_1_158' title='bbox 868 1148 1087 1197; x_wconf 75' lang='lat' dir='ltr'>Confessore</span> <span class='ocrx_word' id='word_1_159' title='bbox 1108 1149 1304 1186; x_wconf 64' lang='lat' dir='ltr'>Abbatisse</span> <span class='ocrx_word' id='word_1_160' title='bbox 1333 1155 1366 1185; x_wconf 72' lang='lat' dir='ltr'>et</span> <span class='ocrx_word' id='word_1_161' title='bbox 1397 1147 1634 1185; x_wconf 75' lang='lat' dir='ltr'>Monz&#39;alz&#39;um</span> <span class='ocrx_word' id='word_1_162' title='bbox 1662 1148 1707 1184; x_wconf 78' lang='lat' dir='ltr'>cle</span> 
     </span>
    </p>
   </div>
   <div class='ocr_carea' id='block_1_5' title="bbox 175 1179 1706 1602">
    <p class='ocr_par' dir='ltr' id='par_1_6' title="bbox 175 1179 624 1252">
     <span class='ocr_line' id='line_1_20' title="bbox 175 1179 214 1204; baseline 0.026 -1"><span class='ocrx_word' id='word_1_163' title='bbox 175 1179 214 1204; x_wconf 91' lang='lat'>10.</span> 
     </span>
     <span class='ocr_line' id='line_1_21' title="bbox 323 1203 624 1252; baseline -0.003 -12"><span class='ocrx_word' id='word_1_164' title='bbox 323 1203 624 1252; x_wconf 71' lang='lat' dir='ltr'>Canonleylze‚-—-</span> 
     </span>
    </p>

    <p class='ocr_par' dir='ltr' id='par_1_7' title="bbox 282 1255 1706 1602">
     <span class='ocr_line' id='line_1_22' title="bbox 282 1255 1705 1295; baseline -0.001 -9"><span class='ocrx_word' id='word_1_165' title='bbox 282 1256 435 1294; x_wconf 81' lang='lat' dir='ltr'>Thomas,</span> <span class='ocrx_word' id='word_1_166' title='bbox 456 1260 532 1295; x_wconf 87' lang='lat' dir='ltr'>etc.‚</span> <span class='ocrx_word' id='word_1_167' title='bbox 557 1256 702 1287; x_wconf 89' lang='lat' dir='ltr'>Domino</span> <span class='ocrx_word' id='word_1_168' title='bbox 720 1255 900 1295; x_wconf 81' lang='lat' dir='ltr'>Wisselmo,</span> <span class='ocrx_word' id='word_1_169' title='bbox 926 1257 1058 1287; x_wconf 87' lang='lat' dir='ltr'>Rectori</span> <span class='ocrx_word' id='word_1_170' title='bbox 1083 1256 1228 1287; x_wconf 85' lang='lat' dir='ltr'>Ecclesie</span> <span class='ocrx_word' id='word_1_171' title='bbox 1251 1256 1293 1286; x_wconf 90' lang='lat' dir='ltr'>de</span> <span class='ocrx_word' id='word_1_172' title='bbox 1318 1255 1533 1294; x_wconf 77' lang='lat' dir='ltr'>Kentesbere,</span> <span class='ocrx_word' id='word_1_173' title='bbox 1551 1255 1705 1295; x_wconf 86' lang='lat' dir='ltr'>salutem,</span> 
     </span>
     <span class='ocr_line' id='line_1_23' title="bbox 327 1299 1706 1340; baseline -0.001 -10"><span class='ocrx_word' id='word_1_174' title='bbox 327 1301 485 1331; x_wconf 86' lang='lat' dir='ltr'>etc.—De</span> <span class='ocrx_word' id='word_1_175' title='bbox 513 1304 572 1331; x_wconf 85' lang='lat' dir='ltr'>tue</span> <span class='ocrx_word' id='word_1_176' title='bbox 598 1300 800 1331; x_wconf 77' lang='lat' dir='ltr'>consciencie</span> <span class='ocrx_word' id='word_1_177' title='bbox 827 1300 974 1340; x_wconf 84' lang='lat' dir='ltr'>puritate</span> <span class='ocrx_word' id='word_1_178' title='bbox 1002 1303 1036 1330; x_wconf 84' lang='lat' dir='ltr'>et</span> <span class='ocrx_word' id='word_1_179' title='bbox 1064 1299 1274 1330; x_wconf 71' lang='lat' dir='ltr'>discrecionis</span> <span class='ocrx_word' id='word_1_180' title='bbox 1305 1299 1470 1329; x_wconf 83' lang='lat' dir='ltr'>industria</span> <span class='ocrx_word' id='word_1_181' title='bbox 1498 1299 1532 1329; x_wconf 90' lang='lat' dir='ltr'>in</span> <span class='ocrx_word' id='word_1_182' title='bbox 1563 1299 1706 1330; x_wconf 88' lang='lat' dir='ltr'>Domino</span> 
     </span>
     <span class='ocr_line' id='line_1_24' title="bbox 327 1342 1703 1382; baseline -0.001 -8"><span class='ocrx_word' id='word_1_183' title='bbox 327 1343 483 1374; x_wconf 84' lang='lat' dir='ltr'>fiduciam</span> <span class='ocrx_word' id='word_1_184' title='bbox 499 1344 699 1382; x_wconf 76' lang='lat' dir='ltr'>obtinentes,</span> <span class='ocrx_word' id='word_1_185' title='bbox 715 1344 757 1374; x_wconf 84' lang='lat' dir='ltr'>ad</span> <span class='ocrx_word' id='word_1_186' title='bbox 773 1344 978 1374; x_wconf 77' lang='lat' dir='ltr'>audiendum</span> <span class='ocrx_word' id='word_1_187' title='bbox 995 1344 1028 1374; x_wconf 90' lang='lat' dir='ltr'>in</span> <span class='ocrx_word' id='word_1_188' title='bbox 1046 1343 1117 1374; x_wconf 85' lang='lat' dir='ltr'>foro</span> <span class='ocrx_word' id='word_1_189' title='bbox 1134 1343 1244 1373; x_wconf 85' lang='lat' dir='ltr'>anime</span> <span class='ocrx_word' id='word_1_190' title='bbox 1262 1343 1492 1374; x_wconf 79' lang='lat' dir='ltr'>Confessiones</span> <span class='ocrx_word' id='word_1_191' title='bbox 1506 1342 1703 1373; x_wconf 84' lang='lat' dir='ltr'>dilectarum</span> 
     </span>
     <span class='ocr_line' id='line_1_25' title="bbox 326 1386 1704 1426; baseline -0.001 -9"><span class='ocrx_word' id='word_1_192' title='bbox 326 1387 360 1417; x_wconf 91' lang='lat' dir='ltr'>in</span> <span class='ocrx_word' id='word_1_193' title='bbox 376 1387 509 1419; x_wconf 79' lang='lat' dir='ltr'>Christo</span> <span class='ocrx_word' id='word_1_194' title='bbox 523 1387 674 1425; x_wconf 85' lang='lat' dir='ltr'>filiarum,</span> <span class='ocrx_word' id='word_1_195' title='bbox 688 1387 864 1418; x_wconf 85' lang='lat' dir='ltr'>Abbatisse</span> <span class='ocrx_word' id='word_1_196' title='bbox 881 1390 915 1418; x_wconf 85' lang='lat' dir='ltr'>et</span> <span class='ocrx_word' id='word_1_197' title='bbox 933 1387 1211 1418; x_wconf 83' lang='lat' dir='ltr'>Oommonialium</span> <span class='ocrx_word' id='word_1_198' title='bbox 1226 1386 1418 1417; x_wconf 81' lang='lat' dir='ltr'>Monasterii</span> <span class='ocrx_word' id='word_1_199' title='bbox 1429 1386 1469 1416; x_wconf 81' lang='lat' dir='ltr'>de</span> <span class='ocrx_word' id='word_1_200' title='bbox 1483 1386 1704 1426; x_wconf 79' lang='lat' dir='ltr'>Canonleghe,</span> 
     </span>
     <span class='ocr_line' id='line_1_26' title="bbox 326 1429 1705 1471; baseline -0.001 -10"><span class='ocrx_word' id='word_1_201' title='bbox 326 1440 447 1471; x_wconf 80' lang='lat' dir='ltr'>easque</span> <span class='ocrx_word' id='word_1_202' title='bbox 464 1431 714 1469; x_wconf 86' lang='lat' dir='ltr'>absolvendum,</span> <span class='ocrx_word' id='word_1_203' title='bbox 739 1434 773 1461; x_wconf 86' lang='lat' dir='ltr'>et</span> <span class='ocrx_word' id='word_1_204' title='bbox 793 1431 1040 1471; x_wconf 84' lang='lat' dir='ltr'>injungendum</span> <span class='ocrx_word' id='word_1_205' title='bbox 1064 1430 1188 1460; x_wconf 85' lang='lat' dir='ltr'>eisdem</span> <span class='ocrx_word' id='word_1_206' title='bbox 1206 1433 1306 1470; x_wconf 84' lang='lat' dir='ltr'>prout</span> <span class='ocrx_word' id='word_1_207' title='bbox 1322 1429 1477 1469; x_wconf 86' lang='lat' dir='ltr'>expedire</span> <span class='ocrx_word' id='word_1_208' title='bbox 1500 1431 1705 1469; x_wconf 78' lang='lat' dir='ltr'>prospexeris</span> 
     </span>
     <span class='ocr_line' id='line_1_27' title="bbox 326 1473 1704 1514; baseline -0.001 -10"><span class='ocrx_word' id='word_1_209' title='bbox 326 1474 527 1514; x_wconf 84' lang='lat' dir='ltr'>penitencias</span> <span class='ocrx_word' id='word_1_210' title='bbox 543 1474 712 1512; x_wconf 82' lang='lat' dir='ltr'>salutares,</span> <span class='ocrx_word' id='word_1_211' title='bbox 730 1474 832 1504; x_wconf 86' lang='lat' dir='ltr'>eciam</span> <span class='ocrx_word' id='word_1_212' title='bbox 849 1474 883 1505; x_wconf 89' lang='lat' dir='ltr'>in</span> <span class='ocrx_word' id='word_1_213' title='bbox 900 1474 1028 1505; x_wconf 82' lang='lat' dir='ltr'>casibus</span> <span class='ocrx_word' id='word_1_214' title='bbox 1045 1474 1138 1504; x_wconf 86' lang='lat' dir='ltr'>nobis</span> <span class='ocrx_word' id='word_1_215' title='bbox 1158 1473 1340 1511; x_wconf 74' lang='lat' dir='ltr'>reservatis,</span> <span class='ocrx_word' id='word_1_216' title='bbox 1359 1473 1421 1504; x_wconf 88' lang='lat' dir='ltr'>tibi</span> <span class='ocrx_word' id='word_1_217' title='bbox 1438 1477 1551 1503; x_wconf 90' lang='lat' dir='ltr'>tenore</span> <span class='ocrx_word' id='word_1_218' title='bbox 1568 1474 1704 1504; x_wconf 89' lang='lat' dir='ltr'>Presen-</span> 
     </span>
     <span class='ocr_line' id='line_1_28' title="bbox 326 1516 1704 1557; baseline -0.001 -9"><span class='ocrx_word' id='word_1_219' title='bbox 326 1517 415 1548; x_wconf 90' lang='lat' dir='ltr'>cium</span> <span class='ocrx_word' id='word_1_220' title='bbox 439 1518 625 1548; x_wconf 87' lang='lat' dir='ltr'>Licenciam</span> <span class='ocrx_word' id='word_1_221' title='bbox 649 1521 683 1548; x_wconf 89' lang='lat' dir='ltr'>et</span> <span class='ocrx_word' id='word_1_222' title='bbox 707 1520 906 1557; x_wconf 83' lang='lat' dir='ltr'>potestatem</span> <span class='ocrx_word' id='word_1_223' title='bbox 931 1517 1183 1556; x_wconf 49' lang='lat' dir='ltr'>committimus</span> <span class='ocrx_word' id='word_1_224' title='bbox 1208 1517 1249 1548; x_wconf 81' lang='lat' dir='ltr'>ad</span> <span class='ocrx_word' id='word_1_225' title='bbox 1276 1520 1429 1547; x_wconf 89' lang='lat' dir='ltr'>nostrum</span> <span class='ocrx_word' id='word_1_226' title='bbox 1457 1516 1704 1557; x_wconf 87' lang='lat' dir='ltr'>beneplacitum</span> 
     </span>
     <span class='ocr_line' id='line_1_29' title="bbox 326 1561 1071 1602; baseline 0 -11"><span class='ocrx_word' id='word_1_227' title='bbox 326 1561 670 1593; x_wconf 81' lang='lat' dir='ltr'>duraturas.—-Dated</span> <span class='ocrx_word' id='word_1_228' title='bbox 688 1561 837 1600; x_wconf 83' lang='lat' dir='ltr'>London,</span> <span class='ocrx_word' id='word_1_229' title='bbox 855 1562 873 1592; x_wconf 85' lang='lat'>5</span> <span class='ocrx_word' id='word_1_230' title='bbox 892 1561 1071 1602; x_wconf 83' lang='lat' dir='ltr'>February.</span> 
     </span>
    </p>
   </div>
   <div class='ocr_carea' id='block_1_6' title="bbox 282 1632 1704 1848">
    <p class='ocr_par' dir='ltr' id='par_1_8' title="bbox 282 1632 1650 1682">
     <span class='ocr_line' id='line_1_30' title="bbox 282 1632 1650 1682; baseline -0.001 -13"><span class='ocrx_word' id='word_1_231' title='bbox 282 1632 521 1682; x_wconf 85' lang='lat' dir='ltr'>Satterleigh</span> <span class='ocrx_word' id='word_1_232' title='bbox 535 1645 546 1680; x_wconf 81' lang='lat'><em>3</em></span> <span class='ocrx_word' id='word_1_233' title='bbox 579 1632 802 1671; x_wconf 64' lang='lat' dir='ltr'>commissio</span> <span class='ocrx_word' id='word_1_234' title='bbox 821 1645 933 1680; x_wconf 75' lang='lat' dir='ltr'>super</span> <span class='ocrx_word' id='word_1_235' title='bbox 953 1632 1219 1679; x_wconf 69' lang='lat' dir='ltr'>impedimento</span> <span class='ocrx_word' id='word_1_236' title='bbox 1239 1632 1650 1680; x_wconf 58' lang='lat' dir='ltr'>consanfflcz&#39;nz&#39;tatiS,—</span> 
     </span>
    </p>

    <p class='ocr_par' dir='ltr' id='par_1_9' title="bbox 282 1685 1704 1848">
     <span class='ocr_line' id='line_1_31' title="bbox 282 1685 1704 1726; baseline 0 -10"><span class='ocrx_word' id='word_1_237' title='bbox 282 1686 409 1716; x_wconf 88' lang='lat' dir='ltr'>Eodem</span> <span class='ocrx_word' id='word_1_238' title='bbox 425 1687 487 1724; x_wconf 88' lang='lat' dir='ltr'>die,</span> <span class='ocrx_word' id='word_1_239' title='bbox 506 1686 594 1717; x_wconf 83' lang='lat' dir='ltr'>facta</span> <span class='ocrx_word' id='word_1_240' title='bbox 616 1686 682 1717; x_wconf 84' lang='lat' dir='ltr'>fuit</span> <span class='ocrx_word' id='word_1_241' title='bbox 707 1686 902 1717; x_wconf 83' lang='lat' dir='ltr'>Commissio</span> <span class='ocrx_word' id='word_1_242' title='bbox 920 1687 971 1716; x_wconf 92' lang='lat' dir='ltr'>W.</span> <span class='ocrx_word' id='word_1_243' title='bbox 992 1685 1095 1726; x_wconf 81' lang='lat' dir='ltr'>Byde,</span> <span class='ocrx_word' id='word_1_244' title='bbox 1114 1685 1261 1724; x_wconf 79' lang='lat' dir='ltr'>Officiali,</span> <span class='ocrx_word' id='word_1_245' title='bbox 1280 1686 1321 1716; x_wconf 84' lang='lat' dir='ltr'>ad</span> <span class='ocrx_word' id='word_1_246' title='bbox 1338 1686 1599 1726; x_wconf 79' lang='lat' dir='ltr'>dispensandum</span> <span class='ocrx_word' id='word_1_247' title='bbox 1627 1696 1704 1716; x_wconf 88' lang='lat' dir='ltr'>cum</span> 
     </span>
     <span class='ocr_line' id='line_1_32' title="bbox 325 1729 1704 1770; baseline -0.001 -10"><span class='ocrx_word' id='word_1_248' title='bbox 325 1730 502 1770; x_wconf 88' lang='lat' dir='ltr'>Radulpho</span> <span class='ocrx_word' id='word_1_249' title='bbox 517 1733 588 1760; x_wconf 82' lang='lat' dir='ltr'>atte</span> <span class='ocrx_word' id='word_1_250' title='bbox 604 1730 726 1760; x_wconf 86' lang='lat' dir='ltr'>Towne</span> <span class='ocrx_word' id='word_1_251' title='bbox 742 1733 775 1760; x_wconf 88' lang='lat' dir='ltr'>et</span> <span class='ocrx_word' id='word_1_252' title='bbox 791 1730 904 1768; x_wconf 83' lang='lat' dir='ltr'>Alicia,</span> <span class='ocrx_word' id='word_1_253' title='bbox 915 1729 991 1770; x_wconf 79' lang='lat' dir='ltr'>-ejus</span> <span class='ocrx_word' id='word_1_254' title='bbox 1009 1740 1121 1768; x_wconf 80' lang='lat' dir='ltr'>uxore,</span> <span class='ocrx_word' id='word_1_255' title='bbox 1135 1729 1176 1759; x_wconf 85' lang='lat' dir='ltr'>de</span> <span class='ocrx_word' id='word_1_256' title='bbox 1190 1729 1348 1759; x_wconf 86' lang='lat' dir='ltr'>Parochia</span> <span class='ocrx_word' id='word_1_257' title='bbox 1361 1730 1401 1759; x_wconf 91' lang='lat' dir='ltr'>de</span> <span class='ocrx_word' id='word_1_258' title='bbox 1415 1729 1592 1769; x_wconf 82' lang='lat' dir='ltr'>Saterleye,</span> <span class='ocrx_word' id='word_1_259' title='bbox 1605 1740 1641 1759; x_wconf 90' lang='lat' dir='ltr'>su</span> <span class='ocrx_word' id='word_1_260' title='bbox 1647 1740 1704 1769; x_wconf 89' lang='lat' dir='ltr'>per</span> 
     </span>
     <span class='ocr_line' id='line_1_33' title="bbox 325 1773 1702 1813; baseline 0 -10"><span class='ocrx_word' id='word_1_261' title='bbox 325 1776 445 1813; x_wconf 89' lang='lat' dir='ltr'>quarto</span> <span class='ocrx_word' id='word_1_262' title='bbox 468 1773 573 1813; x_wconf 87' lang='lat' dir='ltr'>gradu</span> <span class='ocrx_word' id='word_1_263' title='bbox 597 1773 903 1813; x_wconf 87' lang='lat' dir='ltr'>consanguinitatis,</span> <span class='ocrx_word' id='word_1_264' title='bbox 922 1776 961 1804; x_wconf 84' lang='lat' dir='ltr'>ut</span> <span class='ocrx_word' id='word_1_265' title='bbox 983 1774 1017 1803; x_wconf 91' lang='lat' dir='ltr'>in</span> <span class='ocrx_word' id='word_1_266' title='bbox 1041 1773 1156 1812; x_wconf 75' lang='lat' dir='ltr'>forma,</span> <span class='ocrx_word' id='word_1_267' title='bbox 1174 1773 1386 1803; x_wconf 82' lang='lat' dir='ltr'>Auctoritate</span> <span class='ocrx_word' id='word_1_268' title='bbox 1403 1773 1497 1804; x_wconf 84' lang='lat' dir='ltr'>Sedis</span> <span class='ocrx_word' id='word_1_269' title='bbox 1514 1773 1702 1812; x_wconf 88' lang='lat' dir='ltr'>Apostolice</span> 
     </span>
     <span class='ocr_line' id='line_1_34' title="bbox 323 1817 912 1848; baseline 0 -1"><span class='ocrx_word' id='word_1_270' title='bbox 323 1817 467 1847; x_wconf 85' lang='lat' dir='ltr'>Domino</span> <span class='ocrx_word' id='word_1_271' title='bbox 483 1817 560 1848; x_wconf 90' lang='lat' dir='ltr'>inde</span> <span class='ocrx_word' id='word_1_272' title='bbox 576 1817 664 1848; x_wconf 80' lang='lat' dir='ltr'>facta</span> <span class='ocrx_word' id='word_1_273' title='bbox 680 1819 714 1847; x_wconf 86' lang='lat' dir='ltr'>et</span> <span class='ocrx_word' id='word_1_274' title='bbox 730 1817 912 1848; x_wconf 88' lang='lat' dir='ltr'>commissa.</span> 
     </span>
    </p>
   </div>
   <div class='ocr_carea' id='block_1_7' title="bbox 279 1888 1703 2114">
    <p class='ocr_par' dir='ltr' id='par_1_10' title="bbox 281 1888 1019 1936">
     <span class='ocr_line' id='line_1_35' title="bbox 281 1888 1019 1936; baseline 0 -11"><span class='ocrx_word' id='word_1_275' title='bbox 281 1888 478 1926; x_wconf 85' lang='lat' dir='ltr'>Oratories</span> <span class='ocrx_word' id='word_1_276' title='bbox 493 1902 503 1936; x_wconf 81' lang='lat'><em>3</em></span> <span class='ocrx_word' id='word_1_277' title='bbox 531 1888 682 1926; x_wconf 74' lang='lat' dir='ltr'>Licence</span> <span class='ocrx_word' id='word_1_278' title='bbox 712 1895 748 1926; x_wconf 76' lang='lat' dir='ltr'>to</span> <span class='ocrx_word' id='word_1_279' title='bbox 776 1889 1019 1934; x_wconf 72' lang='lat' dir='ltr'>celebrate,—</span> 
     </span>
    </p>

    <p class='ocr_par' dir='ltr' id='par_1_11' title="bbox 281 1941 1703 2026">
     <span class='ocr_line' id='line_1_36' title="bbox 281 1941 1703 1982; baseline 0 -9"><span class='ocrx_word' id='word_1_280' title='bbox 281 1942 380 1980; x_wconf 76' lang='lat' dir='ltr'>Item,</span> <span class='ocrx_word' id='word_1_281' title='bbox 397 1946 464 1973; x_wconf 77' lang='lat' dir='ltr'>me</span> <span class='ocrx_word' id='word_1_282' title='bbox 480 1942 533 1973; x_wconf 88' lang='lat' dir='ltr'>die</span> <span class='ocrx_word' id='word_1_283' title='bbox 549 1943 630 1973; x_wconf 86' lang='lat' dir='ltr'>dicti</span> <span class='ocrx_word' id='word_1_284' title='bbox 647 1942 777 1981; x_wconf 82' lang='lat' dir='ltr'>mensis,</span> <span class='ocrx_word' id='word_1_285' title='bbox 793 1942 979 1973; x_wconf 89' lang='lat' dir='ltr'>Willelmus</span> <span class='ocrx_word' id='word_1_286' title='bbox 997 1942 1174 1973; x_wconf 87' lang='lat' dir='ltr'>Huwische</span> <span class='ocrx_word' id='word_1_287' title='bbox 1190 1941 1310 1972; x_wconf 80' lang='lat' dir='ltr'>habuit</span> <span class='ocrx_word' id='word_1_288' title='bbox 1324 1941 1515 1973; x_wconf 84' lang='lat' dir='ltr'>Oratorium</span> <span class='ocrx_word' id='word_1_289' title='bbox 1533 1952 1592 1982; x_wconf 91' lang='lat' dir='ltr'>pro</span> <span class='ocrx_word' id='word_1_290' title='bbox 1609 1942 1703 1973; x_wconf 89' lang='lat' dir='ltr'>Locis</span> 
     </span>
     <span class='ocr_line' id='line_1_37' title="bbox 323 1985 1593 2026; baseline 0.001 -10"><span class='ocrx_word' id='word_1_291' title='bbox 323 1986 391 2016; x_wconf 84' lang='lat' dir='ltr'>suis</span> <span class='ocrx_word' id='word_1_292' title='bbox 408 1986 516 2016; x_wconf 84' lang='lat' dir='ltr'>tribus</span> <span class='ocrx_word' id='word_1_293' title='bbox 531 1986 565 2016; x_wconf 91' lang='lat' dir='ltr'>in</span> <span class='ocrx_word' id='word_1_294' title='bbox 584 1986 751 2018; x_wconf 86' lang='lat' dir='ltr'>Cornubia</span> <span class='ocrx_word' id='word_1_295' title='bbox 767 1986 825 2025; x_wconf 75' lang='lat' dir='ltr'>[see</span> <span class='ocrx_word' id='word_1_296' title='bbox 842 1997 872 2025; x_wconf 90' lang='lat' dir='ltr'>p.</span> <span class='ocrx_word' id='word_1_297' title='bbox 895 1985 980 2026; x_wconf 81' lang='lat'>135],</span> <span class='ocrx_word' id='word_1_298' title='bbox 999 1996 1056 2026; x_wconf 89' lang='lat' dir='ltr'>per</span> <span class='ocrx_word' id='word_1_299' title='bbox 1072 1996 1209 2024; x_wconf 85' lang='lat' dir='ltr'>annum,</span> <span class='ocrx_word' id='word_1_300' title='bbox 1228 1996 1286 2025; x_wconf 87' lang='lat' dir='ltr'>pro</span> <span class='ocrx_word' id='word_1_301' title='bbox 1303 1996 1336 2016; x_wconf 87' lang='lat' dir='ltr'>se</span> <span class='ocrx_word' id='word_1_302' title='bbox 1354 1988 1388 2016; x_wconf 89' lang='lat' dir='ltr'>et</span> <span class='ocrx_word' id='word_1_303' title='bbox 1405 1996 1506 2016; x_wconf 81' lang='lat' dir='ltr'>uxore</span> <span class='ocrx_word' id='word_1_304' title='bbox 1524 1996 1593 2017; x_wconf 82' lang='lat' dir='ltr'>sua.</span> 
     </span>
    </p>

    <p class='ocr_par' dir='ltr' id='par_1_12' title="bbox 279 2029 1703 2114">
     <span class='ocr_line' id='line_1_38' title="bbox 279 2029 1703 2070; baseline -0.001 -10"><span class='ocrx_word' id='word_1_305' title='bbox 279 2029 377 2068; x_wconf 86' lang='lat' dir='ltr'>Item,</span> <span class='ocrx_word' id='word_1_306' title='bbox 394 2029 509 2060; x_wconf 88' lang='lat' dir='ltr'>eodem</span> <span class='ocrx_word' id='word_1_307' title='bbox 526 2029 591 2068; x_wconf 86' lang='lat' dir='ltr'>die,</span> <span class='ocrx_word' id='word_1_308' title='bbox 610 2030 631 2061; x_wconf 86' lang='lat' dir='ltr'>J</span> <span class='ocrx_word' id='word_1_309' title='bbox 635 2030 781 2060; x_wconf 85' lang='lat' dir='ltr'>ohannes</span> <span class='ocrx_word' id='word_1_310' title='bbox 798 2030 1013 2070; x_wconf 82' lang='lat' dir='ltr'>Trevardyan</span> <span class='ocrx_word' id='word_1_311' title='bbox 1030 2029 1150 2060; x_wconf 80' lang='lat' dir='ltr'>habuit</span> <span class='ocrx_word' id='word_1_312' title='bbox 1176 2029 1383 2060; x_wconf 87' lang='lat' dir='ltr'>consimilem</span> <span class='ocrx_word' id='word_1_313' title='bbox 1401 2029 1543 2069; x_wconf 83' lang='lat' dir='ltr'>graciam</span> <span class='ocrx_word' id='word_1_314' title='bbox 1569 2029 1703 2070; x_wconf 88' lang='lat' dir='ltr'>ubique,</span> 
     </span>
     <span class='ocr_line' id='line_1_39' title="bbox 322 2083 532 2114; baseline 0.005 -11"><span class='ocrx_word' id='word_1_315' title='bbox 322 2083 380 2114; x_wconf 84' lang='lat' dir='ltr'>per</span> <span class='ocrx_word' id='word_1_316' title='bbox 395 2083 532 2104; x_wconf 86' lang='lat' dir='ltr'>annum.</span> 
     </span>
    </p>
   </div>
   <div class='ocr_carea' id='block_1_8' title="bbox 279 2138 1703 2309">
    <p class='ocr_par' dir='ltr' id='par_1_13' title="bbox 279 2138 1703 2309">
     <span class='ocr_line' id='line_1_40' title="bbox 279 2138 1703 2178; baseline 0 -9"><span class='ocrx_word' id='word_1_317' title='bbox 279 2138 376 2178; x_wconf 84' lang='lat' dir='ltr'>Item,</span> <span class='ocrx_word' id='word_1_318' title='bbox 401 2139 518 2170; x_wconf 89' lang='lat' dir='ltr'>eodem</span> <span class='ocrx_word' id='word_1_319' title='bbox 541 2139 604 2175; x_wconf 90' lang='lat' dir='ltr'>die,</span> <span class='ocrx_word' id='word_1_320' title='bbox 622 2138 737 2170; x_wconf 83' lang='lat' dir='ltr'>villani</span> <span class='ocrx_word' id='word_1_321' title='bbox 753 2139 794 2170; x_wconf 91' lang='lat' dir='ltr'>de</span> <span class='ocrx_word' id='word_1_322' title='bbox 812 2138 955 2169; x_wconf 83' lang='lat' dir='ltr'>Polruan</span> <span class='ocrx_word' id='word_1_323' title='bbox 975 2138 1168 2169; x_wconf 87' lang='lat' dir='ltr'>habuerunt</span> <span class='ocrx_word' id='word_1_324' title='bbox 1184 2138 1370 2169; x_wconf 86' lang='lat' dir='ltr'>Licenciam</span> <span class='ocrx_word' id='word_1_325' title='bbox 1387 2139 1530 2170; x_wconf 81' lang='lat' dir='ltr'>faciendi</span> <span class='ocrx_word' id='word_1_326' title='bbox 1546 2138 1703 2169; x_wconf 84' lang='lat' dir='ltr'>celebrari</span> 
     </span>
     <span class='ocr_line' id='line_1_41' title="bbox 320 2182 1700 2223; baseline 0 -11"><span class='ocrx_word' id='word_1_327' title='bbox 320 2182 442 2213; x_wconf 86' lang='lat' dir='ltr'>Divina</span> <span class='ocrx_word' id='word_1_328' title='bbox 464 2183 498 2213; x_wconf 91' lang='lat' dir='ltr'>in</span> <span class='ocrx_word' id='word_1_329' title='bbox 524 2182 657 2223; x_wconf 84' lang='lat' dir='ltr'>Capella</span> <span class='ocrx_word' id='word_1_330' title='bbox 680 2182 794 2214; x_wconf 83' lang='lat' dir='ltr'>Sancti</span> <span class='ocrx_word' id='word_1_331' title='bbox 818 2182 998 2213; x_wconf 83' lang='lat' dir='ltr'>Salvatoris</span> <span class='ocrx_word' id='word_1_332' title='bbox 1022 2182 1062 2212; x_wconf 90' lang='lat' dir='ltr'>de</span> <span class='ocrx_word' id='word_1_333' title='bbox 1095 2182 1249 2221; x_wconf 78' lang='lat' dir='ltr'>Polruan,</span> <span class='ocrx_word' id='word_1_334' title='bbox 1278 2183 1439 2222; x_wconf 84' lang='lat' dir='ltr'>quamdiu</span> <span class='ocrx_word' id='word_1_335' title='bbox 1466 2182 1608 2212; x_wconf 86' lang='lat' dir='ltr'>Domino</span> <span class='ocrx_word' id='word_1_336' title='bbox 1634 2183 1700 2222; x_wconf 86' lang='lat' dir='ltr'>pla-</span> 
     </span>
     <span class='ocr_line' id='line_1_42' title="bbox 319 2225 1700 2265; baseline 0 -9"><span class='ocrx_word' id='word_1_337' title='bbox 319 2226 426 2257; x_wconf 85' lang='lat' dir='ltr'>cuerit</span> <span class='ocrx_word' id='word_1_338' title='bbox 440 2236 450 2263; x_wconf 91' lang='lat'>;</span> <span class='ocrx_word' id='word_1_339' title='bbox 477 2227 569 2265; x_wconf 90' lang='lat' dir='ltr'>dum,</span> <span class='ocrx_word' id='word_1_340' title='bbox 594 2228 716 2264; x_wconf 85' lang='lat' dir='ltr'>tamen,</span> <span class='ocrx_word' id='word_1_341' title='bbox 745 2226 902 2256; x_wconf 86' lang='lat' dir='ltr'>accedant</span> <span class='ocrx_word' id='word_1_342' title='bbox 925 2226 967 2256; x_wconf 87' lang='lat' dir='ltr'>ad.</span> <span class='ocrx_word' id='word_1_343' title='bbox 994 2225 1175 2256; x_wconf 82' lang='lat' dir='ltr'>Ecclesiam</span> <span class='ocrx_word' id='word_1_344' title='bbox 1201 2225 1425 2256; x_wconf 76' lang='lat' dir='ltr'>Parochialem</span> <span class='ocrx_word' id='word_1_345' title='bbox 1448 2225 1700 2265; x_wconf 68' lang='lat' dir='ltr'>[Lanteqlos-by-</span> 
     </span>
     <span class='ocr_line' id='line_1_43' title="bbox 320 2268 1036 2309; baseline -0.001 -9"><span class='ocrx_word' id='word_1_346' title='bbox 320 2268 445 2309; x_wconf 71' lang='lat' dir='ltr'>Fowey]</span> <span class='ocrx_word' id='word_1_347' title='bbox 470 2269 597 2300; x_wconf 87' lang='lat' dir='ltr'>Diebus</span> <span class='ocrx_word' id='word_1_348' title='bbox 621 2269 802 2300; x_wconf 89' lang='lat' dir='ltr'>Dominicis</span> <span class='ocrx_word' id='word_1_349' title='bbox 826 2273 860 2300; x_wconf 87' lang='lat' dir='ltr'>et</span> <span class='ocrx_word' id='word_1_350' title='bbox 884 2269 1036 2300; x_wconf 82' lang='lat' dir='ltr'>Festivis.</span> 
     </span>
    </p>
   </div>
   <div class='ocr_carea' id='block_1_9' title="bbox 277 2333 1588 2387">
    <p class='ocr_par' dir='ltr' id='par_1_14' title="bbox 277 2333 1588 2387">
     <span class='ocr_line' id='line_1_44' title="bbox 277 2333 1588 2387; baseline -0.001 -15"><span class='ocrx_word' id='word_1_351' title='bbox 277 2335 334 2373; x_wconf 86' lang='lat' dir='ltr'>St.</span> <span class='ocrx_word' id='word_1_352' title='bbox 358 2335 516 2373; x_wconf 90' lang='lat' dir='ltr'>Mellion</span> <span class='ocrx_word' id='word_1_353' title='bbox 538 2333 688 2387; x_wconf 80' lang='lat' dir='ltr'>[Sancti</span> <span class='ocrx_word' id='word_1_354' title='bbox 709 2336 879 2381; x_wconf 88' lang='lat' dir='ltr'>Mellani,</span> <span class='ocrx_word' id='word_1_355' title='bbox 904 2333 1008 2387; x_wconf 68' lang='lat' dir='ltr'>Ms]</span> <span class='ocrx_word' id='word_1_356' title='bbox 1026 2348 1036 2382; x_wconf 89' lang='lat'>;</span> <span class='ocrx_word' id='word_1_357' title='bbox 1067 2335 1203 2385; x_wconf 84' lang='lat' dir='ltr'>Henry</span> <span class='ocrx_word' id='word_1_358' title='bbox 1223 2335 1451 2380; x_wconf 84' lang='lat' dir='ltr'>Gwothelle,</span> <span class='ocrx_word' id='word_1_359' title='bbox 1474 2335 1588 2380; x_wconf 69' lang='lat' dir='ltr'>R,—</span> 
     </span>
    </p>
   </div>
   <div class='ocr_carea' id='block_1_10' title="bbox 277 2388 1701 2473">
    <p class='ocr_par' dir='ltr' id='par_1_15' title="bbox 277 2388 1701 2473">
     <span class='ocr_line' id='line_1_45' title="bbox 277 2388 1701 2430; baseline 0.001 -10"><span class='ocrx_word' id='word_1_360' title='bbox 277 2389 414 2420; x_wconf 86' lang='lat' dir='ltr'>Licence</span> <span class='ocrx_word' id='word_1_361' title='bbox 430 2389 465 2420; x_wconf 78' lang='lat' dir='ltr'>of</span> <span class='ocrx_word' id='word_1_362' title='bbox 480 2390 731 2420; x_wconf 85' lang='lat' dir='ltr'>non-residence</span> <span class='ocrx_word' id='word_1_363' title='bbox 747 2390 799 2420; x_wconf 81' lang='lat' dir='ltr'>for</span> <span class='ocrx_word' id='word_1_364' title='bbox 815 2400 833 2420; x_wconf 85' lang='lat' dir='ltr'>a</span> <span class='ocrx_word' id='word_1_365' title='bbox 848 2400 935 2430; x_wconf 84' lang='lat' dir='ltr'>year,</span> <span class='ocrx_word' id='word_1_366' title='bbox 952 2392 987 2420; x_wconf 82' lang='lat' dir='ltr'>to</span> <span class='ocrx_word' id='word_1_367' title='bbox 1005 2389 1118 2429; x_wconf 83' lang='lat' dir='ltr'>study,</span> <span class='ocrx_word' id='word_1_368' title='bbox 1135 2388 1153 2403; x_wconf 89' lang='lat'><strong>“</strong></span> <span class='ocrx_word' id='word_1_369' title='bbox 1164 2390 1256 2426; x_wconf 86' lang='lat' dir='ltr'>dum,</span> <span class='ocrx_word' id='word_1_370' title='bbox 1274 2392 1399 2426; x_wconf 84' lang='lat' dir='ltr'>tamen,</span> <span class='ocrx_word' id='word_1_371' title='bbox 1418 2389 1462 2419; x_wconf 88' lang='lat' dir='ltr'>sit</span> <span class='ocrx_word' id='word_1_372' title='bbox 1478 2389 1701 2421; x_wconf 87' lang='lat' dir='ltr'>subdiaconus</span> 
     </span>
     <span class='ocr_line' id='line_1_46' title="bbox 319 2431 817 2473; baseline 0 -10"><span class='ocrx_word' id='word_1_373' title='bbox 319 2433 405 2463; x_wconf 80' lang='lat' dir='ltr'>infra</span> <span class='ocrx_word' id='word_1_374' title='bbox 421 2443 547 2464; x_wconf 89' lang='lat' dir='ltr'>annum</span> <span class='ocrx_word' id='word_1_375' title='bbox 562 2431 578 2445; x_wconf 90' lang='lat'>’⁷</span> <span class='ocrx_word' id='word_1_376' title='bbox 598 2432 702 2472; x_wconf 88' lang='lat' dir='ltr'>(same</span> <span class='ocrx_word' id='word_1_377' title='bbox 718 2434 817 2473; x_wconf 85' lang='lat' dir='ltr'>date).</span> 
     </span>
    </p>
   </div>
   <div class='ocr_carea' id='block_1_11' title="bbox 274 2497 1700 2679">
    <p class='ocr_par' dir='ltr' id='par_1_16' title="bbox 274 2497 1343 2548">
     <span class='ocr_line' id='line_1_47' title="bbox 274 2497 1343 2548; baseline -0.001 -14"><span class='ocrx_word' id='word_1_378' title='bbox 274 2498 545 2548; x_wconf 85' lang='lat' dir='ltr'>Penitentiary</span> <span class='ocrx_word' id='word_1_379' title='bbox 562 2511 572 2546; x_wconf 80' lang='lat'>3</span> <span class='ocrx_word' id='word_1_380' title='bbox 601 2498 908 2535; x_wconf 73' lang='lat' dir='ltr'>Penitenciarius</span> <span class='ocrx_word' id='word_1_381' title='bbox 928 2497 1066 2536; x_wconf 71' lang='lat' dir='ltr'>Sancti</span> <span class='ocrx_word' id='word_1_382' title='bbox 1089 2497 1343 2543; x_wconf 76' lang='lat' dir='ltr'>Germani,—</span> 
     </span>
    </p>

    <p class='ocr_par' dir='ltr' id='par_1_17' title="bbox 274 2551 1700 2679">
     <span class='ocr_line' id='line_1_48' title="bbox 274 2551 1699 2591; baseline 0.001 -9"><span class='ocrx_word' id='word_1_383' title='bbox 274 2552 372 2591; x_wconf 90' lang='lat' dir='ltr'>Item,</span> <span class='ocrx_word' id='word_1_384' title='bbox 389 2553 506 2583; x_wconf 84' lang='lat' dir='ltr'>eodem</span> <span class='ocrx_word' id='word_1_385' title='bbox 523 2552 584 2589; x_wconf 77' lang='lat' dir='ltr'>die,</span> <span class='ocrx_word' id='word_1_386' title='bbox 604 2552 724 2583; x_wconf 71' lang='lat' dir='ltr'>Frater</span> <span class='ocrx_word' id='word_1_387' title='bbox 734 2553 755 2584; x_wconf 87' lang='lat' dir='ltr'>J</span> <span class='ocrx_word' id='word_1_388' title='bbox 758 2552 905 2583; x_wconf 87' lang='lat' dir='ltr'>ohannes</span> <span class='ocrx_word' id='word_1_389' title='bbox 921 2551 1089 2591; x_wconf 85' lang='lat' dir='ltr'>Kyrkade,</span> <span class='ocrx_word' id='word_1_390' title='bbox 1109 2551 1296 2582; x_wconf 72' lang='lat' dir='ltr'>canonieus</span> <span class='ocrx_word' id='word_1_391' title='bbox 1313 2551 1427 2582; x_wconf 83' lang='lat' dir='ltr'>Sancti</span> <span class='ocrx_word' id='word_1_392' title='bbox 1444 2552 1612 2591; x_wconf 83' lang='lat' dir='ltr'>Germani,</span> <span class='ocrx_word' id='word_1_393' title='bbox 1632 2553 1699 2584; x_wconf 80' lang='lat' dir='ltr'>fac-</span> 
     </span>
     <span class='ocr_line' id='line_1_49' title="bbox 316 2594 1700 2636; baseline 0.001 -10"><span class='ocrx_word' id='word_1_394' title='bbox 316 2598 373 2626; x_wconf 87' lang='lat' dir='ltr'>tus</span> <span class='ocrx_word' id='word_1_395' title='bbox 396 2595 464 2626; x_wconf 71' lang='lat' dir='ltr'>fuit</span> <span class='ocrx_word' id='word_1_396' title='bbox 488 2595 748 2626; x_wconf 81' lang='lat' dir='ltr'>Penitenciarius</span> <span class='ocrx_word' id='word_1_397' title='bbox 772 2606 830 2636; x_wconf 90' lang='lat' dir='ltr'>pro</span> <span class='ocrx_word' id='word_1_398' title='bbox 853 2595 1011 2626; x_wconf 90' lang='lat' dir='ltr'>omnibus</span> <span class='ocrx_word' id='word_1_399' title='bbox 1035 2594 1282 2625; x_wconf 84' lang='lat' dir='ltr'>confluentibus</span> <span class='ocrx_word' id='word_1_400' title='bbox 1304 2595 1347 2625; x_wconf 85' lang='lat' dir='ltr'>ad</span> <span class='ocrx_word' id='word_1_401' title='bbox 1373 2595 1561 2627; x_wconf 85' lang='lat' dir='ltr'>Prioratum</span> <span class='ocrx_word' id='word_1_402' title='bbox 1585 2596 1700 2628; x_wconf 77' lang='lat' dir='ltr'>Sancti</span> 
     </span>
     <span class='ocr_line' id='line_1_50' title="bbox 318 2638 1534 2679; baseline 0 -9"><span class='ocrx_word' id='word_1_403' title='bbox 318 2638 476 2670; x_wconf 86' lang='lat' dir='ltr'>Germani</span> <span class='ocrx_word' id='word_1_404' title='bbox 492 2641 526 2669; x_wconf 81' lang='lat' dir='ltr'>et</span> <span class='ocrx_word' id='word_1_405' title='bbox 542 2639 604 2669; x_wconf 87' lang='lat' dir='ltr'>sibi</span> <span class='ocrx_word' id='word_1_406' title='bbox 620 2639 770 2670; x_wconf 84' lang='lat' dir='ltr'>confiteri</span> <span class='ocrx_word' id='word_1_407' title='bbox 786 2639 976 2670; x_wconf 87' lang='lat' dir='ltr'>volentibus</span> <span class='ocrx_word' id='word_1_408' title='bbox 992 2649 997 2677; x_wconf 94' lang='grc'><strong>;</strong></span> <span class='ocrx_word' id='word_1_409' title='bbox 1020 2638 1183 2678; x_wconf 87' lang='lat' dir='ltr'>quamdiu</span> <span class='ocrx_word' id='word_1_410' title='bbox 1200 2638 1345 2669; x_wconf 88' lang='lat' dir='ltr'>Domino</span> <span class='ocrx_word' id='word_1_411' title='bbox 1362 2638 1534 2679; x_wconf 86' lang='lat' dir='ltr'>placuerit.</span> 
     </span>
    </p>
   </div>
   <div class='ocr_carea' id='block_1_12' title="bbox 270 2704 1700 2886">
    <p class='ocr_par' dir='ltr' id='par_1_18' title="bbox 275 2704 733 2754">
     <span class='ocr_line' id='line_1_51' title="bbox 275 2704 733 2754; baseline -0.004 -12"><span class='ocrx_word' id='word_1_412' title='bbox 275 2704 733 2754; x_wconf 42' lang='lat' dir='ltr'>Letters-Dimissoryffi*</span> 
     </span>
    </p>

    <p class='ocr_par' dir='ltr' id='par_1_19' title="bbox 273 2756 1700 2842">
     <span class='ocr_line' id='line_1_52' title="bbox 273 2756 1700 2797; baseline 0.001 -9"><span class='ocrx_word' id='word_1_413' title='bbox 273 2757 463 2788; x_wconf 76' lang='lat' dir='ltr'>—William</span> <span class='ocrx_word' id='word_1_414' title='bbox 487 2758 615 2797; x_wconf 80' lang='lat' dir='ltr'>Preget,</span> <span class='ocrx_word' id='word_1_415' title='bbox 639 2757 739 2796; x_wconf 81' lang='lat' dir='ltr'>clerk,</span> <span class='ocrx_word' id='word_1_416' title='bbox 764 2757 782 2773; x_wconf 89' lang='lat'><strong>“</strong></span> <span class='ocrx_word' id='word_1_417' title='bbox 797 2767 856 2797; x_wconf 90' lang='lat' dir='ltr'>pro</span> <span class='ocrx_word' id='word_1_418' title='bbox 873 2756 1058 2788; x_wconf 84' lang='lat' dir='ltr'>Minoribus</span> <span class='ocrx_word' id='word_1_419' title='bbox 1083 2766 1120 2788; x_wconf 82' lang='lat' dir='ltr'>ac</span> <span class='ocrx_word' id='word_1_420' title='bbox 1144 2756 1413 2789; x_wconf 71' lang='lat' dir='ltr'>subdiaconatus</span> <span class='ocrx_word' id='word_1_421' title='bbox 1437 2760 1472 2789; x_wconf 88' lang='lat' dir='ltr'>et</span> <span class='ocrx_word' id='word_1_422' title='bbox 1497 2758 1700 2790; x_wconf 82' lang='lat' dir='ltr'>Diacouatus</span> 
     </span>
     <span class='ocr_line' id='line_1_53' title="bbox 317 2800 905 2842; baseline 0 -10"><span class='ocrx_word' id='word_1_423' title='bbox 317 2800 499 2833; x_wconf 87' lang='lat' dir='ltr'>Ordinibus</span> <span class='ocrx_word' id='word_1_424' title='bbox 514 2801 710 2841; x_wconf 84' lang='lat' dir='ltr'>recipiendis</span> <span class='ocrx_word' id='word_1_425' title='bbox 728 2802 778 2842; x_wconf 87' lang='lat'>(11</span> <span class='ocrx_word' id='word_1_426' title='bbox 799 2801 905 2839; x_wconf 55' lang='lat' dir='ltr'>Feb).</span> 
     </span>
    </p>

    <p class='ocr_par' dir='ltr' id='par_1_20' title="bbox 270 2843 1526 2886">
     <span class='ocr_line' id='line_1_54' title="bbox 270 2843 1526 2886; baseline 0 -11"><span class='ocrx_word' id='word_1_427' title='bbox 270 2844 474 2877; x_wconf 81' lang='lat' dir='ltr'>-Edmund</span> <span class='ocrx_word' id='word_1_428' title='bbox 491 2844 630 2886; x_wconf 83' lang='lat' dir='ltr'>Santyn,</span> <span class='ocrx_word' id='word_1_429' title='bbox 648 2845 766 2875; x_wconf 85' lang='lat' dir='ltr'>acolite</span> <span class='ocrx_word' id='word_1_430' title='bbox 783 2844 801 2858; x_wconf 86' lang='lat'><strong>“</strong></span> <span class='ocrx_word' id='word_1_431' title='bbox 813 2844 932 2876; x_wconf 82' lang='lat' dir='ltr'>habuit</span> <span class='ocrx_word' id='word_1_432' title='bbox 949 2843 1148 2886; x_wconf 83' lang='lat' dir='ltr'>hujusmodi</span> <span class='ocrx_word' id='word_1_433' title='bbox 1168 2843 1298 2875; x_wconf 85' lang='lat' dir='ltr'>Literas</span> <span class='ocrx_word' id='word_1_434' title='bbox 1312 2844 1328 2856; x_wconf 89' lang='lat'>’&#39;</span> <span class='ocrx_word' id='word_1_435' title='bbox 1347 2844 1401 2883; x_wconf 84' lang='lat'>(17</span> <span class='ocrx_word' id='word_1_436' title='bbox 1420 2845 1526 2886; x_wconf 84' lang='lat' dir='ltr'>Feb.).</span> 
     </span>
    </p>
   </div>
  </div>
 </body>
</html>
