1987 3062
155 384 229 410 A.D.

156 419 227 442 1384,

158 451 216 476 vol.
241 451 260 476 I.

463 280 747 313 REGISTRUM
795 279 1247 312 COMMUNE—ANNO
1284 271 1292 312 1
1309 273 1369 312 40.
1596 271 1689 316 527

311 386 458 423 fructus,
476 387 643 418 redditus,
661 390 695 416 et
714 388 902 425 proventus
919 385 1010 414 dicte
1038 385 1188 415 Ecclesie
1213 386 1340 415 nititur
1357 386 1421 415 sibi
1440 389 1570 417 temere
1595 398 1692 417 usur-

310 441 403 470 pare,
421 431 456 460 in
473 431 582 470 ipsius
607 434 641 461 et
666 430 955 470 parochianorum
980 430 1072 459 dicte
1099 430 1251 459 Ecclesie
1276 431 1471 460 animarum
1496 442 1601 469 grave
1627 432 1692 461 dis-

310 475 475 514 pendium
501 478 536 504 et
561 475 707 504 aliorum
731 474 989 514 quamplurium
1013 474 1245 512 perniciosum
1271 475 1478 514 exemplum.
1527 477 1695 513 Quocirca

308 519 415 556 vobis,
434 519 666 548 communiter
682 524 715 548 et
734 518 882 555 divisim,
899 523 974 554 etc„
993 518 1199 547 mandamus
1216 519 1379 557 quatinus
1403 520 1528 558 palam,
1547 520 1693 559 publice,

308 566 342 592 et
360 573 519 602 expresse
536 563 723 592 inhibeatis
740 562 959 601 parochianis
979 562 1139 591 omnibus
1164 566 1199 591 et
1224 563 1370 599 singulis
1396 563 1548 593 Ecclesie
1574 574 1692 603 supra-

308 607 409 643 dicte,
428 610 461 636 et
482 607 755 646 quibuscumtpie
780 606 866 641 aliis,
885 616 927 635 ne
952 606 1028 645 quis
1052 606 1205 645 ipsorum
1231 606 1343 636 eidem
1370 607 1517 637 Domino
1541 608 1692 638 ι101111111ιί

309 652 434 690 Avery,
460 656 625 690 tanquam
648 651 785 680 Rectori
812 650 963 680 Ecclesie
981 653 1182 687 memorate,
1200 650 1339 680 obediat
1363 652 1620 690 quomodolibet
1639 653 1691 682 vel

308 696 478 731 intendat,
504 705 564 724 3011
587 695 698 724 eidem
725 695 766 724 de
791 694 964 724 fructibus
987 697 1021 723 ct
1046 694 1271 733 proventibus
1295 696 1430 734 prefate
1457 696 1608 726 Ecclesie
1633 697 1692 726 ali-

309 740 458 779 qualiter
474 739 678 775 satisfaciat,
695 739 803 768 donec
821 739 919 768 nobis
937 738 978 767 de
995 738 1098 767 titulo
1120 738 1228 777 ipsius
1252 739 1422 769 ,Iohannis
1446 740 1481 768 in
1507 740 1570 769 hac
1594 744 1693 780 parte

309 784 492 813 sufficienti
510 784 706 813 constiterit
723 783 912 818 evidenter,
931 783 994 811 sub
1019 792 1107 821 pena
1134 783 1513 813 Excommunicacionis
1540 785 1692 824 Majoris,

309 828 345 857 in
377 828 679 858 contravenientes
708 837 775 856 11011
808 827 982 856 immerito
1014 827 1243 856 fulminande.
1306 827 1444 864 Omnes,
1478 829 1627 867 insuper,
1657 836 1691 858 et

311 873 464 909 singulos
497 872 674 911 Sequestri
705 871 815 900 nostri
851 871 886 900 in
925 871 1108 905 fructibus,
1148 871 1352 907 redditibus,
1393 874 1425 901 01
1466 873 1692 911 proventibus

310 917 464 955 predicte
491 916 653 951 Ecclesie,
676 915 760 945 alias
785 915 851 944 rite
873 921 906 944 et
926 915 1080 951 legitime
1101 915 1307 953 interpositi,
1331 916 1516 946 violatores
1544 920 1691 947 temera-

310 961 379 990 rios
413 960 632 989 Sentenciam
666 959 1046 988 Excommunicacionis
1073 959 1214 998 Majoris
1241 959 1275 988 111
1311 959 1517 990 Sanctorum
1547 961 1691 991 Patrum

311 1004 630 1034 Constitue-ionibus
653 1004 687 1032 111
706 1004 769 1033 hac
792 1006 890 1042 parte
907 1003 1048 1042 provide
1073 1003 1190 1040 latam,
1209 1003 1480 1043 dampnabiliter
1495 1005 1692 1043 incurrisse,

310 1059 417 1088 eaque
435 1049 560 1086 ligatos
576 1048 685 1077 fuisse
701 1051 737 1077 et
753 1057 838 1083 esse,
853 1047 887 1076 in
905 1057 1041 1085 genere,
1061 1047 1195 1085 publice
1213 1053 1247 1076 et
1265 1048 1491 1087 solempniter
1508 1050 1691 1084 nuncietis,

310 1096 345 1122 et
361 1093 500 1122 faciatis
516 1102 578 1131 per
594 1092 678 1121 alios
696 1102 790 1121 more
808 1092 911 1121 simili
931 1091 1106 1127 nunciari3
1132 1092 1356 1130 inquirentes,
1374 1093 1628 1130 nichilominus,
1651 1094 1693 1123 (10

310 1137 509 1166 nominibus
526 1139 560 1166 et
577 1136 842 1173 cog-nomiminis
866 1135 1065 1175 hujusmodi
1088 1135 1262 1174 Sequestri
1281 1137 1498 1167 violatorum.
1548 1138 1591 1167 Et
1608 1148 1693 1177 quos

310 1191 350 1210 ac
366 1183 448 1220 quot
466 1181 502 1210 in
526 1181 591 1210 hac
614 1184 713 1220 parte
738 1180 926 1219 culpabiles
951 1190 1010 1209 seu
1031 1180 1220 1209 infamatos
1248 1181 1482 1219 reppereritis,
1501 1182 1615 1211 citetis
1633 1192 1693 1212 seu

310 1225 409 1255 citari
434 1224 572 1254 faciatis
596 1225 746 1257 eosdem,
764 1224 1006 1263 peremptorie,
1031 1224 1121 1262 quod
1147 1228 1370 1263 compareant
1393 1235 1508 1254 coram
1531 1226 1639 1264 nobis,
1658 1227 1693 1256 in

312 1269 466 1298 Manerio
491 1275 610 1298 nostro
635 1269 676 1297 de
699 1268 807 1307 Clyst,
834 1268 984 1297 secundo
1013 1268 1067 1297 die
1095 1268 1250 1297 Juridico
1276 1272 1353 1307 post
1381 1269 1597 1299 Dominicam
1626 1281 1692 1310 qua

311 1316 474 1343 cantatur
487 1313 645 1342 Officium
664 1313 865 1350 Quos-immisi
878 1322 935 1348 9011
944 1312 981 1340 iri
994 1312 1151 1351 proximo
1169 1322 1260 1342 1111110
1277 1314 1443 1349 futuram,
1458 1323 1561 1353 super
1575 1315 1693 1354 liujus-

311 1358 403 1387 modi
422 1357 610 1387 violacione
629 1357 804 1396 Sequestri
828 1357 942 1386 debite
972 1357 1169 1395 responsuri
1187 1361 1222 1385 et
1238 1357 1306 1395 juri
1325 1367 1386 1396 per
1403 1358 1518 1387 onmia
1535 1359 1692 1397 parituri,

310 1412 350 1431 ac
375 1402 416 1431 de
434 1402 580 1430 veritate
606 1401 752 1430 dicenda
776 1401 811 1429 in
836 1401 899 1429 11110
917 1407 1026 1439 parte,
1045 1401 1071 1429 si
1089 1404 1258 1439 oporteat,
1276 1402 1505 1440 personaliter
1520 1402 1671 1441 juraturi
1686 1418 1693 1439 ;

310 1446 524 1484 ulteriusque
561 1445 689 1474 facturi
722 1447 756 1474 et
795 1445 969 1483 recepturi
1001 1444 1092 1484 quod
1122 1445 1263 1484 justicia
1302 1446 1471 1476 suadebit.
1532 1447 1576 1476 Et
1611 1447 1692 1486 quid

310 1489 465 1519 feceritis
482 1490 517 1518 in
535 1489 722 1528 premissis,
741 1489 967 1518 etc.—Dated
985 1492 1020 1518 at
1040 1488 1148 1528 Clyst,
1166 1489 1186 1518 9
1204 1490 1313 1528 April.

264 1555 472 1591 Tawstock
487 1568 498 1600 3
527 1555 775 1602 Sequestrum
804 1553 1079 1602 interpositum
1108 1553 1155 1589 in
1185 1553 1295 1590 bonis
1320 1554 1494 1591 Rea-toris
1520 1556 1564 1592 cle
1596 1556 1694 1592 Tou-

317 1608 427 1653 stoke,
450 1609 541 1655 defu
550 1608 695 1653 neti,—

267 1664 426 1701 Thomas,
447 1666 522 1699 etc.,
549 1664 687 1693 Decano
714 1663 985 1702 Barnastapolie,
1010 1673 1050 1692 ac
1076 1663 1212 1693 Rectori
1239 1664 1392 1693 Ecclesie
1418 1664 1628 1694 Parochialis
1652 1665 1694 1695 de

311 1708 598 1747 Atheryngtone3
625 1717 769 1743 necnon,
797 1707 979 1746 Perpetuis
1004 1707 1152 1736 Vicariis
1178 1708 1410 1737 Ecclesiarum
1438 1709 1692 1739 Parochialium

312 1751 574 1790 Barnastapolie
605 1754 640 1780 et
673 1751 714 1780 de
745 1751 901 1780 Tantone
935 1749 1146 1790 [Episcopi],
1172 1755 1206 1781 et
1239 1752 1386 1781 Domino
1414 1753 1564 1782 ι1011311111
1591 1754 1692 1793 Boys,

311 1796 498 1835 capellano,
516 1796 674 1832 salutem,
692 1795 892 1825 ete—Cum
917 1795 1067 1824 virorum
1095 1795 1428 1833 Ecclesiastieorum,
1446 1807 1485 1826 ac
1509 1798 1693 1836 presertim

312 1840 496 1869 Rectorum
522 1849 561 1869 ac
586 1839 803 1869 Vicariorum
830 1839 1081 1878 Perpetuorum
1107 1840 1339 1869 Ecclesiarum
1365 1841 1456 1870 dicte
1472 1844 1590 1871 nostre
1616 1842 1693 1871 Dio-

310 1884 407 1920 cesis,
425 1884 468 1913 ab
485 1884 652 1913 intestato
669 1883 925 1919 decedencium,
943 1883 1111 1913 bonorum
1136 1884 1290 1913 omnium
1315 1885 1494 1914 mobilium
1519 1886 1693 1915 Adminis-

309 1929 419 1957 tracio
436 1928 478 1957 ad
496 1937 568 1965 nos,
587 1928 628 1957 de
646 1928 789 1967 antiqua
805 1931 840 1956 et
857 1927 1022 1956 laudabili
1040 1929 1299 1962 consuetudine,
1312 1929 1356 1957 sit
1370 1929 1503 1958 notorie
1521 1930 1693 1967 devoluta,

310 1982 349 2002 ae
367 1973 405 2009 si,
423 1972 572 2011 quidem,
591 1972 812 2001 testamentis
829 1972 978 2001 conditis
994 1972 1222 2009 migraverint
1240 1972 1282 2002 ab
1300 1973 1363 2002 hac
1389 1973 1474 2010 luce,
1493 1973 1693 2004 Testamen-

310 2018 424 2046 torum
449 2026 589 2045 suorum
614 2016 813 2055 hujusmodi
839 2016 1047 2053 Insinuacio,
1066 2016 1300 2053 Examinacio,
1318 2019 1352 2046 et
1370 2018 1598 2056 Approbacio,
1616 2028 1693 2048 1100-

309 2071 377 2089 non
395 2060 663 2099 disposicionum
682 2060 894 2090 Ultimarum
913 2070 1053 2089 suarum
1072 2060 1301 2090 Voluntatum
1326 2061 1443 2098 tuicio,
1461 2071 1500 2091 ac
1518 2062 1692 2092 Adminis-

310 2104 474 2133 tracionis
498 2104 666 2133 bonorum
691 2104 890 2143 hujusmodi
915 2114 955 2133 ex
987 2104 1222 2141 Testamento,
1250 2114 1310 2134 seu
1335 2105 1378 2134 ab
1404 2105 1572 2135 intestato
1596 2106 1692 2136 dece-

310 2148 481 2185 dencium,
512 2148 726 2183 Commissio,
753 2151 825 2177 tam
858 2148 899 2177 (10
930 2148 1006 2187 jure
1039 2158 1142 2187 quam
1174 2149 1284 2178 eciam
1313 2150 1563 2179 consuetudine
1595 2151 1693 2180 nobis

270 2201 274 2205 ·
310 2194 506 2230 competere
523 2192 766 2227 dinoscantur,
792 2201 938 2230 cumque
955 2193 1084 2222 nostris
1101 2193 1145 2222 sit
1163 2193 1304 2222 auribus
1328 2194 1464 2223 noviter
1488 2195 1692 2224 nunciatum

155 2497 200 2523 sol.
218 2499 273 2523 122.

310 2236 496 2265 Dominum
522 2236 732 2265 Willehnum
756 2236 976 2273 Wollastone,
995 2237 1177 2266 Rectorem
1202 2237 1284 2266 dum
1301 2237 1388 2266 vixit
1414 2238 1566 2267 Ecclesie
1592 2239 1693 2268 Paro-

310 2280 431 2309 chialis
459 2280 500 2309 de
528 2280 700 2309 Toustoke
728 2279 873 2318 prefate,
906 2281 1008 2310 sortis
1033 2281 1183 2310 humane
1207 2281 1363 2310 debitum
1387 2282 1614 2320 persolvisse;
1651 2293 1694 2312 ne

309 2324 476 2353 bonorum
510 2333 649 2353 suorum
682 2324 872 2361 mobilium,
901 2327 936 2354 et
967 2325 1129 2363 precipue
1162 2325 1495 2363 Ecclesiasticorum,
1524 2327 1693 2357 ammoeio

311 2378 370 2397 seu
408 2367 601 2406 dissipacio,
634 2368 675 2397 (10
715 2368 839 2407 quibus
874 2369 1110 2398 verisimiliter
1147 2368 1386 2407 formidamus,
1426 2370 1692 2409 subsequantur,

310 2412 399 2441 bona
428 2411 567 2441 mobilia
598 2412 760 2441 universa
790 2415 823 2442 et
855 2413 1002 2450 singula,
1035 2422 1100 2452 que
1132 2412 1290 2452 prefatus
1324 2413 1450 2443 Rector
1481 2414 1563 2443 dum
1596 2415 1691 2451 vixit,

310 2459 343 2485 et
376 2456 498 2485 mortis
529 2466 588 2485 3110
621 2458 786 2495 tempore,
811 2456 903 2486 infra
935 2459 1072 2486 nostras
1098 2457 1284 2486 Civitatem
1311 2460 1345 2487 et
1374 2458 1545 2487 Diocesim
1571 2458 1693 2488 habuit

310 2503 345 2529 et
370 2500 531 2538 optinuit,
560 2502 678 2529 tenore
704 2500 925 2530 Presencium
952 2504 1210 2540 sequestramus
1237 2511 1277 2531 ac
1304 2511 1367 2540 per
1394 2511 1454 2531 vos
1482 2503 1692 2541 sequestrari

309 2544 469 2573 volumus
496 2547 531 2574 et
556 2544 782 2581 mandamus;
809 2545 1008 2584 hujusmodi
1036 2546 1146 2574 nostri
1172 2545 1349 2584 Sequestri
1374 2546 1567 2575 custodiam
1595 2547 1693 2576 vobis

309 2588 345 2617 in
374 2588 521 2617 Domino
549 2588 818 2619 committentes.
875 2589 1087 2626 Inhibemus,
1115 2589 1267 2628 insuper,
1295 2592 1330 2619 et
1358 2600 1420 2628 per
1446 2600 1506 2619 vos
1534 2591 1693 2620 volumus

308 2631 466 2669 inhiberi,
485 2632 548 2661 sub
572 2642 662 2671 pena
686 2632 720 2661 111
747 2632 952 2662 Sanctorum
978 2633 1121 2662 Patrum
1140 2633 1460 2663 Constitucionibus
1482 2637 1692 2673 expressata,

308 2685 352 2704 ne
390 2676 466 2715 quis
498 2676 722 2715 Sequestrum
757 2681 915 2706 nostrum
947 2677 1146 2716 hujusmodi
1178 2680 1356 2716 presumat
1388 2680 1519 2707 temere
1552 2679 1691 2708 violare.

309 2719 425 2757 Vobis,
437 2720 554 2757 igitur,
569 2720 782 2759 conjunctim
800 2726 835 2750 et
852 2721 1000 2757 divisim,
1015 2721 1276 2757 committimus
1290 2724 1365 2758 ete„
1380 2722 1543 2760 quatinus
1561 2722 1691 2751 dictum

308 2766 465 2792 nostrum
496 2763 720 2803 Sequestrum
746 2765 805 2802 sic,
828 2768 867 2794 ut
892 2765 1118 2803 premittitur,
1147 2765 1255 2794 fuisse
1282 2768 1315 2793 et
1341 2774 1415 2794 esse
1435 2766 1691 2804 interpositum,

310 2807 391 2836 locis
408 2810 443 2836 et
460 2808 675 2846 temporibus
692 2808 735 2837 ad
753 2808 787 2837 id
805 2809 966 2845 congruis
983 2809 1177 2847 publicetis,
1195 2812 1229 2837 et
1247 2808 1385 2838 faciatis
1402 2819 1464 2848 per
1487 2809 1572 2838 alios
1596 2820 1691 2839 more

309 2851 412 2881 simili
436 2851 614 2893 publicari.
663 2852 831 2890 Citantes,
857 2862 917 2881 seu
941 2852 1041 2882 citari
1066 2852 1245 2891 facientes,
1263 2852 1517 2890 nichilominus,
1535 2863 1691 2895 peremp-
