1987 3062
465 237 753 273 REGISTRUM
790 241 1252 277 coMMoNn-—ANNO
1291 237 1351 281 20.
1580 237 1674 280 245

140 335 216 363 AD·
291 340 439 383 [Hants],
464 347 498 375 et
521 345 619 385 petiit
642 357 676 377 se
700 347 826 378 absolvi
849 348 890 379 ab
915 349 1310 381 Excommunicacionum
1343 350 1526 382 Sentenciis
1550 351 1673 391 quibus

139 370 230 430 {730711J1
291 389 427 426 propter
456 387 670 421 violacionem
702 390 883 423 Libertatis
914 393 1027 424 Sancti
1058 392 1230 433 Stephani,
1263 393 1419 425 Civitatis
1449 394 1606 434 predicte,
1638 397 1674 425 et

237 425 243 431 ’
290 429 443 470 capcione
460 432 634 471 presbiteri
657 435 850 475 supradicti,
876 437 975 467 modo
999 446 1064 477 quo
1088 437 1307 477 premittitur,
1326 448 1392 468 una
1408 448 1484 468 cum
1501 438 1569 468 suis
1585 438 1618 468 in
1636 448 1673 469 ea

289 477 383 512 parte
400 475 623 515 complicibus,
642 478 756 508 extitit
779 479 959 510 innodatus
975 484 1009 510 et
1025 481 1333 512 excommunicatus
1357 481 1487 520 publice
1504 482 1537 512 in
1554 492 1673 522 genere

288 516 517 549 denunciatus.
577 520 630 559 Et,
648 525 779 561 recepto
795 522 836 552 ab
851 524 966 553 eodem
991 524 1150 564 corporali
1169 523 1362 564 juramento
1379 525 1419 555 de
1437 526 1581 565 parendo
1603 525 1673 565 juri

288 562 322 590 et
337 562 457 592 stando
473 563 641 594 mandatis
657 564 810 604 Ecclesie,
825 577 861 596 ac
873 567 1102 607 perimplendo
1118 568 1340 607 penitenciam
1354 568 1416 599 sibi
1428 579 1485 608 pro
1502 569 1671 609 premissis

286 603 537 644 injungendam,
550 610 584 637 et
595 608 685 647 quod
701 608 742 639 de
755 613 863 639 cetero
875 610 999 640 dictam
1014 611 1219 642 Libertatem
1231 612 1345 643 Sancti
1358 612 1520 651 Stephani
1533 612 1670 643 minime

286 647 432 687 violabit,
450 659 509 680 nec
525 651 709 690 permittet,
727 656 894 692 quatenus
917 654 1052 693 poterit,
1070 654 1104 685 in
1121 654 1233 695 aliquo
1249 655 1372 694 violari,
1391 666 1450 686 nec
1474 655 1669 686 violenciam

284 689 490 731 hujusmodi,
507 697 567 724 aut
582 693 739 734 injuriam
758 696 907 736 predicto
924 698 1107 737 presbitero
1124 698 1260 738 illatam,
1279 699 1452 740 quibusvis
1476 699 1668 739 presbiteris

284 743 349 765 non
366 740 537 775 presumet
559 737 665 768 facere
681 739 714 769 in
731 739 913 779 futurum;
936 741 1029 780 item,
1054 742 1144 782 quod
1168 742 1274 772 eidem
1298 743 1482 783 presbitero
1506 742 1667 783 injuriam

283 787 377 817 passo
394 779 583 820 satisfaciet,
603 785 642 812 ut
658 785 792 813 tenetur
809 791 816 818 3
840 794 897 823 per
914 784 1097 815 Dominum
1122 785 1210 816 idem
1234 785 1404 817 Johannes
1421 790 1513 825 tuno,
1531 786 1666 824 ibidem,

281 821 398 852 extitit
413 823 586 855 absolutus
602 825 635 855 in
653 825 760 856 forma
777 827 919 858 Ecclesie
937 832 1103 866 consueta,
1121 832 1155 859 et
1170 830 1355 869 reportavit
1371 830 1499 861 Literas
1515 830 1665 861 testimo-

281 864 385 896 niales
401 876 500 906 super
516 867 578 898 hiis
595 868 731 908 clausas,
749 870 909 910 Magistro
928 872 978 902 W.
996 872 1243 902 Tuddeworthe
1259 873 1413 912 directas,
1432 873 1573 904 formam
1599 883 1666 914 que

279 909 431 948 sequitur
446 911 710 951 continentes,—

240 950 380 983 Domine
398 956 431 983 et
447 953 561 985 Amice
579 956 950 995 precarissime‚—Cum
968 958 1104 999 quidam
1129 959 1299 990 Johannes
1324 960 1365 990 de
1390 960 1598 1000 Canterbyri‚
1623 961 1664 991 de

283 995 428 1027 Civitate
447 998 635 1038 Exoniensi,
652 1000 693 1030 ad
711 1001 913 1040 presenciam
937 1006 1087 1033 nostram
1111 1003 1294 1042 accesserit,
1312 1006 1382 1034 tam
1400 1014 1459 1044 pro
1484 1003 1663 1034 violacione

284 1038 464 1071 Libertatis
481 1041 595 1073 Sancti
622 1043 782 1083 Stephani
804 1055 905 1084 quam
931 1045 1082 1076 horribili
1093 1049 1127 1077 et
1138 1046 1283 1077 violenta
1297 1047 1662 1088 manuuminjeccione,

282 1092 340 1121 per
355 1083 475 1123 ipsum,
493 1085 580 1116 inter
596 1086 686 1125 alios,
703 1087 736 1118 in
754 1088 938 1119 Dominum
962 1089 1151 1120 Johannem
1179 1091 1273 1131 Eyre,
1299 1090 1532 1130 presbiterum,
1550 1091 1661 1131 ipsum

281 1126 449 1165 capiendo,
474 1130 657 1168 tractando,
675 1134 710 1161 et
733 1131 976 1170 incarcerando,
993 1144 1030 1163 ac
1052 1144 1111 1173 per
1135 1134 1317 1164 Civitatem
1341 1134 1534 1174 predictam,
1552 1135 1586 1164 in
1604 1135 1658 1165 de-

281 1173 396 1208 spectu
414 1171 520 1202 tocius
537 1172 670 1203 Ordinis
696 1174 871 1214 Clericalis,
889 1177 1034 1215 quodam
1058 1177 1111 1206 die
1135 1177 1272 1208 Sabbati
1296 1178 1427 1217 publice
1450 1178 1484 1208 in
1508 1178 1579 1208 foro
1595 1181 1659 1208 tra—

281 1211 400 1250 hendo,
418 1214 574 1253 fugando,
591 1219 626 1246 et
641 1217 807 1256 agitando,
825 1229 884 1258 pro
901 1222 1044 1259 utroque
1067 1220 1189 1251 delicto
1213 1221 1410 1251 beneficium
1426 1221 1659 1252 Absolucionis

281 1266 298 1285 a
315 1256 409 1287 nobis
427 1257 598 1290 humiliter
621 1260 755 1299 petierit
773 1272 779 1299 3
804 1272 873 1300 nos,
886 1261 1081 1302 juramento
1098 1264 1139 1294 ab
1155 1265 1271 1294 eodem
1288 1264 1322 1294 in
1338 1264 1444 1294 forma
1465 1264 1550 1305 juris
1568 1265 1659 1304 prius

281 1303 421 1339 recepto,
439 1304 474 1331 ct
490 1303 578 1342 quod
598 1313 770 1344 nunquam
789 1306 933 1344 prefatas
949 1306 1061 1337 Sancti
1080 1307 1242 1347 Stephani
1260 1307 1456 1345 LibertateS,
1477 1318 1534 1347 per
1550 1319 1584 1338 se
1601 1319 1657 1339 seu

280 1349 338 1381 per
354 1343 443 1382 aliOS,
462 1346 598 1376 violabit
613 1347 843 1387 quovismodo,
862 1352 913 1379 set
928 1349 1000 1380 aliis
1017 1351 1148 1381 easdem
1173 1351 1294 1381 violare
1318 1351 1517 1389 volentibus,
1541 1355 1657 1392 quate-

280 1396 343 1415 nus
360 1388 392 1416 in
410 1398 447 1417 eo
464 1392 514 1418 est
530 1389 581 1419 vel
605 1390 678 1429 erit,
703 1401 762 1430 pro
786 1392 912 1423 viribus
936 1393 1004 1423 suis
1028 1394 1308 1433 impedimentum
1332 1395 1495 1434 prestabit
1511 1395 1545 1424 in
1562 1395 1656 1426 futu-

280 1439 364 1465 rum,
393 1434 427 1460 et
450 1433 605 1462 emendas
630 1443 688 1473 per
711 1434 885 1465 arbitrium
911 1439 1061 1467 vestrum
1086 1440 1120 1467 et
1144 1437 1295 1478 Magistri
1312 1438 1475 1468 Johannis
1494 1437 1652 1477 Wyliete,

127 1468 179 1494 fol·
281 1472 475 1505 Cancellarii
492 1476 636 1506 Ecclesie
653 1481 765 1508 nostre
782 1478 977 1510 Exoniensis
995 1481 1183 1520 prescripte,
1200 1481 1427 1519 moderandas,
1441 1481 1546 1512 eidem
1563 1482 1655 1512 Pres-

127 1503 186 1527 14b.
280 1515 396 1556 bitero,
414 1518 459 1548 sic
474 1519 633 1559 injuriam
650 1531 755 1560 passo,
773 1532 832 1561 pro
848 1533 987 1562 persona
1004 1534 1063 1554 sua
1079 1524 1179 1555 faciet
1195 1527 1426 1564 competenter
1443 1535 1449 1561 ς
1473 1525 1583 1564 ipsum
1598 1526 1653 1556 Jo-

277 1559 423 1591 hannem
450 1562 491 1592 de
518 1563 743 1604 Caunterbyri
766 1565 978 1605 absolvimus,
1003 1570 1038 1597 et
1061 1568 1266 1607 penitencias
1290 1568 1529 1608 infrascriptas,
1554 1573 1656 1608 prout

276 1603 371 1634 nobis
388 1605 565 1637 videbatur
581 1608 769 1646 expediens,
786 1609 997 1648 injunximus
1013 1611 1176 1641 salutares
1194 1621 1201 1649 3
1225 1612 1390 1650 videlicet,
1407 1612 1498 1652 quod
1514 1623 1574 1651 pro
1586 1613 1652 1643 vio-

276 1646 401 1678 lacione
414 1648 594 1680 Libertatis
611 1651 725 1682 Sancti
738 1652 911 1692 Stephani,
924 1654 956 1684 in
974 1654 1126 1693 proximo
1144 1655 1205 1685 Die
1223 1655 1396 1686 Dominico
1413 1666 1479 1695 quo
1495 1656 1583 1686 idem
1596 1657 1652 1687 Jo-

275 1689 401 1721 hannes
428 1692 469 1722 de
498 1694 697 1734 Canterbyri
724 1695 830 1727 fuerit
857 1696 890 1726 in
917 1697 1065 1728 Civitate
1093 1699 1283 1737 Exoniensi,
1309 1699 1373 1729 ibit
1398 1699 1440 1729 ad
1472 1699 1651 1730 Ecclesiam

275 1733 389 1764 Sancti
406 1735 578 1775 Stephani,
595 1737 666 1768 sine
682 1739 826 1778 capucio,
851 1750 942 1778 zona,
967 1744 1002 1771 et
1026 1741 1195 1779 mantello,
1214 1745 1248 1772 et
1269 1742 1312 1772 ad
1335 1742 1492 1782 Magnam
1509 1743 1651 1774 Crucem

272 1776 305 1807 in
323 1778 437 1808 eadem
456 1780 600 1811 Ecclesia
616 1782 787 1812 candelam
812 1793 885 1813 cere
908 1784 1064 1823 ponderis
1088 1785 1227 1816 dimidie
1250 1785 1343 1824 libre,
1361 1786 1449 1816 inter
1474 1786 1650 1818 Missarum

274 1821 466 1861 solempnia,
485 1824 603 1855 offerat
619 1835 695 1855 cum
713 1826 835 1857 effectu
849 1835 855 1861 ;
882 1831 917 1858 et
933 1828 1033 1867 quod,
1052 1839 1112 1868 pro
1128 1829 1274 1859 violenta
1290 1839 1452 1860 manuum
1469 1829 1651 1870 injeccione

271 1863 305 1894 in
323 1865 493 1904 prefatum
510 1867 750 1907 Presbiterum,
770 1870 922 1909 proximo
938 1871 991 1901 die
1008 1872 1146 1902 Sabbati
1170 1883 1236 1911 quo
1259 1873 1364 1903 fuerit
1380 1873 1412 1903 in
1430 1873 1547 1904 eadem
1565 1874 1650 1904 Civi-

271 1910 352 1944 tate,
371 1913 446 1948 post
462 1913 575 1941 ortum
592 1912 678 1950 solis,
695 1913 831 1944 accedat
847 1914 889 1944 ad
904 1914 1014 1945 locum
1031 1915 1065 1945 in
1082 1926 1148 1955 quo
1164 1916 1252 1946 iden]
1270 1916 1436 1956 presbiter
1450 1917 1563 1948 fuerat
1575 1928 1648 1958 cap-

271 1953 336 1989 tus,
354 1955 389 1983 et
403 1953 534 1990 abhinc,
550 1955 621 1985 sine
637 1957 781 1996 capucio,
799 1967 890 1996 zona,
914 1961 949 1989 et
972 1959 1142 1996 mantello,
1160 1970 1265 1999 usque
1281 1959 1323 1989 ad
1339 1970 1504 1990 carcerem
1524 1960 1557 1991 in
1583 1971 1650 2001 quo

271 1994 358 2025 idem
379 1996 548 2028 Presbiter
564 1998 798 2037 incarceratus,
815 2011 891 2031 cum
908 2002 1046 2032 candela
1061 2013 1134 2032 cere
1151 2003 1307 2042 ponderis
1324 2003 1424 2034 unius
1440 2003 1523 2034 libre
1541 2007 1646 2035 trans-

269 2037 333 2068 ibit
348 2049 355 2076 ;
378 2042 414 2070 et
429 2040 471 2070 ab
487 2042 603 2072 eodem
627 2053 764 2081 carcere,
782 2044 924 2083 publice,
941 2045 1056 2075 eadem
1074 2045 1155 2076 hora
1171 2047 1246 2085 diei,
1263 2049 1298 2077 et
1321 2057 1380 2086 per
1395 2047 1534 2077 eandem
1559 2048 1647 2079 viam

269 2091 328 2120 per
344 2092 444 2122 quam
467 2084 555 2115 idem
582 2086 750 2117 Presbiter
772 2087 885 2118 fuerat
907 2088 1031 2119 ductus
1054 2099 1160 2129 usque
1182 2090 1225 2120 ad
1249 2091 1385 2120 Portam
1411 2091 1566 2121 Civitatis
1590 2092 1648 2122 ubi

268 2124 356 2155 idem
372 2127 544 2165 presbiter,
562 2139 621 2168 per
633 2130 776 2161 faetores
792 2130 987 2170 hujusmodi
1002 2133 1134 2163 sceleris
1157 2136 1230 2164 erat
1246 2133 1412 2172 dimissus,
1430 2145 1506 2164 cum
1529 2135 1646 2166 eadem

269 2169 404 2199 candela.
420 2174 455 2201 et
471 2172 569 2202 modo
586 2173 746 2212 predictO,
764 2184 801 2204 ac
817 2175 859 2205 ab
876 2175 990 2206 eadem
1009 2177 1111 2207 Porta
1128 2187 1233 2217 usque
1248 2177 1290 2207 ad
1309 2178 1467 2216 Magnum
1480 2177 1595 2208 Altare
1612 2179 1646 2209 in

271 2212 414 2243 Ecclesia
430 2218 544 2245 nostra
561 2216 764 2256 Cathedrali,
783 2228 842 2257 per
864 2218 952 2249 viam
976 2229 1077 2259 quam
1101 2220 1237 2251 duxerit
1260 2220 1458 2260 eligendam,
1476 2222 1644 2261 transibit,

266 2254 390 2286 ibidem
406 2258 577 2289 candelam
594 2260 778 2299 predictam
793 2261 882 2292 infra
898 2262 1075 2293 Missarum
1091 2263 1274 2303 solempnia
1290 2264 1469 2294 offerendo.
1520 2264 1642 2296 Vosin-

266 2300 396 2330 stanter
411 2311 566 2341 rogamus
583 2303 743 2343 quatinus
758 2304 904 2344 aliquem
923 2306 1156 2345 presbiterum,
1174 2317 1232 2337 seu
1248 2307 1405 2337 clericum
1421 2310 1582 2346 vestrum,
1601 2309 1643 2339 ad

268 2340 330 2371 hoc
347 2342 516 2382 idoneum,
536 2345 721 2386 disponatis
744 2348 786 2378 ad
802 2349 1087 2388 supervidendum
1103 2360 1145 2380 an
1162 2350 1349 2390 penitencia
1365 2351 1472 2381 eidem
1489 2351 1643 2391 injuncta

267 2383 410 2417 fideliter
425 2397 485 2427 per
499 2388 608 2428 ipsum
621 2389 803 2430 impleatur
818 2402 826 2428 ;
851 2402 977 2432 nosque
993 2393 1034 2423 de
1050 2396 1123 2424 toto
1140 2393 1228 2424 facto
1244 2404 1304 2424 suo
1320 2393 1353 2424 in
1370 2394 1431 2424 hac
1447 2398 1553 2434 parte,
1579 2395 1643 2426 sub

266 2427 372 2466 sigillo
407 2433 528 2469 vestro,
561 2434 764 2472 quamcicius
799 2436 971 2467 commode
1006 2437 1168 2476 poteritis,
1200 2436 1582 2469 certificand0.—Dated
1605 2442 1641 2470 at

263 2469 448 2512 Faringdon
467 2473 612 2514 (Hants),
631 2478 670 2507 28
689 2478 761 2508 Oct.

222 2513 362 2552 —Item,
387 2516 455 2557 xxij
481 2517 534 2548 die
557 2520 679 2550 mensis
702 2521 910 2558 Novembris,
934 2520 1025 2560 apud
1056 2521 1258 2559 Farendone,
1283 2521 1399 2552 Simon
1424 2523 1581 2555 Grandon
1605 2528 1641 2556 et

267 2555 428 2588 Ricardus
443 2561 605 2602 Medwyn,
620 2563 833 2602 Exonienses,
845 2564 991 2594 absoluti
1002 2564 1143 2594 fuerunt
1157 2574 1214 2603 per
1226 2565 1408 2595 Dominum
1422 2576 1441 2596 a
1454 2566 1640 2599 Sentenciis

265 2601 465 2639 supradictis
482 2614 489 2641 ;
512 2610 646 2645 recepto
663 2607 755 2646 prius
771 2607 814 2638 ab
830 2617 945 2638 eorum
969 2607 1121 2647 quolibet
1142 2607 1336 2648 juramento
1358 2610 1528 2651 corporali,
1554 2614 1614 2642 etc.

221 2652 449 2693 Montacute
470 2658 623 2709 Priory3
645 2660 869 2699 Commissio
889 2675 999 2709 super
1018 2662 1254 2699 conservancia
1272 2662 1427 2700 Prioris
1445 2664 1490 2700 de
1511 2664 1641 2703 Monte

273 2715 382 2745 acuto
397 2733 449 2737 ——

221 2759 373 2800 Thomas,
384 2738 463 2802 ’ete.,
480 2765 501 2795 J
505 2765 617 2797 urium
633 2770 669 2798 et
686 2768 939 2809 Privilegiorum
956 2769 1128 2809 Religiosis
1145 2769 1241 2807 Viris,
1255 2769 1381 2801 Abbati
1397 2777 1432 2802 et
1449 2771 1638 2804 Conventui

262 2804 457 2837 Monasterii
481 2808 716 2850 Cluniaeensis,
733 2822 862 2843 necnon
886 2812 1086 2851 Abbatibus,
1104 2813 1284 2851 Prioribus,
1302 2814 1454 2854 Decanis,
1470 2820 1506 2847 et
1522 2826 1637 2848 eorum

265 2846 506 2881 Conventubus
532 2852 758 2885 Cluniacensis
783 2855 926 2894 Ordinis,
955 2866 974 2886 a
1001 2855 1087 2887 Sede
1113 2856 1304 2896 Apostolica
1328 2857 1547 2898 indultorum,
1574 2870 1641 2891 una
