1987 3062
304 240 398 285 286
515 253 614 285 THE
650 253 889 286 REGISTER
923 253 982 285 OF
1018 253 1195 286 BISHOP
1229 254 1628 291 BRANTYNGHAM.

304 352 378 403 ⁴¹⁴·ss-
451 357 573 393 tamen,
589 354 622 385 in
635 355 790 385 omnibus
801 358 835 385 et
846 366 903 395 per
915 355 1025 385 omnia
1038 356 1193 386 omnibus
1206 359 1240 386 et
1252 357 1390 396 singulis
1408 357 1551 397 juribus,
1566 359 1832 398 libe1·tatibus,et

304 384 395 444 ξέἶι-Ἰ
451 398 750 428 consuetudinibus
763 398 912 438 ejusdem
922 399 1065 429 Ecclesie
1082 400 1226 430 Matricis
1239 401 1490 439 de'l'ounstalle,
1502 405 1536 432 et
1548 402 1627 433 dicti
1639 403 1829 433 Monasterii

361 439 366 445 '
401 440 406 445 '
454 451 490 471 ac
503 441 630 471 Vicarie
645 442 790 481 predicte
804 442 836 472 in
851 442 1238 481 decimis,oblacionibus,
1248 447 1279 473 et
1292 444 1363 474 aliis
1376 445 1633 476 obvencionibus
1646 449 1680 476 et
1691 456 1829 486 proven-

454 485 557 514 tubus
573 485 850 524 quibuscumque,
868 486 909 514 ab
933 486 1054 515 eisdem
1074 486 1279 525 parochianis
1302 497 1436 527 quoquo
1453 489 1561 526 modo,
1579 489 1700 519 debitis
1723 492 1757 519 et
1773 489 1826 519 de-

454 528 609 558 ferendis.
657 529 718 564 Ita,
737 532 859 566 tamen,
877 534 912 558 et
928 528 990 559 hoc
1016 534 1090 559 acto
1109 529 1196 559 inter
1219 540 1278 560 nos
1294 531 1479 570 specialiter
1502 539 1536 561 et
1559 542 1721 572 expresse,
1739 533 1828 572 quod

454 571 567 601 eadem
588 571 721 609 Capella
750 572 940 601 parochiam
970 583 1027 602 seu
1047 573 1258 612 parochianos
1286 584 1351 603 non
1369 573 1490 604 habeat
1515 585 1574 604 nec
1591 575 1725 605 habebit
1758 586 1827 614 pro-

456 614 542 652 prios
559 618 593 644 et
609 615 799 652 distinct0s;
816 615 940 645 scilicet
957 626 1071 645 omues
1088 619 1122 645 et
1145 616 1267 654 singuli
1283 618 1371 656 apud
1389 617 1510 647 Villam
1528 619 1569 648 ‹le
1594 618 1827 657 Dertemuthe,

456 658 543 688 infra
560 657 641 687 fines
658 661 692 688 et
709 658 830 688 limites
849 658 1003 688 Parochie
1014 659 1102 689 dicte
1120 660 1263 689 Ecclesie
1281 660 1479 699 habitantes,
1497 665 1749 700 commorantes,
1768 672 1826 692 seu

453 701 555 731 larem
584 701 745 740 foventes,
764 701 951 741 parochiani
980 702 1130 742 ejusdem
1158 703 1299 733 Ecclesie
1327 704 1367 733 ‹le
1393 704 1595 742 Touustalle,
1625 708 1726 744 prout
1753 705 1824 735 hac-

454 748 552 774 tenus
579 745 726 782 fuerunt,
746 745 966 775 remanebunt
993 746 1152 776 continuo
1179 746 1211 776 in
1238 747 1404 784 futurum,
1425 758 1461 776 ac
1488 747 1522 777 in
1544 748 1765 778 reverenciam
1793 751 1828 778 et

453 788 610 818 honorem
636 788 785 828 ejusdem
814 788 957 818 Ecclesie
982 789 1136 827 Matricis,
1155 793 1188 818 et
1211 789 1245 819 in
1273 790 1405 829 signum
1422 790 1650 830 subjeccionis,
1668 791 1768 821 semel
1792 791 1826 821 in

453 842 548 868 nnnc,
562 832 715 861 videlicet
732 832 762 861 iu
783 832 881 862 Festo
895 833 1014 861 Sancte
1031 833 1128 862 Man-ie
1146 833 1346 871 Magdalene,
1360 833 1498 872 singulis
1510 834 1614 872 anuis,
1629 835 1670 864 ad
1687 834 1824 864 eandem

454 875 632 905 Ecclesiam
653 875 823 905 Matricem
841 876 999 905 accedent
1016 886 1023 912 ;
1047 879 1080 905 et
1097 880 1189 913 tunc,
1211 876 1262 906 vel
1288 877 1459 906 Dominica
1475 878 1639 917 sequenti,
1658 878 1690 907 in
1710 877 1825 908 eadem

453 918 606 956 Ecclesia,
620 919 760 958 quilibet:
783 919 964 948 eorundem
983 919 1253 958 parochianorum
1277 920 1366 959 apud
1385 920 1604 950 Dertemuthe
1621 931 1823 951 commoran-

452 963 539 992 cium
554 962 699 998 adultus,
711 961 952 1001 cujuscumque
965 962 1164 992 condicionis
1177 963 1288 1000 fuerit,
1302 963 1475 993 denarium
1487 964 1535 993 vel
1551 964 1686 994 obulum
1701 964 1825 1003 offeret,

453 1009 553 1045 prout
575 1016 632 1045 per
663 1005 749 1044 ipsos
774 1005 881 1035 offerri
908 1005 1066 1035 hactenus
1090 1006 1261 1035 consuevit
1283 1006 1317 1036 iu
1341 1006 1412 1036 aliis
1435 1006 1551 1044 Festis,
1576 1008 1616 1037 ad
1642 1007 1703 1037 hoc
1725 1007 1825 1047 juxta

453 1049 738 1079 Constitucionem
767 1048 955 1079 Sinodalem
982 1049 1176 1088 hujusmodi
1199 1049 1394 1088 deputatis;
1429 1050 1560 1089 quibus,
1579 1050 1823 1089 nichilominus,

452 1093 573 1127 singuli
598 1092 784 1131 parochiani
808 1092 934 1128 offerre,
961 1092 1047 1122 sicut
1071 1092 1174 1131 prius,
1205 1095 1366 1131 perpetuo
1390 1096 1576 1124 teneantur.
1633 1094 1710 1131 Nos,
1738 1104 1824 1132 vern,

454 1136 649 1173 willelmus,
673 1135 843 1166 Johannes
868 1135 958 1173 (etc),
983 1139 1017 1164 et
1042 1135 1143 1165 ceteri
1166 1146 1279 1165 omnes
1304 1136 1491 1175 parochiani
1515 1137 1603 1166 dicte
1625 1137 1764 1167 lCcclesie
1780 1137 1822 1167 de

423 1197 426 1199 ·
454 1179 656 1216 Touustalle,
674 1179 763 1218 apud
779 1178 901 1208 Villam
914 1179 955 1208 de
972 1179 1194 1208 Dertemuthe
1206 1179 1387 1218 predictam
1404 1179 1629 1210 inhabitantes
1646 1184 1680 1210 et
1697 1190 1822 1210 moram

452 1222 534 1252 inibi
551 1222 718 1259 facientes,
743 1221 801 1261 qui
820 1232 936 1251 sumus
959 1222 999 1251 ad
1026 1232 1170 1261 presens,
1196 1232 1232 1252 ac
1258 1222 1394 1252 heredes
1421 1226 1454 1252 et
1479 1233 1681 1254 successores
1705 1224 1819 1262 nostri,

451 1266 655 1306 quicumque
683 1265 872 1305 parochiani
896 1265 1045 1305 ejusdem
1076 1265 1215 1295 lCcclesie
1239 1265 1363 1295 ibidem
1386 1265 1612 1296 inhabitantes
1640 1270 1741 1297 erunt
1764 1277 1822 1306 pro

451 1312 612 1349 tempore,
630 1309 662 1338 in
690 1309 854 1346 futurum,
871 1308 904 1338 in
929 1308 1018 1338 dicta
1044 1308 1185 1347 Capella,
1204 1312 1364 1348 tanquam
1393 1309 1434 1338 ab
1460 1309 1601 1339 Ecclesia
1626 1310 1764 1340 Matrice
1780 1310 1822 1340 de

449 1352 643 1383 Tounstalle
671 1352 891 1391 dependente,
925 1362 1000 1381 cum
1034 1352 1154 1382 nostris
1185 1352 1389 1391 sumptubus
1414 1356 1533 1390 erecta,
1561 1356 1761 1392 constructa,
1788 1356 1823 1383 et

449 1398 637 1426 consecrata
660 1395 773 1432 fuerit,
802 1399 840 1424 ut
864 1395 1040 1434 prefertur,
1057 1395 1177 1425 Divina
1204 1395 1318 1426 Officia
1343 1396 1497 1426 celebrari
1523 1407 1580 1435 per
1607 1397 1823 1436 Capellanum

448 1439 583 1477 ibidem,
601 1438 722 1469 nostris
738 1442 772 1468 et
787 1449 901 1468 eorum
925 1438 1104 1469 dumtaxat
1126 1442 1161 1468 et
1183 1439 1362 1468 insolidum
1386 1440 1589 1478 sumptubus
1612 1443 1646 1470 et
1673 1440 1824 1480 expensis

448 1482 686 1513 inveniendum
703 1485 737 1512 et
753 1482 1023 1520 sustentandum,
1041 1482 1209 1522 perpetuis
1229 1482 1442 1520 temporibus,
1468 1482 1625 1512 faciemus
1648 1486 1682 1513 et
1700 1483 1824 1513 facient

448 1527 481 1556 in
514 1526 695 1563 futurum;
731 1525 903 1565 ipsamque
928 1525 1105 1565 Capellam,
1139 1528 1178 1555 ut
1204 1525 1371 1564 Capellam
1399 1526 1440 1555 ab
1466 1526 1580 1556 eadem
1607 1526 1751 1556 Ecclesia
1781 1527 1823 1556 de

447 1569 641 1599 Tounstalle
656 1569 899 1608 dependentem
917 1572 951 1598 et
966 1579 1025 1608 pro
1050 1569 1182 1608 Capella
1205 1569 1410 1609 hujusmodi,
1434 1572 1468 1599 et
1494 1569 1617 1599 dictam
1644 1570 1823 1600 Ecclesiam

449 1617 488 1643 ut
504 1616 652 1643 nostram
670 1616 704 1642 et
719 1622 833 1642 eorum
852 1611 1029 1642 Ecclesiam
1049 1612 1271 1642 Parochialem
1289 1616 1323 1641 et
1339 1612 1522 1650 Matricem,
1540 1616 1574 1643 et
1592 1623 1651 1652 pro
1678 1613 1820 1643 Ecclesia

448 1656 653 1696 hujusmodi,
671 1656 788 1694 palam,
808 1655 946 1694 publice,
964 1660 998 1685 et
1014 1666 1166 1695 expresse
1183 1655 1382 1694 tenebimus,
1400 1655 1605 1694 habebimus,
1622 1660 1657 1686 et
1673 1656 1820 1686 nomina-

448 1699 568 1737 bimus,
593 1699 769 1736 tenebunt,
795 1698 977 1737 habebunt,
1007 1702 1042 1729 et
1065 1699 1297 1733 nominabunt,
1325 1709 1361 1728 ac
1388 1699 1547 1729 faciemus
1571 1703 1605 1729 et
1630 1699 1762 1738 facient,
1787 1699 1819 1729 in

448 1746 612 1782 quantum
641 1742 825 1782 poterimus
849 1745 883 1772 et
909 1744 1079 1779 poterunt,
1106 1742 1147 1771 ab
1170 1742 1241 1772 aliis
1264 1741 1394 1781 publice
1418 1742 1589 1772 nominari.
1644 1743 1820 1782 Ipsamque

450 1786 627 1816 Ecclesiam
651 1786 692 1815 de
708 1784 911 1823 Tounstalle,
929 1788 968 1814 ut
992 1785 1171 1814 Ecclesiam
1189 1788 1337 1814 nostram
1355 1785 1577 1815 parochialem
1596 1788 1629 1815 et
1646 1785 1817 1816 Matricem

448 1827 559 1859 debite
575 1831 780 1865 venerantes,
806 1828 839 1858 in
863 1828 1008 1865 decimis,
1026 1828 1261 1866 oblacionibus,
1285 1831 1319 1857 et
1342 1827 1608 1868 quibuscumque
1630 1828 1762 1869 juribus
1786 1832 1820 1859 et

448 1872 676 1912 proventubus
704 1871 937 1901 Ecclesiastieis
962 1882 1018 1909 per
1040 1882 1098 1900 nos
1122 1875 1155 1901 et
1176 1881 1230 1901 eos
1257 1871 1387 1909 debitis,
1412 1881 1627 1910 agnoscemus
1646 1875 1681 1903 et
1704 1882 1818 1912 agnos-

447 1919 532 1953 cent,
558 1919 593 1945 et
616 1926 673 1954 pro
697 1914 820 1945 talibus
845 1914 1049 1954 parochianis
1072 1914 1175 1953 ipsius
1200 1914 1342 1944 Ecele>ie
1366 1914 1558 1953 insolidum,
1584 1918 1618 1944 et
1642 1926 1707 1945 non
1731 1915 1819 1945 dicte

449 1958 590 1998 Capelle,
604 1958 754 1988 totaliter
771 1968 829 1987 nos
846 1967 997 1997 geremus
1016 1957 1164 1995 ubilibet,
1182 1960 1216 1987 et
1232 1968 1265 1987 se
1281 1962 1397 1996 gerent
1411 1968 1418 1993 ;
1442 1968 1478 1988 ac
1495 1958 1632 1988 eandem
1651 1958 1817 1998 Capellam

446 2001 641 2041 hujusmodi
658 2001 837 2040 Capellam,
851 2005 885 2030 et
902 2000 1079 2030 Ecclesiam
1106 2001 1288 2039 predictam
1314 2000 1506 2040 hujusmodi
1525 2001 1703 2031 Ecclesiam
1720 2002 1817 2032 Paro-

295 2039 355 2084 [(01.
447 2045 586 2075 chi-alem
611 2048 645 2075 et
670 2044 851 2080 Matricem,
869 2054 995 2083 nosque
1012 2047 1046 2074 et
1062 2054 1115 2073 eos
1133 2043 1345 2083 parochianos
1362 2044 1464 2083 ipsius
1482 2044 1624 2074 Ecclesie
1640 2045 1817 2076 dumtaxat

294 2074 369 2104 'flul
447 2088 549 2118 fuisse
566 2092 601 2119 et
617 2098 685 2118 esse
703 2088 822 2117 debere
839 2087 1008 2126 perpetuis
1025 2087 1230 2126 temporibus
1247 2087 1428 2117 fatebimur
1444 2091 1478 2117 et
1495 2087 1700 2127 fatebuntur,
1718 2092 1819 2128 prout

446 2132 559 2162 taliter
575 2142 632 2171 per
656 2132 830 2161 Presentes
853 2130 1115 2170 recognoscimus
1132 2134 1167 2160 et
1190 2130 1345 2160 fatemur.
1394 2130 1599 2169 Oblaciones,
1618 2131 1730 2170 eciam,
1754 2131 1817 2162 sub

448 2175 545 2205 modo
561 2178 594 2204 et
611 2175 716 2205 forma
733 2173 909 2214 premissis,
928 2175 960 2203 in
979 2174 1067 2204 dicta
1087 2173 1228 2204 Ecclesia
1244 2174 1285 2203 de
1301 2174 1503 2211 Tounstalle,
1520 2174 1554 2204 in
1579 2175 1678 2205 Festo
1695 2175 1816 2205 Sancte

444 2218 547 2248 Mai-ie
573 2218 763 2257 Magdalene
787 2217 839 2247 vel
863 2217 1033 2247 Dominica
1051 2217 1212 2256 sequenti,
1230 2227 1266 2246 ac
1289 2217 1444 2247 omnibus
1467 2217 1538 2247 aliis
1564 2218 1668 2247 Festis
1692 2221 1726 2248 et
1748 2218 1816 2248 die-

444 2262 507 2291 bus
538 2261 660 2301 quibus
685 2261 799 2291 offerre
823 2263 920 2290 antea
951 2260 1157 2297 tenebamur,
1182 2263 1216 2290 et
1240 2263 1340 2299 prout
1367 2260 1526 2290 hactenus
1553 2261 1753 2299 solebamus,
1780 2261 1814 2291 in

444 2305 515 2344 ipsa
532 2304 664 2344 Capella
680 2304 791 2334 debite
809 2303 967 2333 faciemus
984 2307 1017 2333 et
1034 2303 1166 2340 facient,
1183 2303 1277 2332 annis
1293 2303 1431 2342 singulis
1447 2303 1478 2333 in
1497 2304 1662 2335 futurum.
1709 2304 1814 2344 Ipsas-

443 2359 508 2388 que
521 2348 715 2386 oblaciones,
729 2351 764 2377 et
779 2347 858 2377 alias
874 2347 907 2376 in
924 2347 1037 2376 eadem
1053 2346 1185 2386 Capella
1202 2346 1453 2386 quomodolibet
1468 2347 1644 2385 faciendas,
1662 2347 1814 2385 decimas,

442 2391 526 2431 jura,
551 2395 585 2421 et
615 2391 832 2421 obvenciones
855 2400 1082 2430 quascumque
1108 2389 1360 2427 Ecclesiasticas,
1385 2400 1403 2419 a
1427 2390 1631 2428 parochianis
1658 2390 1815 2430 predictis

443 2435 661 2475 quovismodo
685 2434 814 2464 debitas
837 2437 872 2464 et
894 2433 1069 2469 debendas,
1094 2433 1192 2463 dictis
1220 2432 1390 2471 Religiosis
1414 2433 1510 2470 Viris,
1536 2433 1639 2473 ipsius
1672 2433 1815 2464 Ecclesie

443 2478 586 2515 nomine,
606 2488 642 2508 ac
658 2477 788 2508 Vicario
812 2477 977 2516 Perpetuo
1000 2476 1150 2516 ejusdem
1174 2476 1231 2514 qui
1254 2486 1313 2515 pro
1337 2479 1486 2515 tempore
1510 2476 1621 2515 fuerit,
1647 2479 1814 2516 quatenus

443 2522 488 2551 eis
515 2521 627 2551 debite
650 2521 786 2558 fuerint,
810 2520 1056 2559 imperpetuum
1082 2519 1304 2559 persolvemus
1328 2519 1532 2555 integraliter
1554 2523 1589 2550 et
1612 2520 1809 2559 persolvent.

444 2564 560 2601 Onera,
584 2565 729 2604 insuper,
765 2563 1022 2593 construccionis
1057 2573 1140 2592 nove
1171 2562 1277 2592 tocius
1309 2562 1440 2601 Capelle
1467 2562 1614 2602 predicte
1645 2565 1678 2593 et
1709 2563 1811 2593 eciam

444 2607 587 2637 Cancelli
604 2607 765 2647 ejusdem,
782 2606 809 2636 si
825 2617 907 2645 opus
923 2606 1025 2636 fuerit
1040 2606 1073 2636 in
1090 2606 1257 2643 futurum,
1274 2615 1310 2635 ae
1334 2605 1522 2636 refeccionis
1541 2609 1574 2636 et
1597 2606 1813 2645 reparacionis

442 2651 622 2680 eorundem
648 2650 792 2681 Cancelli
820 2653 854 2680 et
891 2649 1030 2688 Capelle,
1059 2649 1276 2688 omniumque
1306 2652 1341 2678 et
1374 2648 1582 2687 singulorum
1605 2649 1810 2685 defectuum,

441 2693 743 2733 quocienscumque
760 2696 794 2723 et
809 2692 1095 2732 qualitercumque
1111 2702 1200 2722 nunc
1223 2696 1257 2721 et
1279 2691 1312 2721 in
1335 2695 1503 2731 posterum
1528 2692 1754 2731 yminencium
1777 2692 1811 2722 in

442 2736 575 2774 eisdem,
600 2747 636 2767 ac
659 2736 862 2766 invencionis
884 2738 919 2766 et
941 2735 1195 2766 sustentacionis
1219 2733 1413 2774 hujusmodi
1439 2735 1607 2774 Capellani
1637 2735 1671 2765 in
1695 2735 1810 2765 cadem

441 2778 574 2818 Capella
596 2779 792 2810 celebrantis
808 2781 843 2809 et
858 2778 1066 2816 celebraturi,
1086 2778 1328 2817 Librorumque
1344 2777 1606 2817 Mamm-alium,
1623 2780 1657 2808 et
1672 2778 1811 2808 aliorum

442 2822 669 2863 quorumlibet
685 2822 964 2854 ornamentorum
983 2825 1016 2852 et
1032 2821 1290 2852 necessariorum
1306 2821 1339 2851 in
1356 2822 1481 2859 eadem,
1493 2821 1592 2862 juxta
1608 2821 1809 2852 Constituci-
