1987 3062
268 201 363 243 266

266 312 341 338 A..D

267 346 341 372 1372.

269 380 332 408 Vol
349 380 370 406 Ι

279 2264 337 2294 [sol.

276 2298 352 2328 23bj

276 2482 325 2508 sol.

276 2517 319 2542 22.

471 211 570 243 THE
608 212 846 244 REGISTER
885 213 943 244 OF
979 212 1157 245 BISHOP
1192 212 1592 248 BRANTYNGHAM.

418 318 452 344 et
475 314 640 353 liberatas,
665 315 882 352 decrevimus,
908 317 1008 354 prout
1031 314 1206 345 actualiter
1229 314 1467 351 inchoavimus,
1484 315 1699 356 personaliter
1722 313 1799 344 visi-

418 358 561 396 tandas3
586 358 688 396 vobis,
707 358 851 388 subditis
873 358 1006 393 nostris,
1034 358 1162 388 notorie
1185 358 1376 389 inhibentes
1399 359 1432 389 in
1457 357 1581 389 eisdem
1598 369 1639 389 ne
1656 369 1713 399 per
1729 368 1797 394 vos,

419 401 522 432 alium
539 412 598 432 seu
615 401 707 439 alios,
727 401 759 431 in
778 401 1019 432 ‚Jurisdiceione
1041 401 1305 432 Archidiaconali
1329 403 1573 442 procedendum
1591 405 1650 432 aut
1666 411 1798 441 cognos-

419 445 562 475 cendum
592 445 782 484 quicqu-im,
807 445 840 475 in
874 444 1099 485 piejudicium
1131 445 1343 475 Visitacionis
1374 449 1486 476 nostre
1512 445 1668 485 piedicte,
1693 448 1735 482 et,
1763 455 1800 474 ea

418 489 562 518 durante
590 492 624 518 et
651 488 818 528 pendente
842 488 1021 528 inexpleta,
1048 488 1267 528 quovismodo
1290 490 1548 529 attemptaretis,
1567 499 1624 519 seu
1648 487 1801 519 faceietis

418 531 610 571 aliqualiter
632 531 838 569 attemptari,
864 531 1043 571 quominus
1066 531 1099 561 iu
1125 532 1279 562 omnibus
1303 532 1440 562 solidam
1465 531 1742 562 Jurisdiccionem
1766 531 1800 560 in

418 574 615 614 hujusmodi
633 574 834 605 Visitacione
858 578 981 611 nostia,
1000 578 1034 604 et
1050 575 1082 604 in
1101 575 1359 605 Visitacionibus
1383 575 1610 605 consimilibus
1627 575 1799 606 Predeces-

419 629 530 648 sorum
550 621 739 648 nostrorum
765 618 921 648 usitatam
943 618 1073 657 pacifice
1091 622 1124 648 et
1140 619 1323 657 obtentam,
1342 619 1443 649 libere
1466 629 1615 649 exercere
1632 618 1800 649 valeamus

419 661 584 691 ordinario
615 662 691 701 jure
722 665 844 692 nostro.
906 662 984 698 Vos,
1019 665 1142 699 tamen,
1175 665 1250 702 post
1281 665 1315 692 et
1347 665 1463 693 contra
1493 662 1735 693 Inhibicionem
1767 663 1801 691 et

420 705 601 735 Decretum
628 708 741 735 nostra
766 705 923 744 predicta,
952 705 1118 735 abstinere
1145 716 1164 735 a
1190 705 1304 736 vetitis
1332 716 1397 736 non
1426 712 1589 741 curantes,
1618 704 1797 735 nonnullos

419 748 572 778 subditos
589 751 731 786 nostros,
751 759 808 788 per
825 759 881 778 vos
905 752 940 779 et
955 749 1044 787 alios,
1062 749 1233 779 Ministros
1250 752 1385 788 vestros,
1404 749 1436 779 in
1455 760 1531 779 casu
1548 760 1564 778 a
1581 748 1656 789 jure
1671 752 1705 778 et
1721 758 1799 778 con·

420 793 598 822 suetudine
622 792 714 822 vobis
742 803 807 822 nou
837 792 1005 832 permisso,
1031 792 1133 822 eciam
1162 795 1276 822 contra
1304 793 1381 831 vim,
1406 793 1558 830 formam,
1583 795 1617 822 et
1643 792 1798 822 effectum

419 835 503 875 juris
530 835 645 873 nostri,
670 835 703 865 in
728 836 1010 866 contradictorum
1033 835 1159 875 judicio
1187 836 1219 866 in
1247 839 1395 876 tempore
1423 835 1665 866 Predecessoris
1693 835 1798 865 nostri

419 879 594 909 inmediati
610 879 642 908 in
661 889 698 908 ea
715 882 807 918 parte
831 879 1034 909 sufficienter
1049 882 1083 908 et
1100 878 1210 909 debite
1235 879 1402 917 declarati,
1422 879 1576 919 Capitula
1593 878 1798 916 celebrando,

420 925 455 952 et
480 922 521 952 ad
546 922 723 952 nonnullos
750 926 845 952 actus
868 922 963 952 nobis
989 922 1219 962 prejudiciales
1245 923 1452 962 procedendo
1476 923 1516 953 de
1540 923 1639 959 facto,
1659 932 1735 952 cum
1760 922 1801 951 de

419 965 493 1006 jure
510 968 544 995 et
567 966 809 995 consuetudine
833 976 896 996 non
923 965 1095 1003 debuistis,
1113 966 1153 995 ad
1175 965 1340 1005 judicium
1367 976 1474 996 coram
1500 966 1594 996 vobis
1618 965 1802 996 mandastis

420 1012 455 1039 et
471 1009 596 1039 fecistis
613 1009 739 1038 evocari
756 1019 764 1045 ;
789 1019 834 1047 ac,
852 1009 993 1039 scientes
1017 1009 1208 1048 corrigenda
1231 1012 1266 1039 et
1281 1010 1492 1039 reformanda
1509 1020 1565 1048 per
1582 1019 1641 1039 nos
1658 1009 1689 1038 in
1708 1008 1801 1038 brevi

421 1055 580 1092 tempore,
603 1052 740 1082 diversis
764 1052 1038 1083 concurrentibus
1061 1052 1311 1092 impedimentis
1335 1052 1452 1083 mediis
1476 1052 1629 1083 Officium
1647 1055 1799 1082 nostrum

421 1095 696 1126 concernentibus
720 1096 897 1134 Pastor-ale,
922 1106 988 1126 non
1018 1106 1111 1135 posse
1138 1096 1355 1126 indeliberate
1382 1096 1423 1126 ad
1452 1096 1588 1135 plenum
1617 1095 1800 1134 reformari,

422 1139 616 1179 proponitis,
634 1143 673 1169 ut
689 1138 925 1176 intelleximus,
944 1139 1043 1179 quod,
1062 1139 1143 1169 dum
1161 1139 1354 1169 Visitacioni
1372 1142 1482 1169 nostre
1499 1139 1706 1169 intendimus
1722 1149 1799 1178 gen-

421 1182 509 1220 erali,
529 1182 693 1221 Capitula‚
712 1185 746 1212 et
762 1182 825 1212 alia
842 1182 936 1212 nobis
952 1182 1081 1212 racione
1105 1185 1140 1212 et
1156 1193 1195 1212 ex
1209 1193 1305 1213 causa
1322 1182 1532 1213 Visitacionis
1549 1183 1677 1222 prefate
1690 1181 1800 1222 preju-

421 1225 552 1256 dicialia
564 1229 685 1262 tenere,
703 1229 916 1265 attemptare,
931 1229 964 1256 et
981 1236 1132 1256 exercere
1144 1236 1201 1264 per
1218 1236 1274 1256 vos
1291 1228 1325 1256 et
1342 1229 1469 1256 vestros
1486 1236 1493 1263 ;
1519 1237 1556 1256 ac
1574 1226 1658 1256 Loca
1674 1230 1708 1256 et
1725 1226 1800 1256 Per-

422 1280 517 1299 sonas
535 1279 592 1308 per
610 1279 668 1299 nos
686 1269 831 1305 visitata,
851 1280 887 1299 ac
904 1280 1003 1309 super
1028 1272 1062 1299 et
1088 1269 1129 1299 de
1153 1269 1291 1309 singulis
1315 1269 1347 1299 in
1366 1270 1454 1299 dicta
1470 1269 1671 1300 Visitacione
1688 1272 1801 1299 nostra

423 1312 505 1343 actis
530 1314 563 1343 et
587 1312 780 1350 inactitatis,
799 1323 875 1343 cum
899 1312 1116 1343 festinacione
1139 1312 1290 1343 indebita
1313 1315 1347 1342 et
1370 1313 1505 1343 insolita
1522 1313 1666 1350 visitare,
1687 1315 1801 1343 nostra

422 1356 537 1386 eadem
551 1356 752 1386 Visitaoione
769 1366 809 1385 ex
827 1356 933 1386 causis
950 1356 1127 1386 antedictis
1143 1355 1328 1387 indiscussa
1341 1357 1507 1396 pendente
1523 1359 1558 1386 et
1573 1357 1750 1396 inexpleta,
1768 1356 1800 1386 in

423 1402 575 1429 nostrum
589 1409 625 1429 ac
639 1399 803 1429 ordinarie
816 1399 1067 1430 Jurisdiccionis
1081 1402 1192 1429 nostre
1210 1399 1432 1440 prejudicium
1450 1399 1617 1430 notorium
1632 1403 1666 1430 et
1677 1399 1799 1430 illusio-

424 1453 500 1473 nem
514 1453 551 1472 ac
562 1446 795 1482 contemptum
807 1443 1010 1473 manifestos.
1029 1442 1196 1480 Volentes,
1208 1443 1321 1483 igitur,
1330 1443 1529 1473 ordinariam
1541 1447 1687 1473 nostram
1695 1442 1801 1474 Juris-

424 1486 606 1516 diceionem
622 1486 697 1526 jure
720 1489 835 1516 nostro
860 1486 1025 1516 ordinario
1048 1486 1235 1525 defendere,
1262 1491 1300 1517 ut
1324 1489 1488 1526 tenemur,
1506 1497 1564 1517 vos
1587 1490 1701 1517 tenore
1726 1487 1801 1517 Pre-

424 1529 572 1560 sencium
597 1529 797 1569 requirimus
815 1533 848 1560 et
866 1540 1050 1568 monemus,
1068 1540 1105 1560 ac
1121 1528 1213 1560 vobis
1230 1530 1430 1560 auctoritate
1447 1532 1560 1560 nostra
1576 1529 1751 1566 ordinaria,
1770 1530 1803 1559 in

424 1573 550 1603 virtute
568 1573 766 1604 Obediencie
784 1576 818 1603 et
842 1573 904 1603 sub
921 1584 1005 1613 pena
1022 1571 1390 1603 Excommunicacionis
1408 1573 1552 1614 Majoris,
1569 1584 1680 1613 quam,
1698 1573 1725 1603 si
1742 1573 1805 1603 hiis

424 1616 678 1653 Monicionibus,
710 1614 890 1655 Mandatis,
920 1620 954 1646 et
981 1616 1244 1647 Inhibicionibus
1272 1617 1394 1647 nostris
1426 1627 1492 1647 non
1525 1616 1702 1656 parueritis
1728 1627 1804 1647 eum

424 1660 555 1696 effectu,
583 1660 690 1699 culpa,
715 1670 816 1696 mora,
841 1663 875 1690 et
901 1660 1024 1690 offensa
1052 1660 1170 1690 vestris
1194 1660 1414 1699 exigentibus,
1440 1660 1474 1690 in
1505 1671 1563 1691 vos
1593 1663 1628 1691 et
1658 1660 1806 1700 singulos

424 1706 573 1733 vestrum
590 1714 732 1741 exnunc,
750 1706 852 1742 prout
875 1707 1009 1742 extunc,
1028 1703 1165 1733 ferimus
1181 1703 1215 1733 in
1233 1703 1297 1733 hiis
1315 1703 1464 1743 Scriptis,
1481 1703 1602 1734 iterato
1625 1707 1660 1734 et
1676 1703 1805 1743 plenius

424 1746 623 1785 inhibemus,
641 1749 676 1776 et
692 1757 749 1786 per
766 1757 822 1776 vos
839 1747 980 1776 Decanis
997 1750 1031 1776 et
1046 1746 1162 1776 ceteris
1180 1747 1341 1777 Ministris
1358 1747 1476 1776 vestris
1491 1746 1633 1776 inhiberi
1650 1747 1804 1777 volumus

426 1792 460 1820 et
477 1790 684 1827 mandamus,
703 1800 743 1819 ne
760 1790 938 1829 quicquam
956 1789 989 1819 in
1008 1788 1228 1829 prejudicium
1246 1790 1410 1820 ordinarie
1427 1790 1676 1821 Jurisdiccionis
1693 1794 1804 1821 nostre

426 1833 583 1872 predicte,
614 1833 722 1863 modis
752 1833 930 1863 antedictis
957 1843 1015 1863 seu
1042 1833 1105 1863 alio
1136 1843 1348 1873 quocumque
1380 1834 1487 1871 modo,
1516 1833 1630 1863 eadem
1661 1834 1805 1864 durante

426 1876 630 1906 Visitacione
658 1878 771 1906 nostra
795 1876 972 1916 inexpleta,
989 1876 1257 1916 corrigendisque
1281 1879 1314 1906 et
1338 1876 1556 1906 reformandis
1586 1880 1624 1907 ut
1648 1878 1806 1908 convenit

429 1919 566 1949 minime
605 1919 803 1957 reformatis,
835 1919 1046 1959 attemptetis
1086 1919 1136 1949 vel
1167 1922 1384 1958 attemptent‚
1419 1920 1546 1949 faciatis
1584 1924 1644 1951 aut
1681 1921 1806 1951 faciant

429 1962 618 2002 aliqualiter
649 1963 853 2002 attemptari,
882 1962 1061 2002 quominus
1089 1962 1285 2002 hujusmodi
1315 1963 1505 2001 corrigenda
1537 1966 1570 1993 et
1595 1964 1806 1994 reformanda

429 2015 539 2036 coram
568 2005 663 2036 nobis
690 2009 868 2045 comperta,
897 2006 1037 2043 detecta,
1066 2009 1100 2035 et
1123 2006 1242 2042 delata,
1261 2016 1318 2036 vos
1341 2016 1378 2036 ao
1402 2006 1572 2036 Ministros
1596 2010 1734 2045 vestros,
1765 2008 1806 2038 de

429 2049 551 2089 quibus
574 2050 615 2079 ad
641 2059 775 2089 presens
799 2049 841 2079 ob
870 2049 971 2079 vestri
994 2049 1213 2079 reverenciam
1242 2049 1458 2087 subticemus,
1485 2052 1519 2080 et
1546 2050 1626 2080 alios
1654 2051 1806 2082 subditos

429 2095 560 2123 nostros
576 2092 820 2130 concernencia,
835 2092 994 2131 corrigere
1007 2095 1041 2122 et
1053 2092 1231 2122 reformare
1247 2092 1348 2123 libere
1360 2093 1536 2130 valeamus,
1551 2097 1585 2124 et
1600 2093 1633 2123 in
1651 2095 1806 2125 omnibus

428 2136 545 2174 facere,
563 2136 727 2176 expedire,
745 2138 779 2166 et
796 2136 970 2175 complere,
984 2135 1017 2165 in
1035 2136 1201 2175 premissis
1225 2140 1260 2165 et
1283 2146 1319 2166 ea
1343 2137 1630 2175 concernentibus,
1650 2138 1739 2177 quod
1756 2141 1807 2168 est

429 2182 594 2210 nostrum.
643 2180 686 2209 Et
714 2179 796 2218 quid
823 2179 856 2209 in
881 2179 1047 2218 premissis
1072 2178 1235 2209 duxeritis
1258 2179 1448 2209 faciendum
1474 2190 1543 2218 nos,
1568 2180 1654 2210 infra
1677 2192 1720 2211 xv
1737 2181 1807 2211 dies

429 2225 505 2262 post
528 2222 752 2262 recepcionem
779 2222 991 2252 Presencium
1015 2220 1196 2252 immediate
1219 2226 1406 2262 sequentes,
1431 2223 1635 2263 ubicumque
1666 2224 1700 2254 in
1732 2235 1805 2264 pro-

429 2276 542 2306 gressu
560 2265 771 2296 Visitacionis
787 2268 898 2296 nostre
915 2265 1075 2305 prelibate
1092 2265 1253 2295 fuerimus
1266 2265 1452 2303 constituti,
1469 2266 1627 2297 distincte
1644 2271 1678 2297 et
1694 2271 1807 2308 aperte

431 2309 629 2347 certificetis,
647 2309 869 2341 etc.—Dated
885 2311 920 2339 at
936 2308 1152 2348 Ugborough,
1174 2310 1211 2339 15
1228 2309 1327 2339 June.

387 2352 593 2391 —Presenti,
610 2360 734 2389 autem,
756 2352 956 2383 Inhibicioni
972 2355 1091 2387 vestre,
1108 2362 1235 2382 necnon
1252 2355 1287 2382 et
1304 2352 1479 2391 preteritis,
1497 2363 1555 2392 per
1571 2353 1681 2384 onmia
1698 2354 1806 2384 humi-

431 2396 507 2426 liter
537 2406 645 2436 pareo,
677 2396 769 2437 prius
800 2395 904 2436 parui,
936 2398 970 2426 et
1000 2395 1287 2436 pareb0.-——Dated
1319 2398 1355 2426 at
1385 2395 1571 2432 Tavistock,
1598 2398 1635 2427 18
1660 2397 1759 2428 June.

387 2483 586 2521 Oratories
602 2496 612 2530 3
641 2482 793 2519 Liceozce
814 2489 850 2519 to
869 2482 1110 2527 celebrate,—

387 2537 486 2574 Item,
515 2537 604 2576 apud
629 2536 840 2576 Plymptone‚
870 2536 1034 2566 Henricus
1062 2534 1210 2572 Cornwe,
1245 2534 1325 2575 xviij
1352 2535 1404 2566 die
1427 2535 1508 2567 dicti
1532 2537 1663 2576 mensis,
1687 2538 1807 2569 habuit

430 2580 624 2616 Licenciam,
642 2583 716 2617 etc„
735 2579 769 2610 in
788 2579 920 2619 Capella
937 2589 996 2609 sua
1012 2578 1053 2609 de
1077 2579 1377 2615 Hennemerdoue;
1401 2579 1493 2616 dum,
1521 2583 1641 2619 tamen,
1661 2581 1805 2612 Ecclesie

429 2623 561 2654 Matrici
573 2622 822 2662 [Plympton-St.
843 2622 965 2661 [ΗΜ-31],
983 2625 1059 2660 etc„
1079 2625 1113 2652 et
1130 2621 1255 2652 Diebus
1269 2622 1451 2653 Dominicis
1467 2626 1502 2653 et
1518 2623 1659 2654 Festivis
1672 2625 1806 2655 accedat

430 2667 470 2696 ad
489 2666 669 2696 Ecclesiam
687 2676 781 2696 suam
798 2665 969 2696 Matricem
986 2675 992 2702 ;
1014 2675 1070 2705 per
1086 2665 1269 2702 biennium,
1286 2668 1349 2695 etc.

387 2710 528 2747 ——Item,
546 2708 673 2749 xxiiith
696 2709 750 2739 die
773 2709 854 2739 dieti
878 2708 1010 2747 mensis,
1034 2708 1124 2747 apud
1148 2708 1375 2748 Cotyngbeke,
1399 2707 1546 2739 Thomas
1571 2710 1804 2741 Chambernon

430 2734 548 2783 habuit
573 2752 778 2783 consimilem
801 2751 985 2783 Licenciam
1011 2751 1134 2791 ubique
1157 2751 1243 2781 infla
1266 2751 1454 2790 Diocesim3
1472 2763 1529 2793 per
1551 2764 1655 2784 unum
1677 2764 1804 2785 annum

428 2795 568 2826 duratur
571 2806 635 2825 am.

1978 1859 1987 2036 ;.μΛ...-..-.Δ
1978 1461 1987 1847 Μς--“..Μ....
1986 1427 1987 1430 Α
1983 1350 1987 1402 „.„ni
