1987 3062
90 351 166 377 A.D.

91 384 165 410 1374.

90 419 154 445 Vol.
172 418 188 444 Ι
190 438 196 446 .

408 246 693 280 REGISTRUM
731 248 1189 281 coMMUive—-ANNO
1233 240 1292 282 5⁰.
1524 237 1618 283 337

244 354 433 392 Londoniis‚
458 354 523 395 vth
546 355 627 386 idus
652 355 774 395 Aprilis
800 354 834 396 [8
852 354 969 394 April],
994 354 1076 385 A.D.
1101 354 1161 385 M0.
1179 354 1310 386 GCCmO
1326 354 1440 395 lxxiijo
1456 365 1474 385 a
1491 354 1621 394 prefata

245 398 343 428 Curia.
373 398 407 428 in
432 398 492 429 hac
516 402 610 438 parte
633 399 790 439 inspecta,
816 402 848 429 et
873 399 1005 429 Decano
1030 397 1291 428 Christianitatis
1316 398 1452 435 Exonie,
1477 398 1620 428 Ricardo

244 442 336 480 Gelli,
354 442 493 472 Notat-io
512 442 656 479 Publice,
674 446 706 472 et
725 443 865 472 Ricardo
890 441 1054 482 Medwyn,
1072 441 1200 478 clerico,
1220 441 1308 472 dicte
1324 444 1434 472 vestre
1458 441 1618 478 Diocesis,

243 486 377 523 directa,
394 495 460 515 non
477 485 641 523 obstante,
659 485 760 516 libere
772 485 898 526 ,poterit
915 484 1029 515 eadem
1048 484 1233 514 Paternitas
1257 488 1367 515 vestra
1390 485 1570 515 reverenda
1585 483 1619 515 id

243 529 348 560 facere
365 532 398 559 et
415 528 534 568 exequi
551 529 640 568 quod
657 532 708 559 est
723 529 988 560 suum.-—Dated
1006 527 1154 565 London,
1175 529 1212 558 13
1229 528 1321 568 July.

199 574 317 603 —illia
336 571 544 610 Dimasto,—

241 616 444 653 Reverendo,
462 615 659 646 etc.—Cum
677 625 736 645 nos
749 614 783 644 in
798 614 922 645 tutorio
935 614 1177 654 Appellacionis
1190 614 1332 654 negocio,
1347 614 1436 654 quod
1453 613 1620 645 occasione

241 658 488 690 fulminacionis
504 658 581 697 [etc,
607 663 642 688 ut
665 668 775 698 supra,
800 668 899 697 usque
922 658 966 688 ad
988 658 1141 696 curavitj,
1166 658 1208 688 ab
1231 658 1382 688 examine
1406 657 1495 688 dicte
1520 657 1619 688 Curie

241 702 463 733 dimiserimus
480 712 537 741 per
555 702 744 739 Decretum,
761 701 896 741 justicia
908 701 1070 731 suadente
1088 712 1094 737 ;
1112 701 1309 731 Paternitati
1323 704 1432 731 vestre
1442 700 1622 731 reverende

241 750 355 776 tenore
387 745 596 776 Presencium
628 745 824 775 intimamus
856 746 955 784 quod,
981 744 1187 775 Inhibicione
1210 754 1430 784 quacumque,
1455 744 1519 774 sub
1542 744 1622 774 data

243 789 432 827 Londoniis,
448 789 528 819 Idus
543 787 695 818 Octobris
712 788 767 826 [15
786 788 886 826 Oct.]‚
906 788 991 818 A.D.
1005 786 1067 818 ΜΟ.
1083 788 1212 819 CCCmo
1228 787 1336 827 lxxij0,
1351 798 1368 817 a
1380 787 1507 827 prefata
1521 787 1621 818 Curia

241 833 274 862 iu
292 832 352 862 hac
369 836 462 872 parte
479 832 666 872 impetrata,
686 842 722 861 ac
741 832 871 862 Decano
888 831 928 861 de
946 831 1205 870 Estweflychyre
1223 831 1286 870 [the
1304 831 1453 870 Deanery
1469 829 1509 870 of
1520 831 1620 869 East}

242 876 385 906 Domino
402 874 569 906 willelmo
593 875 790 912 Trewelove,
813 877 848 904 et
873 874 1030 914 Magistro
1055 874 1218 904 Edwardo
1243 874 1375 914 Helyer,
1401 874 1488 904 dicte
1513 877 1622 904 vestre

243 919 397 956 Diocesis‚
423 919 557 956 directa,
590 929 655 948 non
682 918 846 955 obstante,
874 917 976 947 libere
1003 918 1127 957 poterit
1154 917 1268 947 eadem
1297 917 1484 948 Paternitas
1512 920 1622 948 vestra

242 963 423 993 reverenda
438 962 472 992 id
488 962 594 992 facere
608 965 641 992 et
657 961 776 1002 exequi
793 962 882 1001 quod
899 964 950 991 est
966 961 1235 991 suum.-—Dated
1258 961 1407 999 London,
1427 962 1465 991 13
1483 958 1577 1001 July.

199 1050 255 1087 St.
278 1051 431 1100 Illogan
449 1064 457 1096 ;
478 1051 542 1087 Ad
560 1050 868 1098 sequestrandum
879 1051 1103 1098 fructus,—

200 1104 297 1142 Item,
324 1106 403 1135 xxix
432 1105 484 1135 die
511 1105 633 1135 mensis
660 1104 813 1144 predicti,
844 1104 1012 1134 emanavit
1041 1103 1239 1134 Mandatum
1267 1103 1433 1134 directum
1462 1103 1621 1143 Magistro

245 1148 372 1179 Simoni
389 1148 577 1187 Wythielle,
597 1147 734 1179 officiali
759 1147 937 1178 Peculiaris
961 1147 1211 1177 Jurisdiecionis
1238 1146 1373 1177 Domini
1390 1146 1423 1177 in
1441 1146 1617 1184 Cornubia,

244 1192 285 1221 ad
301 1191 558 1222 custodiendum
583 1191 803 1230 Sequestrum
827 1190 1062 1230 interpositum
1088 1201 1147 1229 per
1171 1190 1353 1220 Dominum
1378 1190 1411 1220 in
1435 1189 1622 1227 fructubus,

246 1237 317 1272 etc„
336 1234 479 1264 Ecclesie
496 1234 609 1264 Sancti
633 1235 772 1273 Illogani
788 1234 822 1264 in
841 1234 1009 1264 Cornubia
1025 1234 1182 1273 predicta,
1208 1233 1362 1263 videlicet
1379 1233 1420 1263 de
1436 1231 1513 1273 ijbus
1529 1233 1624 1263 annis

246 1277 313 1315 xli„
331 1281 366 1307 et
382 1277 520 1317 singulis
536 1278 631 1307 annis
648 1278 725 1307 inde
741 1277 969 1317 sequentibus,
988 1287 1093 1316 usque
1110 1276 1290 1316 plenariam
1307 1277 1550 1315 reparacionem
1567 1277 1623 1306 de-

243 1320 394 1351 fectuum
412 1320 566 1359 Caneelli,
584 1321 769 1359 domorum,
787 1324 821 1350 et
837 1321 1065 1351 clausurarum
1083 1320 1207 1350 ibidem
1224 1319 1485 1358 imminencium,
1505 1320 1556 1350 Os.

200 1408 411 1457 Religions,
430 1407 583 1457 though
601 1407 812 1457 Chaplains
825 1407 865 1444 of
884 1406 952 1444 the
970 1406 1197 1455 Apostolick
1214 1407 1295 1451 See,
1315 1411 1356 1443 to
1372 1406 1419 1443 be
1439 1406 1624 1444 obedient

253 1466 294 1499 to
314 1462 418 1499 their
447 1462 649 1511 Superiors
668 1475 677 1508 3
709 1461 833 1508 Copia
852 1461 1076 1497 Literaram
1096 1461 1476 1508 Apostolicarum‚—

202 1516 299 1553 Item,
317 1516 440 1546 eisdem
458 1516 520 1554 die,
538 1515 617 1554 loeo,
635 1518 669 1546 et
685 1525 781 1552 amm,
798 1518 929 1554 recepta
945 1514 1089 1554 quadarn
1107 1514 1199 1554 copia
1217 1514 1404 1544 Literarum
1419 1513 1622 1554 Apostolica-

244 1569 330 1596 rum,
355 1559 387 1589 iu
412 1559 472 1589 hec
496 1558 837 1598 vex-ba‚-Gi'eg(›i·iuS,
867 1562 941 1595 etc„
965 1558 1007 1588 ad
1031 1560 1227 1597 perpetuam
1250 1557 1297 1587 rei
1320 1558 1622 1588 memoriam—Ad

244 1602 386 1633 Romani
403 1602 572 1632 Pontificis
590 1602 835 1641 providenciam
852 1601 1126 1640 circumspectam
1150 1600 1196 1630 sic
1221 1601 1315 1631 Sedis
1339 1600 1528 1640 Apostolice
1553 1601 1621 1631 Pri-

245 1645 363 1684 vilegia
375 1649 409 1675 et
423 1645 560 1675 Indulta
572 1645 735 1675 moderari
748 1645 913 1684 pertinere
927 1644 1112 1674 dinoscitur
1128 1644 1218 1684 quod
1233 1654 1273 1674 ex
1290 1644 1335 1673 eis
1353 1644 1492 1674 materia
1511 1644 1623 1684 malig-

244 1689 346 1719 nandi
362 1688 446 1719 nulli
463 1688 571 1726 detur,
588 1699 624 1718 ac
649 1698 786 1728 persone
809 1698 874 1728 que
898 1687 1078 1727 Religionis
1102 1687 1219 1717 habitu
1238 1697 1351 1717 vacare
1372 1687 1496 1717 debent
1512 1688 1625 1717 studio

245 1733 298 1772 pie
316 1733 382 1762 vite
398 1742 434 1762 ac
452 1732 536 1762 bone
552 1731 750 1768 obediencie,
768 1734 803 1761 et
824 1742 842 1761 a
866 1730 1111 1770 perseverancia
1136 1730 1248 1760 Divini
1272 1730 1407 1761 Servicii
1431 1730 1624 1761 nullatenus

243 1775 465 1806 retrahantur.
527 1776 612 1806 Sane
630 1785 736 1815 nuper
751 1774 792 1804 ad
809 1780 961 1804 nostrum
978 1774 1096 1804 relacio
1114 1773 1278 1813 fidedigna
1295 1773 1451 1813 perduxit
1467 1774 1622 1804 auditum

245 1819 333 1858 quod
347 1818 499 1849 nonnulli
511 1818 676 1857 Religiosi,
690 1818 792 1848 eciam
806 1818 1043 1854 Mendicantes‚
1059 1817 1161 1857 quiin
1178 1815 1365 1856 capellanis
1378 1817 1472 1847 Sedis
1483 1818 1623 1856 Aposto-

244 1862 305 1892 lice
328 1872 361 1892 se
384 1861 483 1901 recipi
507 1864 738 1901 procurarunt,
764 1864 937 1901 propterea
961 1861 1087 1890 bouum
1115 1860 1305 1891 obediencie
1328 1863 1362 1890 et
1386 1860 1623 1891 correccionem

244 1909 444 1941 recusantes,
461 1915 516 1944 per
528 1906 702 1943 mundum,
718 1908 752 1934 et
765 1904 998 1944 utplurimum
1012 1904 1082 1933 sine
1098 1913 1235 1934 suorum
1253 1903 1468 1943 Superiorum
1480 1903 1625 1942 licencia,

243 1949 353 1989 sepius
370 1949 538 1988 evagando
554 1948 757 1986 discurrunt,
774 1952 808 1978 et
824 1949 1024 1987 quandoque
1040 1948 1081 1977 ad
1100 1947 1282 1977 Romanam
1300 1946 1432 1977 Curiam
1451 1947 1624 1985 accedunt,

245 1995 428 2022 asserentes
455 1992 525 2021 sine
550 1991 746 2031 hujusmodi
778 2001 915 2021 suorum
948 1990 1164 2030 Superiorum
1195 1989 1331 2020 licencia
1361 2000 1395 2020 se
1426 1989 1487 2020 hoc
1518 1990 1624 2020 facere

245 2045 349 2075 posse.
394 2035 473 2072 Nos,
490 2034 603 2074 igitur,
620 2035 653 2064 in
671 2034 849 2074 preniissiS‚
867 2037 967 2074 prout
983 2045 1021 2063 ex
1040 2034 1154 2064 debito
1177 2037 1332 2064 tenemur
1349 2033 1528 2064 Pastor-alis
1546 2034 1622 2064 Offi-

243 2078 296 2116 cii,
315 2078 491 2108 salubriter
515 2078 687 2118 providere
710 2078 891 2117 cupientes,
910 2077 1121 2108 Auctoritate
1144 2076 1334 2116 Apostolica
1357 2079 1470 2106 tenore
1487 2077 1623 2107 Presen-

245 2121 332 2152 cium
349 2121 540 2159 statuimus,
559 2122 723 2157 volumus,
742 2125 776 2151 et
792 2121 894 2151 eciam
913 2120 1104 2150 ordinamus
1128 2120 1218 2160 quod
1242 2130 1356 2150 omnes
1372 2123 1406 2150 et
1422 2120 1544 2159 singuli
1561 2120 1622 2150 Re-

245 2164 351 2204 Iigiosi
367 2175 655 2204 quorumcumque
672 2164 847 2202 Ordinum,
865 2163 967 2194 eciam
992 2163 1269 2198 Mendicaucium,
1288 2163 1376 2193 dicte
1394 2163 1488 2193 Sedis
1506 2163 1620 2202 Capel-

245 2207 321 2246 iani,
339 2207 397 2247 qui
413 2211 493 2238 sunt
510 2212 543 2237 et
558 2208 694 2238 inantea
710 2210 818 2244 erunt,
837 2206 973 2246 provide
989 2216 1104 2236 eorum
1129 2206 1361 2246 Superioribus
1377 2209 1411 2236 et
1427 2207 1623 2236 correccioni

244 2251 391 2290 ipsorum
408 2251 440 2281 in
459 2251 613 2281 omnibus
631 2255 664 2282 et
683 2261 739 2290 per
756 2250 866 2281 omnia
882 2250 950 2280 sint
966 2249 1118 2289 subjecti,
1136 2259 1173 2279 ac
1189 2249 1215 2279 si
1234 2249 1382 2288 predicte
1400 2249 1494 2279 Sedis
1508 2250 1620 2289 Capel-

246 2294 312 2324 lani
328 2304 394 2324 non
418 2298 549 2332 essent;
574 2304 639 2324 non
663 2294 876 2324 obstantibus
899 2293 1180 2332 Exempcionibus
1203 2295 1237 2322 et
1260 2292 1331 2322 aliis
1354 2292 1623 2332 quibuscumque

245 2336 438 2376 Privilegiis,
457 2337 691 2377 Indulgenciis,
709 2340 743 2367 et
760 2337 896 2374 Graciis,
914 2347 949 2366 ac
964 2334 1085 2366 Literis
1104 2335 1312 2374 Apostolicis‚
1332 2334 1517 2374 Capellanis
1530 2335 1619 2366 dicte

244 2379 348 2418 Sedis,
365 2379 417 2410 vel
433 2379 522 2418 alias,
539 2380 763 2410 communiter
780 2380 830 2410 vel
847 2379 990 2416 divisim,
1007 2378 1069 2409 sub
1086 2388 1297 2418 quacumque
1309 2378 1415 2408 forma
1429 2378 1479 2408 vel
1490 2389 1619 2418 expres-

243 2422 334 2453 sione
350 2422 526 2453 verborum
543 2434 560 2453 a
576 2423 665 2454 dicta
682 2423 765 2454 Sede
777 2422 947 2460 concessis,
960 2422 1011 2452 vel
1024 2422 1241 2460 imposterum
1253 2420 1490 2458 concedendis3
1509 2421 1621 2461 eciam,

245 2465 271 2495 si
288 2466 329 2495 de
344 2465 409 2495 illis
426 2466 522 2505 plena
537 2469 572 2496 et
587 2476 740 2506 expressa
756 2465 893 2501 mencio,
910 2476 947 2495 ac
963 2465 1004 2494 de
1020 2465 1120 2495 verbo
1138 2465 1177 2494 ad
1195 2464 1344 2502 verbum,
1358 2464 1392 2494 in
1406 2464 1621 2495 Presentibus

243 2508 287 2539 sit
302 2508 462 2545 habenda,
480 2519 611 2549 queque
626 2510 668 2539 ad
685 2509 745 2539 hoc
761 2509 860 2539 alicui
876 2509 910 2538 in
926 2508 1018 2538 nullo
1029 2507 1183 2538 volumus
1194 2506 1376 2545 suffragari.
1417 2507 1520 2546 Nulli,
1535 2518 1620 2548 ergo,

244 2551 419 2582 hominum
435 2551 541 2590 liceat,
558 2553 754 2583 ete—Data
770 2552 942 2590 Avinione,
960 2551 1066 2591 primo
1083 2551 1136 2581 die
1153 2549 1275 2580 mensis
1290 2550 1490 2580 Decembris.

199 2639 484 2688 Botusfleming
503 2653 511 2682 ς
539 2640 691 2677 Licence
710 2646 746 2677 to
765 2640 1009 2684 celebrate,—

202 2693 299 2731 Item,
316 2693 439 2723 eisdem
464 2693 526 2730 die,
550 2693 632 2731 loco,
658 2696 692 2724 et
714 2703 811 2730 anno,
836 2692 1000 2723 Dominus
1024 2690 1184 2721 concessit
1208 2690 1424 2729 [Licenciam]
1451 2690 1619 2722 willelmo

242 2736 362 2766 Talbot
379 2739 413 2766 et
429 2737 524 2766 uxori
540 2736 701 2776 ejusdem,
718 2737 808 2776 quod
833 2735 970 2775 possint,
995 2736 1066 2772 etc„
1091 2734 1125 2764 in
1150 2734 1301 2764 Oratorio
1325 2734 1507 2765 eorundem
1529 2735 1617 2775 apud

243 2779 423 2817 Moditone,
440 2779 525 2809 infra
544 2779 735 2809 Parochiatn
752 2779 793 2808 de
811 2778 984 2809 Bodfiimie
1000 2777 1035 2808 in
1050 2777 1198 2817 ipsorum
1216 2777 1382 2817 presencia
1400 2787 1407 2815 ;
1432 2787 1489 2818 per
1513 2788 1617 2809 unum

242 2832 367 2853 annum
385 2832 404 2852 a
419 2822 497 2852 data
513 2822 724 2853 Preseneium
740 2822 944 2852 duraturam.

231 2891 265 2922 Y
