1987 3062
92 345 167 371 ΑΓ).

94 381 167 406 1351.

94 413 155 439 Vol.
168 414 190 440 Ι.

92 608 137 634 sol.
153 611 194 635 93.

394 244 679 282 REGISTRUM
728 244 1181 282 coMMUNE——ANNO
1229 240 1320 283 12⁰.
1529 239 1620 281 455

243 350 341 382 dictis
366 352 761 383 Excommunicacionum
786 352 952 393 Majorum
976 351 1160 383 Sentenciis
1184 351 1371 390 innodatos,
1388 352 1542 393 ipsosque
1566 350 1622 387 sic,

243 398 282 424 ut
313 396 530 435 premittitur,
559 396 863 426 excommunicatos
893 396 996 426 fuisse
1027 399 1061 426 et
1087 406 1156 426 esse
1187 395 1318 435 publice
1343 399 1376 426 et
1407 395 1622 435 solempniter

242 438 417 476 nuncietis,
435 442 470 469 et
486 450 542 479 pel·
558 439 638 469 alios
654 439 782 470 faciatis
800 439 960 471 nunciari.
1010 440 1037 469 A
1055 439 1311 469 denunciacione
1335 438 1531 479 hujusmodi
1554 447 1620 468 non

243 484 406 512 cessantes
437 482 550 520 donec,
575 483 616 513 de
647 485 717 512 tarn
748 483 938 522 dampnatis
969 482 1156 513 excessibus
1183 482 1424 520 satisfaciendo,
1454 481 1622 513 Mandatis

243 524 386 556 Ecclesie
403 525 576 556 humiliter
592 526 772 565 paruerint,
797 529 831 557 et
854 526 1084 556 Absolucionis
1108 525 1303 556 beneficium
1328 525 1512 556 meruerint
1535 524 1619 565 opti-

243 577 328 598 nere.
376 569 550 606 Omnibus,
568 569 711 609 insuper,
729 573 763 599 et
779 569 916 609 singulis
934 569 1157 608 Suffraganeis
1176 569 1318 600 Ecclesie
1335 573 1447 600 nostre
1471 569 1619 600 (janum-

242 611 358 642 riensis
385 613 502 643 vestris
531 612 651 643 Literis
678 612 796 643 harum
820 613 938 643 seriem
970 613 1230 649 continentibus,
1265 616 1378 643 nostra
1408 612 1617 647 auctoritate,
1662 625 1664 627 ’

242 654 426 695 injungatis
443 659 482 686 ut
505 656 627 696 singuli
651 666 776 693 eorum,
796 656 828 686 iu
854 656 922 686 suis
946 656 1099 686 Ecclesiis
1125 656 1442 693 cathedralibus-(10
1466 655 1620 686 omnibus

243 701 278 729 et
300 698 439 738 singulis
463 699 617 729 Ecclesiis
640 709 775 729 suarum
803 699 987 729 Civitatum
1013 702 1048 729 et
1071 699 1272 737 Diocesium,
1299 699 1410 730 onmia
1433 702 1466 729 et
1490 698 1620 737 singula

242 744 399 772 contenta
423 742 456 772 in
482 742 602 773 Literis
625 742 746 773 nostris
769 742 977 782 supradictis,
1002 746 1102 782 prout
1125 743 1167 773 ad
1198 753 1475 782 unumquemque
1505 752 1619 773 eorum

243 785 375 823 attinet,
393 786 491 815 modo
509 785 667 826 premisso
691 785 802 815 debite
828 790 1046 825 exequantur,
1064 789 1098 815 et
1122 796 1178 826 per
1202 797 1277 816 suos
1302 786 1473 817 Ministros
1496 785 1620 816 faciant

243 829 363 868 exequi
393 839 468 859 cum
501 829 804 859 effecta—Datum
843 829 1032 866 Cautuarie,
1063 829 1126 859 sub
1157 829 1263 868 sigillo
1294 832 1408 860 nostro
1439 828 1618 865 communi,

244 871 401 902 Kalendis
429 872 644 912 Septembris,
674 872 759 903 A.D.
790 872 849 902 ΜΟ.
878 873 1007 903 CCC¹¹¹0
1040 872 1390 912 lxxxj¹¹10.—Quarum
1421 872 1621 903 auctoritate

244 915 441 951 Literarum,
467 915 558 945 vobis
582 915 791 955 injungimus
815 918 849 945 et
873 915 1071 945 mandamus
1094 916 1255 955 quatinus
1278 926 1392 946 omnes
1416 919 1450 946 et
1473 915 1621 954 singulos

245 957 440 997 hujusmodi
474 959 712 995 malefactores,
738 959 770 988 iu
800 962 910 989 vestra
942 959 1132 990 Cathedrali
1162 970 1199 990 ac
1230 959 1385 990 omnibus
1416 962 1451 990 et
1481 958 1620 999 singulis

244 1001 398 1032 Ecclesiis
425 1005 611 1033 vestrarum
640 1002 794 1032 Civitatis
818 1005 852 1032 et
876 1002 1032 1040 Dioeesis,
1059 1003 1105 1033 sic
1136 1003 1439 1033 excommunicatos
1463 1003 1564 1033 fuisse
1587 1005 1621 1032 et

243 1054 313 1075 esse
329 1045 459 1085 publice
476 1048 510 1075 et
526 1045 750 1086 solempniter,
768 1046 951 1075 secundum
970 1046 1110 1076 formam
1128 1046 1294 1077 dictarum
1318 1047 1517 1084 Literarum,
1544 1046 1620 1076 faci-

245 1088 309 1118 atis
333 1088 535 1119 denunciari.
584 1089 637 1119 Ab
660 1088 855 1128 hujusmodi
879 1089 1136 1119 denunciacione
1166 1099 1232 1120 non
1258 1092 1423 1120 cessantes
1446 1100 1620 1130 quousque

243 1131 438 1162 beneficium
458 1131 687 1162 Absolucionis
710 1133 743 1162 iu
768 1131 829 1162 hac
853 1136 946 1171 parte
970 1133 1153 1163 meruerint
1176 1133 1512 1172 optinere—Datum
1537 1133 1621 1163 Lon-

243 1175 361 1212 doniis,
386 1174 441 1214 xvj
468 1175 520 1205 die
544 1176 666 1206 mensis
691 1175 904 1215 Septembris,
932 1176 1028 1206 Anno
1053 1175 1187 1206 Domini
1219 1177 1418 1217 supradicto,
1444 1180 1479 1207 et
1509 1179 1621 1206 nostre

245 1218 484 1249 Translaeionis
500 1229 586 1249 anno
604 1218 867 1256 sexto—Vobis,
886 1218 997 1258 igitur,
1011 1219 1256 1250 committimus
1273 1223 1307 1251 et
1326 1220 1532 1257 mandamus,
1547 1223 1620 1256 etc„

243 1262 402 1301 quatinus
433 1262 543 1292 omnia
574 1265 609 1292 et
639 1262 769 1302 singula
799 1266 957 1292 contenta
987 1264 1020 1293 in
1054 1263 1173 1293 Literis
1203 1263 1414 1303 supradictis,
1449 1266 1549 1303 prout
1579 1263 1621 1293 ad

246 1315 521 1345 unumquemque
538 1308 687 1336 vestrum
704 1305 836 1344 attinet,
856 1306 954 1336 modo
978 1306 1137 1345 premisso
1160 1305 1272 1337 debite
1296 1307 1329 1336 in
1347 1307 1492 1337 Ecclesia
1508 1309 1622 1337 nostra

246 1348 403 1387 predicta,
421 1351 455 1378 et
472 1348 542 1378 aliis
559 1349 713 1379 omnibus
730 1351 765 1378 et
781 1348 920 1388 singulis
936 1349 1017 1379 dieti
1035 1349 1223 1380 Decanatus
1241 1350 1403 1388 Ecclesiis,
1422 1353 1492 1380 tam
1517 1349 1620 1381 Colle-

245 1391 342 1429 giatis
359 1401 459 1431 quam
477 1391 558 1429 aliis,
576 1391 880 1422 excommunicatos
897 1392 1091 1432 hujusmodi
1109 1393 1240 1433 publice
1264 1393 1462 1431 nunciando,
1480 1403 1620 1433 exequu-

246 1434 329 1464 mini
353 1434 421 1465 vice
452 1438 573 1465 nostra.
621 1435 666 1465 Et
689 1435 771 1474 quid
801 1435 946 1466 feceritis
970 1436 1003 1466 in
1036 1436 1203 1475 premissis
1226 1437 1414 1467 certificetis
1445 1447 1514 1474 nos,
1539 1437 1622 1467 citra

246 1477 384 1508 Festum
415 1478 544 1508 Natalis
576 1478 711 1508 Domini
742 1477 892 1517 proximo
918 1488 1008 1509 nunc
1038 1479 1364 1510 1'utu1·um.-<Dated
1391 1483 1427 1510 at-
1452 1480 1555 1520 Clyst,
1582 1481 1621 1510 12

246 1521 546 1559 October.-Item,
577 1521 747 1552 consimile
779 1521 977 1552 Mandatum
1014 1522 1082 1554 fuit
1119 1523 1284 1553 directum
1316 1523 1453 1554 cuilibet
1485 1523 1623 1554 Officiali

247 1564 561 1595 Archidiaconorum
579 1565 714 1603 Emmie,
731 1565 896 1603 Tottonie,
910 1566 1166 1606 Barnastapolie,
1181 1569 1214 1596 et
1232 1566 1407 1604 Cornubie,
1419 1567 1624 1607 singulisque

247 1607 443 1646 Abbatibus,
476 1608 655 1646 Prioribus,
688 1619 724 1639 ac
755 1607 826 1638 aliis
859 1609 1071 1647 Officialiluls,
1103 1612 1173 1640 tam
1205 1610 1339 1640 Domini
1371 1610 1623 1641 Jurisdiccionis

246 1650 423 1681 Peculiaris
447 1661 547 1691 quam
572 1651 709 1682 alterius
733 1650 976 1692 cujuscumque
1000 1652 1087 1683 iufra
1110 1652 1216 1683 dictos
1248 1653 1546 1684 Archidiacomtus
1569 1664 1623 1684 ex-

245 1694 435 1724 istentibus.

201 1749 414 1798 Ottery-St.
438 1749 774 1799 Mary—Colyton
790 1763 799 1796 3
829 1750 981 1787 Licence
1001 1756 1036 1787 ἑο
1056 1751 1241 1797 celebrate,

203 1802 300 1840 Item,
324 1803 413 1842 apud
438 1803 541 1842 myst,
567 1803 623 1843 xvj
649 1804 702 1833 die
727 1804 888 1842 Octobris,
913 1804 1057 1835 Thomas
1081 1805 1291 1845 Bittelisgate
1315 1807 1349 1836 et
1372 1805 1525 1836 Johanna
1549 1805 1623 1847 ejus

247 1856 330 1876 uxor
346 1846 536 1877 habuerunt
554 1847 749 1885 Licenciam,
767 1853 838 1885 etc,
857 1847 890 1877 in
909 1848 1051 1888 Capellis
1067 1848 1154 1879 infra
1172 1849 1317 1879 Mulieri-a,
1332 1859 1401 1883 sua,
1415 1850 1455 1880 de
1473 1850 1622 1890 Kynges-

244 1892 322 1920 tone
345 1889 433 1920 infra
456 1890 651 1921 Parochiam
674 1890 715 1921 de
740 1891 843 1930 Otery
867 1891 987 1922 Sancte
1011 1891 1122 1930 Marie,
1148 1895 1182 1922 et
1212 1893 1253 1923 de
1281 1893 1507 1933 Spurkheighs
1534 1893 1622 1924 infra

244 1933 437 1963 l‘arochiam
454 1934 494 1963 dc
512 1934 679 1972 Coletone,
696 1933 830 1964 situatis
847 1945 854 1968 ς
879 1934 1051 1975 quamdiu,
1070 1939 1130 1966 etc.

202 1993 664 2031 Heanton-Punchardou
684 2006 694 2040 3
726 1993 875 2031 Licence
896 2001 932 2031 to
951 1994 1194 2040 celebrate‚--

203 2047 300 2084 Item,
314 2046 438 2077 eisdem
456 2047 508 2078 die
524 2050 558 2078 et
574 2047 654 2085 loco,
671 2047 791 2078 nobilis
808 2048 929 2079 Mulier
944 2048 1099 2079 Johanna
1116 2050 1337 2088 Beaumonde,
1356 2050 1470 2081 relicta
1487 2050 1622 2081 Domini

241 2090 404 2120 ,Iohannis
429 2091 650 2129 Beaumonde,
684 2091 811 2129 Militis,
836 2092 998 2130 defuncti,
1022 2092 1141 2123 habuit
1173 2093 1359 2124 Licenciam
1392 2094 1432 2124 de
1464 2094 1621 2124 celebrari

243 2133 401 2171 faciendo,
426 2137 501 2171 etc.,
527 2134 560 2163 in
584 2145 644 2164 sua
667 2134 718 2164 vel
741 2134 920 2165 liberorum
953 2145 1090 2166 suorum
1122 2137 1298 2175 presencia,
1331 2137 1365 2167 iu
1397 2137 1531 2177 Capella
1554 2138 1622 2168 sive

245 2177 396 2207 Oratorio
412 2176 497 2207 iufra
515 2177 699 2208 Manerium
717 2187 816 2208 suum
834 2179 874 2208 de
892 2178 1091 2209 Heauntone
1108 2180 1232 2210 situato
1249 2189 1256 2217 ;
1280 2180 1451 2220 quamdiu,
1469 2184 1532 2211 etc.

201 2230 381 2280 Cotleigh
421 2230 679 2282 [Cotteleglle,
720 2229 848 2283 MS.],·
888 2233 950 2269 Sir
988 2233 1158 2271 Thomas
1193 2231 1256 2285 [de
1294 2233 1620 2287 Ayschpertonel,

255 2285 371 2330 R„—

199 2339 336 2370 Licenee
353 2338 387 2369 of
404 2338 654 2369 non-residence
671 2339 722 2369 for
738 2349 756 2369 a
779 2350 866 2380 year,
893 2340 1210 2380 “contemplacione
1236 2341 1370 2372 Domini
1394 2342 1557 2374 Joliannis
1581 2343 1622 2374 de

242 2381 408 2422 Dynham,
433 2382 561 2418 Militis,
586 2382 683 2422 cujus
708 2383 875 2423 obsequiis
900 2393 1013 2414 vacare
1037 2384 1183 2421 dicitur}
1215 2407 1222 2415 .
1256 2408 1262 2415 .
1298 2408 1304 2416 .
1338 2385 1386 2415 ita
1416 2386 1515 2426 quod,
1540 2387 1623 2417 citra

242 2425 379 2456 Festum
408 2425 522 2456 Sancti
550 2425 717 2456 Michaelis
742 2427 893 2466 proximo
917 2437 1007 2458 nunc
1030 2427 1197 2466 futurum,
1222 2428 1395 2459 dimidiam
1420 2439 1565 2461 marcam
1589 2430 1622 2460 in

244 2468 595 2509 recompensacionem,
614 2469 696 2500 etc.’⁷
715 2470 817 2508 (same
834 2469 934 2507 date).

201 2528 364 2565 (joncral
386 2528 547 2566 Licence
569 2533 609 2566 to
629 2528 823 2566 celebrate
840 2542 850 2575 3
880 2529 959 2566 Pro
982 2529 1218 2577 Gemellis„—

203 2582 300 2619 Item,
325 2582 458 2620 ibidem,
483 2582 564 2622 xviij
589 2582 643 2612 die
668 2582 828 2620 Octobris,
854 2583 1018 2613 Dominus
1041 2583 1185 2614 Thomas
1210 2584 1348 2625 chhet,
1373 2585 1477 2625 Miles,
1502 2589 1536 2617 et
1568 2587 1621 2618 Ri-

244 2625 365 2655 charda
382 2636 465 2655 uxor
480 2625 640 2665 ejusdem,
659 2625 851 2656 habuerunt
868 2626 1053 2657 Licenciam
1070 2627 1110 2657 de
1134 2627 1291 2659 celebrari
1315 2628 1466 2660 faciendo
1490 2630 1621 2668 Divina,

245 2672 320 2706 etc.,
338 2668 370 2698 in
389 2669 527 2707 singulis
545 2669 687 2708 Capellis
702 2668 789 2699 infra
806 2669 951 2700 Maneria
967 2680 1027 2700 sua
1051 2670 1191 2702 ubilibet
1216 2681 1273 2711 per
1297 2671 1461 2704 Diocesim
1486 2673 1623 2704 Domini

245 2711 430 2742 constituta
445 2711 579 2742 situatis
596 2722 603 2750 ;
628 2712 800 2752 quamdiu,
818 2715 878 2743 etc.

202 2770 476 2817 Confessions3
507 2771 860 2817 Penicenciao-iffiss

201 2825 298 2864 Item,
323 2824 446 2856 eisdem
473 2825 526 2856 die
552 2829 586 2857 et
616 2825 695 2865 1000,
726 2826 842 2857 Frater
869 2825 1013 2858 Thomas
1043 2826 1162 2867 Truru,
1196 2828 1329 2860 Ordinis
1362 2829 1622 2871 Predieatorum,
