1987 3062
436 235 720 269 REGISTRUM
745 235 1203 269 coMMuivE—ANNO
1234 224 1324 267 10⁰.
1541 222 1631 264 411

240 343 378 386 banum,
400 349 565 386 tanquam
587 345 842 387 Beatissimum,
867 357 996 387 verum,
1020 347 1164 386 justum.
1189 351 1221 378 et
1245 346 1455 378 Canonicum
1476 348 1632 376 nostrum

239 392 274 420 et
304 400 419 420 eorum
450 389 581 430 Papam
611 391 838 430 nominantes,
870 395 1084 429 venerantes,
1117 395 1150 422 et
1181 389 1293 422 debite
1325 389 1557 421 admittentes
1591 397 1629 417 ac

195 433 201 439 '
241 432 371 463 dictum
398 432 588 465 Robertum
614 433 836 474 Antipapam,
866 438 900 465 et
925 434 1019 465 facta
1045 444 1107 465 sua
1133 444 1171 464 ac
1200 442 1339 464 suorum
1368 430 1572 471 complicum
1598 433 1632 460 et

98 1603 144 1629 sol.
161 1603 200 1630 77.

242 474 427 515 fautorum,
453 478 679 508 communiter
701 478 921 509 detestantes.
972 478 1018 508 Et
1040 481 1120 518 post
1142 476 1213 513 hec,
1240 487 1282 507 ex
1304 475 1388 506 facti
1412 475 1630 506 notorietate.

243 518 335 549 fama
358 518 504 559 publica.
532 523 566 551 et
588 520 722 561 vulgari
746 521 912 552 relacione
935 521 978 552 ad
1000 524 1156 551 nostrum
1181 519 1338 560 pervenit
1362 518 1519 549 auditum
1543 516 1637 558 quod

241 562 380 602 quidam
395 562 569 595 Martinus
584 563 801 600 Halscombe,
821 565 978 596 Fratrem
994 564 1130 595 Ordinis
1146 564 1307 595 Fratrum
1325 562 1583 594 Predicatorum
1601 564 1635 591 ct

244 606 477 638 Professorem
494 605 632 639 Ordinis
651 608 834 639 eorundem
852 618 886 639 se
904 607 1119 649 pretendens,
1140 607 1199 648 qui
1218 607 1323 637 eciam
1343 616 1364 636 a
1381 605 1439 636 diu
1456 605 1598 645 negocia
1617 614 1636 634 a

245 649 329 681 Sede
359 649 561 691 Apostolica
591 649 666 691 sibi,
702 654 741 682 ut
773 652 905 691 asserit,
941 651 1131 689 commissa,
1165 649 1447 690 predicacionem,
1482 648 1634 689 publica-

244 693 385 731 cionem,
414 697 448 724 et
472 694 722 734 exposicionem
747 693 946 733 hujusmodi
972 694 1224 732 concernencia,
1253 693 1397 733 perfecit
1423 697 1457 724 et
1480 692 1637 724 totaliter

241 735 454 776 adimplevit,
471 740 631 777 questum
646 737 882 778 pecuniarium
896 748 916 768 a
931 736 1077 768 subditis
1091 738 1217 768 nost-ris
1233 733 1455 776 simplicibus.
1473 737 1507 766 in
1522 738 1641 766 nostra

242 779 388 819 Diocesi‚
412 780 481 812 suis
502 780 656 812 confictis
674 780 820 812 fallaciis
840 784 874 812 et
894 779 1011 812 subtili
1031 780 1179 821 quodam
1200 781 1335 821 ingenio
1354 784 1570 820 extorquens,
1595 789 1632 810 ac

245 822 503 855 Sacramentum
523 823 721 855 Penitencie
740 823 859 855 venale
879 823 1007 865 passim
1027 822 1189 855 exhibens
1209 827 1243 855 et
1264 833 1447 864 exponens,
1471 822 1638 863 populum

243 865 341 899 nobis
359 868 577 899 commissum
595 878 634 898 ac
651 867 847 907 hujusmodi
867 867 1023 899 subditos
1042 871 1188 905 nostros,
1210 868 1362 907 ipsorum
1381 866 1637 898 Confessionem

244 910 422 949 audiendo,
443 911 478 942 in
497 921 601 951 grave
620 911 810 941 animarum
831 921 969 942 suarum
988 910 1177 951 periculum
1197 910 1326 951 decipit
1344 914 1378 942 et
1398 909 1580 948 subvertit,
1602 914 1636 941 et

247 952 376 984 nullam
399 953 434 984 in
457 963 495 984 ea
518 958 618 994 parte
641 965 661 985 a
684 954 768 986 Sede
791 953 994 995 Apostolica
1017 964 1076 985 seu
1098 952 1207 992 nobis,
1235 958 1295 985 aut
1320 965 1340 985 a
1361 955 1449 994 jure,
1477 954 1635 994 optinens

245 1000 462 1037 potestatem,
493 1007 549 1028 eos
579 996 621 1028 ab
648 996 806 1029 omnibus
834 998 984 1038 peccatis
1012 998 1092 1037 suis,
1123 997 1231 1028 eciam
1259 997 1294 1028 in
1323 996 1458 1029 casibus
1488 997 1636 1028 Domino

243 1043 360 1071 nostro
377 1039 471 1081 Pape
488 1043 522 1071 et
538 1040 666 1081 Majori
682 1040 934 1073 Penitenciario
952 1051 1024 1079 suo„
1044 1051 1083 1071 ac
1100 1039 1208 1079 nobis,
1230 1040 1423 1081 specialiter
1440 1041 1634 1079 reservatis,

243 1086 378 1123 recepta
406 1083 448 1114 ab
473 1084 598 1114 eisdem
624 1085 769 1124 pecunia
794 1084 924 1121 illicite,
955 1085 1189 1116 indifferenter
1214 1084 1372 1116 absolvit.
1422 1084 1479 1121 Et,
1509 1088 1548 1116 ut
1573 1084 1634 1115 hec

243 1130 278 1158 et
297 1126 421 1158 similia
438 1126 579 1159 liberius
598 1131 800 1167 excerceret,
823 1128 913 1159 inter
934 1127 1109 1160 Seculares
1129 1132 1163 1159 et
1181 1127 1373 1168 Religiosos
1393 1127 1534 1159 alterius
1555 1128 1636 1159 Pro-

245 1170 401 1202 fessionis
418 1174 452 1202 et
470 1170 620 1211 habitus,
641 1172 675 1202 in
692 1174 811 1202 nostra
828 1170 978 1202 Civitate
996 1175 1029 1202 et
1049 1171 1183 1202 Diocesi
1204 1170 1267 1203 sibi
1286 1171 1390 1212 elegit
1407 1175 1441 1203 et
1458 1172 1544 1203 facit
1560 1182 1634 1212 per-

243 1216 382 1254 petuam
402 1214 623 1254 mansionem,
645 1215 680 1245 in
700 1215 809 1245 nostri
829 1218 863 1246 et
883 1213 1099 1246 subditorum
1120 1219 1314 1246 nostrorum
1336 1215 1526 1245 animarum
1548 1215 1635 1255 peri-

245 1256 357 1287 culum
374 1258 545 1288 notorium
563 1262 597 1288 et
613 1268 798 1298 gravamen
816 1268 854 1288 ac
872 1257 1069 1288 scandalum
1083 1256 1319 1297 plurimorum,
1336 1261 1438 1297 prout
1450 1256 1511 1288 hec
1524 1257 1638 1288 omnia

246 1303 279 1331 et
306 1300 441 1341 singula
466 1301 501 1331 in
526 1305 644 1332 nostra
669 1301 805 1332 Diocesi
830 1300 1015 1332 manifesta
1041 1302 1204 1335 existunt,
1235 1302 1378 1339 notoria,
1409 1304 1514 1342 atque
1539 1312 1630 1333 vera.

241 1343 342 1374 Unde
364 1354 435 1381 nos,
458 1344 565 1375 tantis
587 1343 758 1375 erroribus
781 1343 951 1385 dictisque
971 1343 1130 1384 periculis
1153 1344 1305 1376 volentes
1328 1356 1368 1376 ex
1389 1344 1499 1376 Officii
1524 1346 1634 1377 nostri

244 1385 358 1418 debito
380 1386 529 1425 obviare,
552 1386 650 1418 vobis
671 1388 929 1427 committimus,
953 1391 1033 1425 etc.‚
1057 1388 1219 1428 quatinus
1240 1388 1275 1419 in
1297 1388 1440 1429 singulis
1462 1388 1634 1420 Convoca-

247 1428 411 1467 cionibus,
433 1429 614 1471 Capitulis,
636 1434 670 1461 et
689 1430 903 1462 Sessionibus
921 1432 1056 1467 vestris,
1079 1435 1113 1462 et
1132 1431 1239 1462 eciam
1257 1431 1292 1462 in
1312 1430 1465 1471 qualibet
1485 1431 1639 1463 Ecclesia

245 1477 358 1505 vestre
379 1473 641 1506 Jurisdiccionis
663 1473 968 1514 Archidiaconalis‚
992 1473 1238 1506 Absoluciones
1261 1474 1459 1515 hujusmodi
1481 1475 1522 1506 de
1545 1475 1638 1507 facto

246 1517 279 1547 in
299 1515 432 1548 casibus
451 1516 542 1548 dicto
560 1517 707 1548 Domino
725 1520 842 1548 nostro
860 1516 964 1558 Pape,
985 1521 1019 1549 et
1037 1517 1163 1558 Majori
1182 1528 1221 1548 ac
1239 1518 1369 1549 Minori
1387 1518 1637 1549 Penitenciario

243 1571 314 1601 suo,
336 1563 371 1591 et
388 1559 497 1600 nobis,
519 1559 713 1601 specialiter
731 1561 925 1599 reservatis,
947 1564 1025 1601 post
1045 1561 1326 1601 predicacionem,
1349 1560 1632 1601 publicacionem,

243 1604 504 1645 exposicionem,
523 1608 557 1636 et
573 1603 827 1645 expedicionem
842 1605 1060 1644 negociorum
1077 1604 1230 1644 ejusdem
1248 1605 1386 1636 Domini
1403 1606 1511 1636 nostri
1530 1605 1634 1646 Pape,

242 1647 300 1686 sic,
319 1651 359 1678 ut
376 1648 601 1688 premittitur,
622 1657 682 1688 per
700 1647 866 1678 Dominos
883 1647 1189 1688 Archiepiscopum
1209 1647 1476 1689 Episcoposque,
1498 1653 1533 1680 et
1551 1649 1634 1680 alios

244 1690 355 1731 Regni
371 1691 496 1732 Anglie
515 1691 681 1729 Prela-tos,
704 1701 743 1722 ac
760 1701 821 1722 nos
839 1695 874 1723 et
891 1695 1038 1731 nostros,
1059 1701 1098 1722 ac
1117 1691 1261 1722 eundem
1281 1691 1483 1729 Martinum,
1505 1697 1544 1725 ut
1562 1703 1636 1733 prc-

244 1735 364 1771 fertur,
388 1735 509 1774 factas,
534 1733 577 1766 ab
599 1734 715 1766 eodem
739 1734 891 1766 Martino
913 1734 1040 1766 nostris
1062 1733 1260 1774 hujusmodi
1283 1733 1430 1766 subditis
1452 1735 1634 1776 impensas,

241 1777 352 1809 nullas
371 1788 410 1809 avc
428 1778 543 1810 irritas
563 1781 597 1809 et
617 1777 733 1809 inanes
753 1777 794 1809 de
812 1777 888 1817 jure
908 1777 1012 1809 fuisse
1033 1781 1067 1809 et
1086 1788 1168 1815 esse,
1191 1789 1229 1809 ac
1251 1777 1361 1809 dictos
1382 1777 1537 1810 subditos
1558 1790 1632 1810 nos-

242 1825 315 1853 tros
334 1822 370 1853 in
390 1820 524 1853 casibus
544 1821 751 1862 supradictis
769 1821 965 1853 nullatenus
986 1817 1172 1857 absolutos,
1196 1824 1248 1853 set
1267 1822 1399 1853 notorie
1419 1825 1453 1853 et
1475 1821 1636 1862 dampna-

246 1863 362 1895 biliter
384 1865 655 1902 circumvent0s3
687 1868 721 1896 et
743 1864 834 1905 quod
856 1867 1010 1906 potestas
1033 1864 1116 1895 dicti
1140 1864 1294 1904 Martini,
1321 1865 1349 1895 si
1373 1874 1475 1904 quam
1499 1864 1632 1903 habuit,

242 1907 285 1939 ad
307 1907 562 1948 predicandum,
588 1911 626 1939 ut
648 1908 873 1949 premittitur,
899 1911 932 1939 et
955 1907 1110 1939 subditos
1133 1911 1268 1939 nostros
1291 1906 1547 1948 absolvendum,
1573 1919 1635 1950 per

242 1952 525 1993 predicacionem,
552 1950 834 1992 publicacionem,
861 1956 897 1984 et
921 1951 1171 1993 exposicionem
1195 1950 1394 1992 hujusmodi
1419 1953 1637 1993 negociorum

244 1996 381 2026 Domini
404 1996 511 2027 nostri
533 1995 626 2036 Pape
650 2006 709 2036 per
731 1995 960 2029 Reverendos,
985 1999 1065 2033 etc.,
1090 1994 1407 2038 Arrhiepiscopum,
1433 1996 1631 2036 Episcopos,

242 2049 281 2069 ac
303 2049 364 2069 nos
387 2041 422 2069 et
443 2041 590 2076 nostros,
615 2038 655 2070 (le
678 2037 802 2079 quibus
826 2038 1044 2077 awedicitur,
1071 2042 1149 2070 ante
1173 2039 1360 2071 adventum
1385 2041 1467 2071 dicti
1492 2040 1636 2071 Martini

243 2082 277 2112 in
290 2081 451 2122 Angliam
465 2086 499 2113 et
511 2086 640 2123 postea,
657 2092 718 2123 per
729 2083 840 2123 ipsum
855 2081 1045 2112 Martinum
1058 2080 1250 2122 prehabita,
1265 2083 1420 2114 totaliter
1433 2083 1603 2124 expiravit
1618 2095 1624 2121 ;

247 2125 405 2166 quodque
423 2126 495 2165 jam
514 2130 623 2158 cessat
642 2137 745 2157 causa
761 2130 904 2167 propter
922 2135 1024 2166 quam
1044 2126 1135 2157 idem
1152 2125 1337 2165 Martinus,
1359 2131 1400 2158 ut
1419 2128 1552 2166 asserit,
1575 2137 1636 2167 per

246 2169 390 2201 eundem
412 2169 598 2201 Dominum
620 2173 776 2202 nostrum
798 2169 931 2210 Papam
954 2169 997 2200 ad
1019 2169 1180 2210 Angliam
1204 2170 1328 2201 missus
1351 2173 1446 2205 erat;
1478 2169 1635 2202 omnibus

245 2212 392 2245 subditis
419 2213 546 2245 nostris
570 2213 661 2244 infra
688 2211 857 2244 ambitum
883 2212 1194 2244 Archidiaconatus
1222 2213 1368 2254 predicti
1396 2213 1633 2252 existentibus,

245 2256 427 2298 Religiosis
454 2261 489 2288 et
517 2256 744 2297 Secularibus,
775 2256 986 2289 beneficiatis
1014 2261 1049 2288 et
1076 2268 1144 2288 non
1172 2256 1394 2296 beneficiatis,
1426 2257 1574 2290 literatis
1603 2263 1637 2290 et

247 2299 419 2332 illiteratis
440 2298 575 2341 publice
597 2304 631 2331 et
652 2299 873 2340 solempniter
891 2300 1061 2331 nuncietis
1083 2300 1189 2331 eciam
1210 2300 1245 2331 in
1266 2299 1412 2341 vulgari,
1437 2311 1476 2332 ac
1498 2301 1636 2333 faciatis

248 2354 310 2384 per
326 2343 410 2375 alios
428 2344 583 2375 nunciari
602 2343 720 2375 taliter
737 2347 771 2375 et
790 2343 924 2384 exponi.
973 2341 1184 2381 Inhibentes,
1206 2343 1355 2384 insuper,
1379 2343 1441 2375 sub
1461 2355 1547 2385 pena
1568 2345 1634 2377 Ex-

246 2388 567 2419 communicacionis
589 2387 746 2427 Majoris,
773 2386 930 2418 omnibus
954 2391 988 2418 et
1013 2386 1156 2427 singulis
1178 2387 1305 2419 nostris
1330 2386 1477 2420 subditis
1501 2392 1536 2420 et
1559 2388 1636 2420 sub-

244 2431 344 2470 jectis
366 2434 560 2462 nostrarum
583 2431 745 2462 Civitatis
767 2434 802 2462 et
824 2431 989 2465 Diocesis,
1015 2441 1055 2461 ne
1079 2430 1118 2461 (le
1142 2434 1254 2461 cetero
1277 2430 1368 2462 dicto
1391 2430 1554 2471 Maltino,
1579 2443 1632 2462 ex-

247 2476 348 2514 cepto
369 2474 489 2505 mortis
512 2473 668 2511 articulo,
694 2474 731 2504 111
752 2473 826 2504 foro
849 2471 1068 2513 penitenciali
1092 2472 1329 2509 confiteantur,
1356 2483 1466 2514 neque
1488 2473 1632 2506 Absolu-

248 2518 378 2548 cionem
399 2517 567 2558 recipiant
589 2515 632 2547 ab
652 2516 779 2548 eodem.
828 2516 1019 2555 Monentes,
1045 2516 1163 2553 eciam,
1188 2515 1341 2547 Priorem
1363 2519 1398 2547 et
1419 2515 1635 2548 Conventum

247 2561 362 2592 Sancti
380 2559 548 2592 Nicholai.
570 2560 731 2591 Civitatis
749 2563 863 2590 nostre
882 2559 1022 2595 Exonie,
1042 2562 1121 2597 etc„
1142 2557 1204 2589 sub
1222 2569 1307 2598 pena
1326 2559 1490 2598 predicta,
1512 2560 1633 2600 primo.

247 2603 406 2641 secunde,
431 2607 465 2635 et
485 2603 602 2642 tercio,
626 2613 668 2635 ne
690 2602 835 2634 eundem
857 2603 1015 2634 Fratrem
1037 2601 1228 2633 Martinum
1251 2603 1286 2633 in
1310 2602 1463 2634 Ecclesia
1485 2604 1638 2644 ipsorum

249 2646 486 2685 conventuali,
514 2649 574 2677 aut
599 2645 674 2677 aliis
701 2644 869 2677 Domibus
895 2645 976 2683 suis,
1005 2644 1047 2676 ad
1073 2645 1317 2677 excercendum
1343 2645 1427 2677 inibi
1454 2645 1634 2677 abusiones

246 2690 444 2731 hujusmodi
466 2694 499 2722 et
521 2700 676 2721 excessus
699 2689 739 2720 de
761 2692 872 2719 cetero
896 2688 1118 2728 quovismodo
1143 2687 1258 2719 illicite
1282 2689 1422 2721 foveant
1444 2689 1499 2721 vel
1522 2690 1634 2721 defen-

250 2734 354 2773 dant,
381 2733 561 2775 presertim
581 2743 657 2764 cum
673 2733 744 2773 juri
763 2736 825 2763 aut
840 2732 967 2763 racioni
987 2742 1055 2763 non
1073 2735 1241 2772 congruat
1259 2736 1298 2763 ut
1317 2731 1470 2764 homines
1489 2732 1636 2774 disparis

249 2778 476 2810 Professionis
492 2781 526 2809 et
540 2775 680 2808 habitus
696 2775 797 2807 simul
813 2775 847 2806 in
864 2775 981 2807 eodem
996 2774 1207 2806 Monasterio
1224 2775 1396 2806 socientur
1410 2788 1416 2813 ;
1440 2786 1511 2815 nec,
1531 2776 1638 2809 eciam
