1987 3062
532 232 819 266 REGISTRUM
855 230 1306 266 OOMMUNE—ANNO
1344 222 1408 264 2⁰.
1616 220 1710 263 253

179 339 254 365 A-D-
329 339 489 378 latarum,
507 342 542 369 et
557 349 623 369 non
640 339 827 370 solutarum
843 339 951 370 adhuc
969 338 1168 375 debitarum,
1187 348 1253 368 una
1277 348 1353 368 cum
1378 337 1626 377 quantitatibus
1644 336 1707 366 dis-

180 372 271 432 }{JILI
329 382 556 413 tribucionum
573 387 607 413 et
623 383 833 414 taxacionum
852 383 1075 423 predictarum
1091 392 1097 419 ;
1122 381 1302 418 collectam,
1320 381 1462 420 insuper,
1482 391 1540 420 pro
1557 390 1708 420 procura-

237 427 242 432 '
277 426 282 432 “
330 426 480 456 cionibus
505 426 622 456 vestris
651 427 749 466 primi
774 426 936 466 presentis
961 426 1039 456 anni
1064 426 1098 456 in
1123 425 1243 456 nostris
1268 425 1412 456 Civitate
1437 428 1471 454 et
1494 423 1623 454 Diocesi
1656 433 1708 463 pe-

329 470 472 508 cuniam,
498 480 563 500 una
586 480 662 500 cun]
688 470 841 510 porcione
865 480 924 500 nos
948 469 1171 508 contingente,
1196 468 1363 499 numerari
1386 468 1537 504 fecimus,
1564 471 1599 497 et
1622 466 1709 497 tradi

328 513 486 553 Magistro
504 513 629 553 Rogero
646 513 687 543 de
704 513 922 551 Chesterfeld,
941 513 1073 544 Rectori
1097 513 1241 543 Ecclesie
1257 512 1298 542 de
1316 512 1488 551 Implepen
1512 509 1707 551 [Ipplepen]‚

330 560 366 588 et
382 557 571 587 Alexandro
589 556 699 595 Merle,
717 557 847 587 nunciis
865 557 996 594 nostris⁷
1014 556 1226 586 Presencium
1245 555 1472 596 portitoribus,
1490 565 1573 594 quos
1590 554 1632 584 ad
1649 554 1710 584 hoc

330 604 524 640 reputamus
541 600 808 640 circumspectos,
826 601 868 631 ad
885 611 942 630 vos
959 600 1102 630 fideliter
1125 599 1507 630 deferendam—Dat&
1523 602 1559 628 at
1576 598 1709 637 Fax-ing-

178 640 230 666 f⁰¹·
329 644 395 674 don
421 643 568 683 (Hants),
595 645 633 674 14
660 644 939 675 Decembe1·.-—Et
971 643 1211 674 memorandum
1243 643 1341 683 quod,
1367 653 1444 673 eum
1468 642 1558 672 dicto
1583 641 1709 672 Oertifi-

180 673 239 700 17b.
329 688 462 726 catorio,
495 687 587 718 missi
618 687 758 718 fuerunt
789 687 822 727 vj
855 687 968 725 rotuli,
1003 687 1065 717 sub
1089 687 1196 726 sigillo
1228 686 1364 716 Domini
1395 686 1509 723 clausi,
1544 695 1610 715 una
1634 694 1711 715 cum

332 731 431 761 certis
456 731 634 762 evidenciis
662 735 696 761 et
722 731 944 761 memorandis
973 741 990 760 a
1017 731 1168 770 Registro
1196 730 1331 760 Domini
1354 729 1518 760 Johannis
1542 729 1582 758 de
1607 729 1710 759 Gran-

331 775 464 805 dissono
480 775 624 815 sumptis
641 785 648 812 3
673 786 730 814 per
746 785 828 815 quas
845 774 1029 805 evidencias
1045 774 1219 804 constabat
1241 774 1321 803 alios
1345 773 1505 803 Dominos
1523 771 1713 803 Cardinales

334 818 423 857 alias,
441 818 494 849 hic
509 818 543 848 in
563 819 684 857 Regno,
701 819 861 858 recepisse
879 829 936 857 pro
953 818 1243 858 procuracionibus
1267 817 1335 847 suis
1358 820 1495 847 tantum
1518 816 1598 856 iiij01‘
1614 816 1712 845 dena-

334 905 479 944 natibus,
497 905 707 936 continentes
724 905 858 936 nomina
874 905 1088 942 solvencium,
1107 915 1172 935 una
1196 914 1273 935 cnm
1298 903 1469 934 Beneficiis
1486 908 1519 933 et
1536 903 1712 933 taxacioni-

334 949 398 980 bus
414 949 594 980 eorundem
611 960 619 988 ;
643 952 677 980 et
693 949 834 989 quintus
850 948 982 979 rotulus
999 948 1192 979 continebat
1215 948 1384 988 porciones
1409 947 1545 977 Domini
1561 946 1714 986 Episcopi

334 1003 372 1023 ac
395 993 519 1023 Decani
543 996 577 1023 et
601 993 748 1033 Capituli
773 993 923 1030 Exonie;
947 995 1070 1031 sextus,
1097 1002 1182 1031 vero,
1207 991 1340 1022 rotulus
1363 991 1557 1022 continebat
1580 989 1715 1020 nomina

334 1047 401 1067 non
417 1037 621 1067 solvencium
639 1037 888 1077 procuraciones
905 1036 1080 1076 predictas,
1106 1046 1172 1066 nna
1195 1046 1273 1066 cum
1297 1034 1469 1065 Beneficiis
1486 1035 1554 1065 suis
1570 1044 1606 1064 ac
1623 1037 1713 1065 taxa-

335 1080 486 1110 cionibus
502 1081 693 1111 eorundem.

182 1155 247 1218 {20}
295 1156 548 1207 Duplication
565 1171 575 1204 3
595 1157 773 1194 Licencz'a
793 1157 848 1194 bis
867 1157 1079 1194 celebrandi
1099 1157 1241 1193 Diebus
1260 1156 1544 1201 Dominicis,-

217 1208 222 1214 ’
295 1211 449 1250 Thomas,
467 1215 538 1250 etc.,
557 1212 700 1242 Domino
718 1211 884 1242 Willelmo
908 1211 1022 1249 Libbe,
1047 1211 1239 1251 presbitero,
1257 1211 1412 1248 salutem,
1431 1210 1634 1241 etc.—Licet
1651 1209 1717 1239 cui-

335 1255 420 1286 libet
450 1255 621 1294 sacerdoti,
651 1265 862 1296 quacumque
889 1255 1062 1294 Dignitate
1090 1254 1286 1294 prefulgeat,
1319 1264 1418 1284 unam
1447 1256 1583 1284 tantum
1606 1253 1640 1283 in
1665 1253 1718 1283 die

338 1298 501 1329 celebrare
518 1299 651 1329 Missam
668 1299 828 1334 sufficiat3
855 1299 942 1338 quia,
960 1302 1083 1335 tamen,
1104 1302 1239 1337 propter
1262 1298 1432 1327 raritatem
1457 1297 1718 1337 presbiterorum

337 1346 371 1372 et
384 1342 567 1373 exilitatem
583 1343 724 1372 Ecclesie
738 1342 936 1372 Parochialis
952 1342 993 1372 de
1009 1341 1144 1381 Temple
1161 1340 1212 1380 [in
1227 1340 1409 1379 Cormvall],
1421 1341 1528 1371 eidem
1542 1341 1574 1370 in
1589 1340 1718 1371 Divinis

338 1385 474 1416 minime
499 1386 707 1420 deservitur:
735 1388 774 1416 ut
798 1396 855 1425 per
879 1395 984 1416 unum
1011 1395 1148 1423 annum,
1173 1395 1190 1415 a
1214 1385 1292 1415 data
1324 1384 1536 1415 Presenciurn
1560 1384 1719 1415 continue

337 1430 594 1467 numerandum,
616 1430 741 1460 Diebus
758 1429 949 1467 Dominicis,
967 1432 1000 1459 et
1023 1428 1159 1458 interim
1183 1428 1322 1468 singulis
1346 1428 1539 1458 ebdomadis
1563 1438 1630 1457 uno
1654 1427 1717 1466 die,

339 1483 415 1503 cum
442 1483 571 1503 necesse
598 1473 709 1511 fuerit,
735 1474 816 1503 duas
843 1473 982 1509 Missas3
1014 1482 1090 1509 una,
1119 1472 1282 1509 videlicet,
1307 1472 1340 1502 in
1368 1472 1512 1502 Ecclesia
1536 1471 1718 1501 Parochiali

186 1515 245 1544 [fol.
338 1517 391 1546 cui
402 1517 547 1547 deservis
560 1517 594 1546 in
608 1516 804 1557 presenti,et
815 1517 919 1546 altera
929 1516 962 1546 in
978 1516 1122 1546 Ecclesia
1135 1515 1508 1555 ParochialideTemple
1518 1514 1718 1554 supradicta,

186 1548 260 1578 Μὴ]
339 1560 501 1590 celebrare
525 1560 642 1599 valeas,
660 1560 764 1600 prime
786 1560 885 1590 Misse
907 1559 1090 1589 locionibus
1115 1559 1252 1589 minime
1275 1559 1429 1598 sumptis,
1446 1561 1498 1589 set
1520 1558 1554 1589 in
1572 1558 1719 1589 Sacrario

340 1603 447 1634 missis
465 1613 472 1641 3
485 1607 650 1644 quantum
668 1604 700 1634 in
719 1603 812 1633 nobis
825 1606 874 1633 est
887 1606 921 1633 et
931 1603 972 1633 de
985 1603 1058 1643 jure
1070 1613 1255 1642 possumus,
1270 1602 1551 1642 contemplacione
1566 1601 1720 1641 Religiosi

340 1647 420 1685 Viri,
450 1647 575 1678 Fratris
606 1647 793 1687 Tylmanni,
823 1647 1012 1686 Receptoris
1044 1646 1084 1676 de
1116 1646 1283 1685 Trebythe
1315 1645 1364 1684 [in
1396 1646 1440 1677 Sc.
1474 1643 1553 1686 Ive],
1586 1645 1719 1676 Ordinis

339 1690 452 1721 Sancti
475 1690 637 1721 ¹Iohannis
664 1690 928 1727 Ierosolimitani,
953 1690 1047 1720 nobis
1077 1699 1177 1729 super
1201 1689 1261 1720 hoc
1285 1689 1469 1729 specialiter
1492 1689 1719 1729 supplicantis,

338 1733 489 1764 tollerare
512 1745 569 1764 seu
594 1734 786 1774 permittere
810 1733 964 1764 volumus
996 1736 1029 1764 et
1060 1733 1270 1764 concedimus
1296 1743 1353 1773 per
1380 1732 1721 1763 Presentes.-Datecl

339 1780 374 1807 at
391 1778 579 1817 Faringdon
597 1777 649 1817 (H
653 1779 750 1816 ants),
769 1778 808 1808 30
826 1777 1019 1808 December.

186 1851 685 1910 ffissszetters-Dimissory
706 1853 890 1905 <granted
912 1859 954 1891 at
976 1854 1287 1903 Faringdon),-—
1307 1866 1311 1869 ⁴

186 1918 274 1948 [Ρη.
299 1908 487 1939 -William
506 1908 665 1947 Mirefeld,
684 1909 816 1947 deacon,
835 1908 852 1923 ‘⁶
866 1908 906 1939 ad
924 1908 1061 1939 Sacrum
1087 1908 1333 1938 Presbiteratus
1357 1907 1516 1939 Ordinem
1531 1907 1547 1919 ’³
1566 1907 1600 1947 (2
1618 1907 1723 1946 Feb.).

187 1959 282 1978 RUAR·
296 1952 429 1983 -Jolm
450 1952 598 1992 Pellowe,
616 1953 749 1991 deacon,
769 1952 988 1982 “consimiles
1007 1952 1134 1983 Literas
1149 1952 1166 1964 ''
1186 1951 1218 1990 (3
1238 1951 1341 1989 Feb.).

188 1986 260 2045 ζῇ]
298 1996 372 2028 —J.
404 1996 595 2036 Trevysam,
626 1995 726 2034 clerk,
757 1995 828 2026 “ad
859 2006 974 2026 omnes
1007 1996 1161 2034 Minores,
1195 1999 1230 2026 et
1261 1995 1364 2025 eciam
1397 1994 1437 2024 ad
1465 2004 1580 2025 omnes
1607 1994 1723 2026 Sacros

189 2053 251 2080 17b.
345 2039 485 2071 Ordines
498 2040 516 2051 '⁷
534 2039 566 2078 (6
585 2039 690 2079 Feb.).

294 2084 446 2123 —Roger
469 2082 558 2122 Cola,
583 2084 717 2120 deacon,
745 2082 818 2113 “ad
847 2083 986 2114 Sacrum
1012 2082 1258 2113 Presbiteratus
1285 2082 1478 2113 Ordinem¹'
1504 2081 1559 2120 (12
1576 2080 1682 2120 Feb).

296 2127 428 2158 -John
446 2127 673 2167 Pannystone,
688 2127 821 2165 deacon,
840 2126 1060 2157 “consimiles
1079 2126 1206 2157 Literas
1221 2126 1238 2138 ’'
1257 2126 1362 2165 (same
1379 2126 1480 2163 date).

296 2210 583 2260 Appointment
611 2209 651 2245 of
680 2209 981 2246 Penitentiaries
996 2222 1006 2255 3
1034 2208 1248 2256 Deputacio
1278 2208 1652 2245 Penitenciariorum
1681 2208 1724 2244 in

351 2263 514 2312 sinquhs
534 2263 802 2300 Decanatubus
821 2263 863 2300 in
884 2263 1216 2300 Archidiaconatu
1236 2262 1513 2308 monensi,—

298 2318 451 2356 Thomas,
469 2320 541 2356 etc„
558 2317 798 2348 Archidiacono
822 2320 936 2347 nostro
960 2317 1097 2354 Exonie,
1114 2317 1165 2347 vel
1182 2316 1256 2357 ejus
1280 2315 1429 2353 Officiali,
1445 2316 1598 2354 salutem,
1616 2318 1724 2347 etc.—

342 2361 525 2392 Laboribus
549 2363 583 2391 et
606 2361 757 2401 expensis
781 2360 994 2391 subditorum
1017 2363 1209 2391 nostrorum
1237 2369 1369 2399 parcere
1390 2359 1573 2399 cupientes,
1599 2359 1642 2389 ad
1666 2370 1722 2390 au-

341 2404 502 2435 diendum
530 2404 761 2436 Oonfessiones
792 2404 1006 2434 subditorum
1031 2406 1224 2434 nostrornm
1255 2403 1289 2433 in
1318 2403 1407 2433 dicto
1431 2402 1722 2440 Archidiaeoxmtu,

339 2448 486 2488 ipsisque
499 2458 555 2487 pro
568 2448 751 2478 commissis
768 2447 972 2488 penitencias
988 2446 1236 2487 injungendum
1249 2446 1419 2483 salutares,
1433 2456 1470 2476 ac
1482 2446 1724 2477 absolvendum

342 2492 485 2529 eosdem,
503 2491 606 2521 eciam
622 2491 655 2521 in
671 2491 813 2522 casubus
830 2491 924 2521 nobis
941 2501 959 2520 a
975 2490 1049 2531 jure
1072 2490 1241 2530 permissis
1265 2493 1300 2519 et
1322 2500 1340 2519 a
1365 2489 1500 2520 Canone
1522 2489 1699 2520 reservatis
1716 2500 1723 2527 ;

342 2534 498 2575 perjuriis
514 2535 657 2565 scienter
672 2535 706 2565 in
724 2534 853 2572 Assisis,
871 2534 924 2564 vel
947 2534 1034 2572 alibi,
1053 2533 1110 2564 ubi
1134 2533 1288 2573 sequitur
1312 2543 1399 2563 mors
1424 2533 1475 2563 vel
1499 2533 1723 2572 exheredacio,

342 2583 402 2608 aut
425 2577 532 2617 gravis
555 2578 794 2618 depauperacio
820 2577 975 2617 alicujus,
994 2575 1233 2617 injeccionibus
1257 2586 1420 2606 manuum
1445 2576 1667 2607 violentarum
1691 2576 1725 2607 in

342 2621 485 2653 Clericos
509 2623 544 2652 et
567 2621 759 2661 puberibus,
776 2621 948 2651 adulteriis
977 2620 1113 2651 notoriis
1140 2625 1174 2650 et
1199 2618 1403 2657 incestubus‚
1422 2630 1458 2650 ac
1482 2620 1726 2659 inpugnacione

341 2675 399 2695 seu
417 2664 596 2695 violacione
612 2664 633 2695 J
637 2664 748 2695 urium
765 2667 800 2695 et
824 2664 1035 2694 Libertatum
1061 2663 1204 2694 Ecclesie
1226 2665 1340 2694 nostre
1358 2663 1553 2694 Exoniensis
1570 2663 1724 2703 exceptis,

344 2711 379 2738 et
394 2708 490 2738 nobis
506 2707 585 2747 ipsis
603 2707 790 2747 specialiter
812 2707 987 2738 reservatis
1004 2717 1012 2744 ;
1035 2706 1190 2747 providos
1207 2709 1242 2737 et
1257 2706 1417 2737 discretos
1433 2706 1520 2737 viros
1536 2707 1570 2737 in
1587 2707 1726 2746 singulis

346 2751 583 2782 Decanatubus
602 2751 898 2782 Archidiaconatus
915 2750 1112 2781 Exoniensis
1129 2749 1270 2790 predicti
1285 2758 1293 2786 ;
1311 2749 1519 2789 videlicet,—

194 2794 345 2832 Exon-In
384 2794 557 2825 Decanatu
596 2794 860 2825 Christianitatis
900 2794 1035 2831 Exonie,
1075 2793 1258 2824 Dominum
1297 2793 1504 2825 Willelmum
1544 2792 1728 2832 Coukham,

194 2835 234 2854 ¹²²·
348 2837 523 2870 Rectorem
544 2837 684 2869 Ecclesia
701 2838 814 2868 Sancti
832 2837 969 2869 Martini
987 2848 995 2876 3
