1987 3062
491 224 656 256 ROYAL
692 221 905 255 LETTERS
942 220 1045 253 ANo
1080 219 1253 254 WRITS.
1547 211 1637 257 187

108 329 183 355 A·D-
259 330 310 360 les
323 339 406 370 pura
430 328 631 359 consciencia
655 328 725 359 Deo
748 328 933 368 placabiles,
951 328 1071 359 Sancte
1095 326 1240 358 Ecclesie
1257 327 1323 358 Sue
1339 330 1459 367 gratas,
1484 337 1521 358 ac
1545 328 1640 359 nobis

107 363 183 422 &gl-2*
259 373 390 421 totique
408 373 521 412 Regno
533 375 572 421 'et
588 372 710 412 populo
727 372 918 412 Anglicanis
934 370 1151 411 acceptabiles
1168 370 1203 401 et
1219 370 1408 419 fructuosas
1424 371 1639 410 sperabamus

109 430 149 455 Π,
166 416 172 422 ”
261 420 383 447 eternis
398 415 607 455 temporibus
623 415 828 455 perdurasse.
876 416 958 446 Ecce
974 415 1063 455 quod
1081 417 1202 444 eventu
1220 424 1276 452 rel,
1294 417 1394 453 prout
1412 414 1521 453 placet
1537 414 1638 444 Altis-

258 460 351 498 simo,
370 462 479 499 preter
502 458 687 499 quamlibet
702 459 833 499 culpam
859 462 1006 489 nostram
1030 458 1063 488 in
1089 457 1293 487 contrarium
1323 457 1531 495 succedente,
1550 458 1639 488 idem

259 502 412 540 Karoius,
430 503 470 532 ad
488 502 614 532 bonum
632 502 720 542 pacis
739 502 935 542 hujusmodi
958 512 1024 532 non
1048 501 1235 538 advertens,
1252 504 1304 530 set
1320 510 1401 538 eam,
1421 503 1538 531 contra
1563 501 1639 531 fidei

259 557 317 577 sue
333 546 535 586 religionem,
553 545 740 575 voluntarie
757 546 856 576 nimis
872 545 1067 585 infringenS,
1086 544 1282 574 coadunatis
1305 543 1369 573 sibi
1388 544 1638 584 Hispannorum

259 590 466 628 aliorumque
482 588 631 629 plurium
648 592 884 628 prepotentum
903 589 1038 627 viribus,
1055 588 1137 618 adeo
1160 587 1294 617 fortiter
1314 588 1467 626 Regnum
1484 590 1639 618 nostrum

258 632 396 663 molitur
411 632 566 663 invadere
582 631 682 672 quod,
699 632 892 672 impellente
908 642 967 662 nos
983 631 1179 662 necessitate
1196 630 1334 668 notoria,
1351 631 1501 669 cogimur
1525 634 1640 661 contra

259 677 407 716 ipsorum
424 675 617 706 violenciam
634 678 668 705 et
684 685 855 714 aggressus
871 686 963 706 arma
979 674 1149 705 defensiva
1165 684 1343 712 resumere,
1360 677 1394 704 et
1410 674 1568 704 adversus
1585 685 1639 705 eos

257 720 432 760 procedere
448 729 549 749 manu
566 718 656 749 forti.
706 719 760 757 Et,
778 719 840 749 nisi
856 719 890 749 in
908 729 1059 759 processu
1078 720 1191 748 nostro
1208 717 1405 757 hujusmodi
1422 717 1549 748 virtute
1573 718 1637 748 Do-

257 763 389 801 mimica,
408 772 472 802 que
489 772 620 802 semper
635 761 797 792 hactenus
814 762 907 792 nobis
930 761 1023 800 favit,
1042 761 1183 791 validius
1207 764 1453 800 supportemur,
1471 761 1550 791 satis
1576 761 1640 792 erit

257 806 352 837 nobis
370 806 512 836 arduum
530 805 612 846 quin
630 805 738 835 verius
755 806 877 836 nostris
894 805 1042 835 humeris
1065 804 1287 844 importabilis
1305 804 1440 842 sarcina,
1458 807 1496 834 ut
1514 804 1639 835 eisdem

257 850 398 880 inimicis
415 849 537 880 nostris
554 858 736 888 eorumque
753 853 821 879 tam
839 849 956 888 grandi
973 848 1122 888 potencie
1135 847 1287 878 resistere
1299 847 1476 878 valeamus.
1501 848 1637 886 Verum,

257 893 335 932 quia
358 892 593 932 imperfectum
616 895 771 922 nostrum
794 892 881 922 oculi
904 891 1009 922 nostri
1032 891 1162 921 intente
1186 890 1443 929 considerantes,
1469 891 1510 921 de
1534 891 1639 931 ipsius

257 936 319 966 Dei
335 936 478 966 fecunda
494 935 699 974 benignitate
712 936 976 975 devotorumque
990 934 1217 974 precaminum
1230 937 1485 974 vestrorumque
1498 934 1638 965 aliorum

256 979 469 1010 subditorum
487 979 578 1009 vobis
595 978 795 1018 populorum
812 979 973 1009 instancia
990 978 1213 1018 multiplicata
1230 977 1352 1015 confisi,
1365 988 1554 1017 processum
1568 989 1637 1017 pre-

257 1023 396 1061 dictum,
416 1026 451 1052 et
468 1022 638 1062 potissime
654 1022 694 1052 ad
712 1022 891 1053 tuicionem
910 1025 944 1052 et
960 1021 1187 1052 defensionem
1206 1020 1349 1051 Ecclesie
1367 1020 1471 1060 Regni
1487 1020 1640 1061 jurisque

259 1069 448 1096 nostrorum
472 1065 757 1105 recuperacionem
781 1069 973 1096 constanter
996 1064 1207 1104 arripuimus,
1237 1067 1272 1094 et
1298 1063 1331 1094 in
1356 1075 1393 1094 eo
1410 1065 1548 1103 vestigio
1566 1076 1638 1104 pro-

258 1109 351 1148 gredi
367 1119 426 1139 nos
443 1109 661 1148 disponimus,
675 1119 751 1139 cum
768 1119 805 1139 eo
823 1109 912 1149 quod
930 1108 1090 1139 habemus
1102 1107 1231 1138 efforeio
1248 1108 1289 1137 de
1301 1108 1445 1146 presenti
1463 1118 1470 1145 ;
1489 1108 1637 1138 Paterni-

259 1156 375 1188 tatem,
393 1162 479 1192 erg0,
497 1155 652 1189 vestram,
672 1152 830 1182 inclinato
847 1152 954 1182 cordis
971 1151 1077 1182 nostri
1090 1150 1289 1187 habitaculo,
1307 1150 1467 1181 humilius
1484 1161 1549 1191 quo
1567 1162 1638 1191 pos-

259 1206 375 1226 sumus
391 1196 609 1232 obsecramUS,
627 1205 699 1225 eam
717 1205 774 1234 per
790 1195 1047 1225 misericordiam
1061 1194 1166 1225 Jhesu
1182 1193 1306 1225 Christi
1321 1193 1474 1224 obnixius
1492 1194 1637 1225 excitan-

259 1242 319 1276 tes,
338 1238 498 1278 quatinus
515 1249 573 1278 pro
590 1238 671 1268 dicti
687 1239 793 1277 Regni
816 1239 989 1278 tociusque
1011 1237 1156 1268 Ecclesie
1180 1237 1370 1276 Anglicane,
1396 1237 1539 1268 filiorum
1564 1248 1637 1268 nos-

259 1285 399 1319 trorum,
417 1292 454 1312 ac
471 1281 610 1312 aliorum
624 1281 774 1311 omnium
791 1282 823 1312 in
843 1281 989 1322 presenti
1002 1284 1115 1311 nostro
1127 1280 1232 1320 viagio
1245 1280 1417 1310 nobiscum
1435 1281 1637 1320 profecturo-

259 1336 344 1363 rum,
369 1328 428 1355 aut
451 1325 528 1355 alias
552 1335 648 1355 cause
671 1327 784 1355 nostre
807 1324 977 1364 justiciam
1001 1324 1205 1363 ubicumque
1231 1324 1518 1363 prosequencium,
1545 1327 1637 1355 statu

260 1379 415 1408 prospero
438 1372 472 1398 et
495 1368 582 1399 felici
605 1368 695 1407 apud
718 1368 939 1405 Altissimum,
965 1368 1072 1407 Cujus
1095 1371 1183 1397 nutu
1208 1367 1362 1397 universa
1384 1367 1584 1405 subsistunt,
1603 1368 1637 1398 iu

259 1412 436 1442 Missarum
453 1411 740 1448 celebraeionibus,
760 1410 863 1442 Verbi
887 1411 949 1442 Dei
973 1410 1225 1450 prolacionibus,
1243 1410 1438 1450 devotisque
1456 1410 1634 1441 Processio-

259 1455 367 1493 nibus,
380 1454 530 1494 jejuniis,
547 1454 679 1494 vigiliis,
699 1455 954 1485 elemosinarum
975 1454 1217 1493 largicionibus,
1235 1456 1269 1484 et
1292 1454 1363 1484 aliis
1379 1454 1586 1484 oracionibus
1604 1458 1638 1485 et

258 1498 502 1538 precaminibus
514 1497 654 1537 publicis
668 1500 703 1528 et
718 1498 852 1528 secretis
871 1497 990 1528 vestris
1006 1501 1040 1527 et
1055 1498 1203 1537 ipsorum
1217 1497 1377 1534 omnium,
1391 1497 1514 1528 instare
1527 1497 1636 1528 velitis

257 1542 469 1581 frequencius
486 1551 552 1580 quo
568 1541 711 1580 possitiS,
730 1546 766 1571 ut
784 1541 858 1580 Ipse
876 1541 975 1577 Deus,
994 1551 1051 1580 pro
1074 1540 1297 1570 misericordia
1313 1540 1391 1577 Sua,
1411 1540 1476 1570 iter
1492 1544 1526 1571 et
1541 1544 1637 1572 actus

258 1589 389 1615 nostros
405 1584 439 1614 in
457 1585 524 1615 Suo
547 1583 753 1624 beneplacito
777 1584 899 1623 dirigat
922 1588 956 1614 et
979 1584 1145 1622 disponat,
1165 1586 1210 1621 et,
1230 1583 1269 1613 ad
1288 1583 1347 1614 Sui
1364 1583 1518 1614 Nominis
1535 1584 1635 1615 hono-

104 1628 155 1654 fol-
255 1638 325 1659 rem
343 1632 376 1658 et
392 1628 540 1668 gloriam,
558 1628 653 1657 nobis
671 1631 705 1658 et
723 1628 801 1667 ipsis
817 1628 984 1658 salubrem
1009 1627 1185 1657 efficaciam
1209 1627 1372 1666 assumpti
1390 1637 1447 1666 per
1463 1638 1521 1657 nos
1539 1631 1572 1658 et
1589 1628 1635 1668 ip-

105 1663 145 1688 12‘
255 1682 307 1702 sos
323 1671 483 1712 propositi
499 1671 628 1701 tribuat
644 1674 678 1701 et
694 1671 867 1710 impendat
884 1681 891 1708 ;
915 1682 952 1700 ac
968 1681 1039 1700 eam
1065 1680 1122 1710 per
1140 1670 1288 1700 Prolatos
1306 1673 1484 1710 totumque
1502 1670 1636 1702 Clerum

255 1719 290 1746 et
306 1715 466 1755 populum
482 1717 670 1744 vestrarum
688 1714 842 1745 Civitatis
866 1717 900 1744 et
923 1714 1079 1752 DiocesiS,
1097 1724 1155 1753 per
1179 1716 1270 1744 cetus
1294 1713 1533 1753 Religiosorum
1552 1714 1635 1745 viro-

256 1769 330 1789 rum
348 1769 384 1788 ac
402 1758 588 1795 mulierum,
607 1761 800 1797 ceterosque
816 1758 849 1788 in
867 1757 991 1787 eisdem
1016 1757 1212 1796 degencium
1232 1756 1310 1794 (sic),
1329 1767 1387 1796 per
1405 1757 1634 1797 Indulgencia-

253 1812 329 1832 rum
347 1812 485 1832 munera
501 1801 651 1831 allectiva
668 1801 904 1841 fructuos-aque
922 1801 1129 1831 Prelatorum
1153 1800 1365 1830 subditorum
1391 1804 1576 1831 vestrorum
1603 1805 1635 1832 et

254 1845 393 1875 aliorum
412 1844 572 1884 exempla,
590 1844 631 1874 ad
642 1844 729 1874 idem
740 1844 807 1874 fieri
820 1844 1030 1884 quamtocius
1045 1843 1226 1883 procuretis
1239 1843 1280 1873 ab
1294 1843 1429 1882 agendis
1440 1844 1636 1884 hujusmodi

256 1898 463 1928 quesumus;
495 1898 561 1918 non
592 1890 758 1918 cessantes
789 1888 892 1918 donec
915 1887 1010 1917 nobis
1035 1887 1308 1926 processibusque
1332 1887 1453 1917 nostris
1478 1888 1635 1927 predictis

254 1932 422 1971 placatum
438 1942 494 1970 per
510 1931 739 1971 prosperitatis
764 1931 967 1961 evidenciam
986 1930 1198 1970 perceperitis
1215 1930 1325 1969 ipsum
1344 1930 1463 1960 Deum.
1475 1931 1633 1961 —Tested

252 1978 288 2005 at
305 1973 554 2012 VVestminster,
575 1975 610 2004 11
630 1974 831 2013 Aug—The
849 1975 973 2014 Bishop
991 1977 1066 2003 sent
1083 1974 1150 2003 this
1177 1973 1262 2004 Writ
1279 1977 1314 2003 to
1330 1973 1388 2003 the
1405 1974 1497 2004 Dean
1516 1985 1557 2004 on
1576 1974 1633 2005 the

252 2018 334 2049 29th
351 2018 385 2047 of
405 2020 543 2057 August,
562 2017 730 2057 requiring
746 2017 817 2048 him
834 2021 870 2048 to
886 2017 970 2058 obey
988 2017 1045 2047 the
1063 2017 1180 2056 King's
1198 2017 1356 2047 Mandate
1375 2026 1381 2053 ;
1406 2017 1481 2054 and,
1502 2017 1579 2054 also,
1598 2021 1633 2048 to

255 2061 313 2091 the
327 2061 638 2092 Officials-Peculiar
648 2061 681 2091 in
696 2061 810 2091 Devon
824 2061 888 2091 and
907 2060 1080 2097 Cornwall,
1094 2060 1159 2090 and
1176 2060 1234 2090 the
1247 2060 1339 2090 Dean
1351 2060 1385 2090 of
1403 2060 1631 2102 Christianity.

207 2131 307 2167 30.-·-
314 2132 361 2162 De
373 2131 525 2162 veniendo
541 2131 584 2162 ad
602 2131 860 2162 Parliamentum
876 2131 912 2161 in
931 2130 1102 2167 Quindena
1114 2129 1228 2160 Sancti
1242 2129 1420 2167 Michaelis,
1436 2130 1527 2169 apud
1540 2130 1631 2161 Wese-

250 2175 551 2206 monasterium.—“
565 2176 672 2214 Super
684 2175 796 2205 arduis
812 2179 847 2205 et
863 2174 1059 2214 urgentibus
1073 2173 1223 2212 negociis,
1238 2176 1306 2203 tam
1322 2183 1379 2203 nos
1397 2178 1431 2203 et
1448 2174 1630 2213 expedicio-

252 2229 329 2249 nem
344 2229 461 2258 guerre
478 2221 589 2248 nostre
606 2229 642 2248 ac
658 2218 733 2258 jura
750 2221 863 2248 nostra
880 2222 913 2248 et
933 2218 1058 2248 Corone
1082 2220 1194 2247 nostre
1213 2217 1247 2246 in
1266 2216 1421 2246 Partibus
1438 2217 1631 2247 transmari—

252 2262 313 2300 nis,
331 2272 431 2302 quam
448 2265 576 2292 statum
593 2265 627 2291 et
644 2261 868 2291 defensionem
891 2261 1002 2299 Regni,
1020 2264 1092 2297 etc.,
1111 2259 1394 2298 contingentibus,
1417 2282 1423 2288 .
1452 2283 1457 2290 .
1487 2283 1493 2290 .
1519 2283 1525 2290 .
1541 2261 1630 2299 quod

251 2305 348 2335 dictis
364 2305 417 2335 die
434 2308 468 2335 et
484 2305 554 2334 loco
579 2304 795 2344 personaliter
817 2304 979 2334 intersitis
1003 2303 1186 2340 nobiscum,
1203 2313 1260 2332 seu
1286 2313 1362 2332 cum
1388 2303 1537 2341 RicardO,
1562 2303 1630 2334 filio

249 2348 411 2378 carissimi
428 2347 646 2388 Primogeniti
669 2347 784 2385 nostri,
805 2347 967 2383 Edwardi,
987 2346 1157 2385 Principis,
1174 2349 1246 2382 etc„
1266 2345 1413 2375 Custode
1431 2346 1537 2385 Regni
1557 2357 1630 2377 nos·

97 2388 147 2415 fol·
252 2391 296 2421 tri
322 2391 438 2429 Anglie
455 2394 490 2422 et
505 2391 615 2421 locum
639 2393 793 2421 nostrum
816 2393 953 2420 tenente
976 2390 1009 2419 in
1035 2390 1148 2419 eodem
1173 2390 1292 2427 Regno,
1312 2388 1339 2418 si
1356 2392 1437 2418 tunc
1454 2389 1630 2429 contigerit

97 2422 156 2448 ¹²b·
251 2444 311 2509 poss
327 2434 630 2508 akgesseae-Tested,
648 2437 683 2463 at
702 2433 928 2473 wallingford,
947 2433 990 2473 by
1007 2432 1064 2462 the
1081 2432 1150 2462 said
1177 2431 1360 2462 Custodian
1378 2431 1411 2461 of
1428 2431 1485 2462 the
1505 2433 1628 2471 Realm,

309 2488 348 2518 ep
368 2501 374 2508 .

205 2547 426 2583 31.—Postea
450 2548 541 2578 venit
564 2547 654 2578 aliud
681 2547 782 2576 Breve
806 2547 993 2577 excusando
1017 2546 1201 2576 Dominum
1226 2548 1261 2575 et
1288 2545 1367 2575 alios
1397 2545 1554 2583 Prelatos,
1579 2548 1630 2576 set

248 2592 437 2622 mandando
454 2591 544 2631 quod
566 2590 724 2621 intersint
748 2589 936 2627 Londoniis,
962 2590 1049 2629 apud
1069 2588 1411 2626 westmonasterium,
1430 2598 1488 2629 pro
1505 2588 1628 2618 Parlia-

248 2638 362 2665 mento
378 2634 485 2665 inhibi
502 2634 571 2673 (sic)
588 2634 739 2664 faciendo
755 2633 788 2662 in
803 2633 946 2663 crastino
965 2631 1299 2663 Commemoracionis
1316 2632 1502 2662 animarum
1517 2630 1626 2670 (with-

250 2681 308 2708 out
326 2678 543 2715 date).—The
562 2677 684 2716 ssishop
700 2676 787 2706 cited
805 2676 862 2706 the
888 2677 981 2706 Dean
1005 2676 1069 2705 and
1096 2675 1253 2714 Chapter,
1273 2678 1346 2711 etc„
1364 2675 1429 2705 and
1447 2675 1628 2714 appointed

251 2721 390 2751 Masters
407 2721 496 2751 John
513 2720 647 2760 Wyliet,
667 2719 861 2750 Chancellor
877 2720 911 2750 of
927 2719 984 2749 the
1002 2718 1192 2755 Cathedral,
1210 2718 1275 2748 and
1292 2717 1440 2748 William
1458 2718 1560 2758 Byde,
1578 2718 1629 2748 his

249 2764 566 2804 Official-Principal,
583 2764 634 2794 his
653 2764 813 2800 Proctors,
832 2766 866 2793 to
883 2763 1001 2793 attend
1018 2762 1052 2792 in
1069 2762 1121 2792 his
1138 2761 1232 2792 stead
1249 2761 1314 2792 and
1332 2761 1426 2791 make
1443 2771 1562 2792 excuse
1578 2761 1630 2792 for

251 2807 301 2837 his
319 2807 465 2838 absence.
