1987 3062
255 230 349 272 332

252 342 328 367 A.D.

253 376 328 401 1374.

254 410 316 435 Vol.
335 409 357 434 I.

253 650 300 675 fol.
317 650 357 675 49.

477 241 576 273 THE
602 242 843 273 REGISTER
868 242 928 273 OF
953 241 1132 273 BISHOP
1158 239 1563 274 BRANTYNGHAM.

404 344 612 375 Willelmum
643 344 810 374 occasione
842 343 1000 383 premissa
1027 343 1073 373 sic
1103 353 1173 373 esse
1204 343 1539 381 excommunicatum,
1571 342 1606 373 in
1637 339 1782 372 Ecclesia

406 387 588 418 Parochiali
619 387 660 418 de
692 388 849 424 Suttone,
883 390 956 424 etc.,
998 398 1034 416 ac
1072 386 1144 417 aliis
1178 387 1331 416 Ecclesiis
1362 386 1616 424 circumvicinis,
1654 384 1781 415 Diebus

406 431 589 462 Dominicis
620 434 654 460 et
684 430 833 468 Festivis,
861 431 949 460 intra
977 430 1154 460 Missarum
1180 430 1372 470 solempnia,
1398 440 1474 460 cum
1500 429 1607 468 major
1634 427 1722 459 Cleri
1746 429 1781 456 et

405 475 518 514 populi
535 474 720 504 multitudo
737 474 926 503 convenerit
937 474 979 503 ad
996 473 1126 510 Divina,
1139 473 1278 513 pulsatis
1289 473 1465 513 campanis,
1480 473 1624 503 candelis
1638 470 1781 501 accensis

404 522 438 549 et
454 518 487 548 in
504 518 659 548 ruborem
676 516 872 557 hujusmodi
889 517 1167 547 excommunicati
1189 516 1347 548 extinctis
1363 520 1395 546 et
1414 517 1445 546 in
1464 521 1587 546 terram
1611 513 1780 555 p1·ojectiS‚

405 573 471 592 una
487 572 562 591 cum
576 561 666 591 omni
681 561 744 590 alia
760 560 994 600 solempnitate
1010 560 1041 590 in
1060 560 1183 590 talibus
1200 563 1367 598 consueta,
1381 560 1512 600 publice
1523 562 1557 589 et
1567 557 1782 596 solempniter

407 604 634 639 denuncietis;
654 604 694 633 ab
712 603 907 643 hujusmodi
925 604 1183 634 denunciacione
1207 614 1272 633 non
1298 606 1463 634 cessantes
1487 612 1660 643 quousque
1685 601 1780 630 bene-

410 649 520 679 ficium
538 647 767 678 Absolucionis
783 647 816 677 in
834 647 940 677 forma
955 647 1039 687 juris
1057 647 1215 677 meruerit
1231 647 1391 687 optinere,
1409 649 1469 677 etc.
1489 645 1562 684 (not
1578 644 1702 681 dated).

365 714 667 754 Penitentiaries
686 726 695 759 3
723 712 930 749 Revocacz‘o
949 712 1295 757 Peniz‘em·iarz'e‚—

365 770 519 805 Thomas,
547 770 620 805 etc,
649 767 898 797 Archidiaconis
925 767 1061 804 Exonie‚
1088 767 1237 804 'Potonie,
1262 765 1522 805 Barnastapolie,
1548 768 1583 794 et
1607 764 1782 801 Cornubie,

407 812 458 842 vel
490 820 604 841 eorum
637 810 848 848 Officialibus,
880 810 1032 847 salutem,
1064 811 1263 841 eto.—Cum
1295 810 1436 847 dudum,
1468 808 1653 838 animarum
1688 807 1783 837 nobis

409 855 659 886 commissarum
677 853 777 883 saluti
794 854 917 893 pariter
933 857 967 883 et
983 853 1088 893 quieti
1106 853 1288 893 prospicere
1299 853 1425 883 solicite
1438 852 1618 892 cupientes,
1632 850 1783 881 personis

410 898 609 939 quibusdam
625 897 845 934 Secularibus,
858 907 983 927 necnon
1002 900 1037 926 et
1054 897 1225 936 Religiosis
1243 897 1419 926 verbaliter
1430 895 1608 932 nonnullis,
1622 894 1685 924 sub
1695 897 1785 924 certa

410 943 517 972 forma
535 941 732 978 Literarum,
750 941 783 970 in
801 944 929 980 partem
947 940 1166 971 solicitudinis
1180 943 1301 978 nostre,
1315 943 1353 970 ut
1365 939 1576 969 subditorum
1591 941 1782 968 nostrorum

409 985 576 1017 laboribus
602 994 807 1024 parceremus
835 987 869 1013 et
892 984 1051 1023 expensis,
1076 983 1340 1013 commiserimus
1363 983 1449 1012 vices
1473 985 1612 1018 nostras,
1645 985 1684 1011 ut
1714 984 1783 1011 tam

410 1028 603 1060 clericorum
615 1037 714 1067 quam
729 1027 895 1066 laycorum
914 1027 1126 1057 subditorum
1140 1029 1339 1065 nostrorum,
1354 1026 1432 1066 ipsis
1449 1027 1567 1065 sponte
1581 1035 1640 1054 sua
1653 1027 1786 1065 peccata

410 1071 559 1103 confiteri
577 1070 771 1107 volencium,
791 1070 1021 1101 confessiones
1038 1070 1128 1100 licite
1145 1070 1272 1110 possint
1296 1070 1418 1107 audire,
1436 1072 1470 1098 et
1487 1068 1609 1098 eisdem
1636 1079 1693 1107 pro
1716 1067 1785 1097 suis

410 1115 604 1146 criminibus
631 1117 666 1144 et
695 1114 892 1144 excessnbus
924 1114 985 1143 sibi
1009 1113 1166 1143 confessis
1189 1113 1391 1153 penitencias
1414 1112 1589 1152 injungere
1612 1110 1785 1148 salutares,

409 1159 511 1190 eciam
528 1158 560 1187 in
578 1157 718 1187 casubus
734 1156 829 1187 nobis
845 1157 1029 1196 specialiter
1045 1168 1062 1186 a
1080 1156 1212 1187 Canone
1228 1156 1403 1186 reservatis
1421 1167 1428 1193 3
1444 1155 1591 1195 quidam,
1607 1157 1731 1192 tamen,
1745 1154 1787 1184 ad

411 1203 515 1233 vetita
531 1201 630 1231 nimis
646 1200 750 1240 proni,
768 1204 804 1230 et
819 1210 884 1240 que
900 1210 960 1230 sua
976 1204 1057 1230 sunt
1073 1200 1186 1240 pocius
1203 1210 1303 1240 quam
1321 1199 1425 1230 Jbesu
1444 1199 1570 1230 Christi
1594 1201 1783 1238 querentes,

411 1254 699 1286 quorumcumque
712 1244 923 1274 subditorum
938 1248 1129 1274 nostrorum
1142 1244 1188 1273 eis
1201 1243 1351 1274 confiteri
1362 1242 1548 1273 volencium
1559 1241 1787 1271 Confessiones

413 1289 568 1325 audiunt,
588 1287 790 1327 penitencias
806 1287 1001 1327 injungunt,
1018 1290 1052 1317 et
1068 1287 1246 1317 indiscrete
1262 1286 1450 1324 absolvunt,
1474 1286 1577 1315 eciam
1593 1285 1626 1314 in
1645 1284 1786 1314 casubus

411 1333 507 1364 nobis
523 1335 557 1361 et
574 1330 740 1370 Dignitati
765 1330 950 1361 Pontificali
966 1331 998 1361 in
1015 1330 1090 1371 jure
1114 1330 1299 1370 specialiter
1321 1329 1507 1365 reservatis,
1532 1328 1658 1358 nullam
1676 1328 1708 1357 in
1726 1327 1788 1357 hac

413 1379 506 1416 parte
525 1378 722 1415 potestatem
742 1374 912 1413 habentes,
929 1374 961 1404 in
980 1375 1085 1404 nostri
1102 1374 1324 1414 prejudicium
1341 1376 1374 1403 et
1391 1373 1577 1403 animarum
1590 1370 1786 1411 hujusmodi

411 1419 641 1459 decepcionem
664 1428 700 1448 ac
723 1417 907 1457 periculum
932 1417 1171 1455 manifestum;
1195 1417 1307 1457 sicque
1330 1426 1368 1447 ea
1392 1427 1456 1456 qne
1480 1416 1521 1445 ad
1545 1415 1729 1445 remedium
1754 1416 1788 1444 et

412 1464 553 1494 salutem
568 1461 754 1491 animarum
769 1461 1102 1500 ordinavimus,quod
1114 1461 1265 1491 dolenter
1275 1460 1457 1497 referimus,
1466 1460 1507 1489 ad
1518 1469 1637 1489 noxam
1651 1458 1788 1488 tendere

411 1507 640 1542 dinoscuntur,
664 1508 765 1544 prout
788 1504 924 1534 auribus
947 1505 1069 1535 nostris
1092 1504 1248 1545 frequens
1272 1504 1414 1534 deduxit
1436 1503 1626 1540 insinuacio,
1651 1504 1686 1532 et
1708 1501 1789 1531 facti

411 1549 617 1590 experiencia
646 1548 752 1578 indies
785 1548 986 1578 manifestat.
1050 1548 1128 1586 Nos,
1160 1548 1274 1587 igitur,
1311 1546 1499 1587 perniciosis
1537 1546 1600 1576 hiis
1639 1544 1787 1575 ausubus

411 1593 543 1624 obviare
568 1592 726 1629 volenteS,
751 1601 932 1631 eorumque
949 1591 1037 1621 facta
1060 1591 1254 1631 hujusmodi
1278 1591 1402 1626 illicita,
1426 1592 1590 1630 quantum
1616 1599 1691 1619 cuin
1718 1588 1788 1617 Deo

411 1646 596 1678 possumus,
621 1634 795 1671 refrenare,
812 1645 925 1664 omnes
941 1638 975 1665 et
991 1634 1136 1674 singulas
1161 1634 1415 1665 Commissiones
1431 1636 1560 1663 nostras
1583 1631 1790 1672 hujusmodi,

411 1683 453 1711 de
468 1680 591 1720 quibus
607 1679 759 1718 superius
776 1679 814 1708 fit
831 1678 970 1716 mencio,
989 1678 1257 1718 quibuscumque
1274 1677 1425 1708 Personis
1442 1681 1475 1706 et
1487 1676 1787 1716 qualitercumque,

411 1724 475 1754 sub
491 1732 700 1762 quacumque
723 1721 830 1751 forma
853 1722 1029 1752 verborum
1047 1725 1107 1751 aut
1123 1722 1296 1752 literarum
1319 1723 1495 1760 conceptas
1512 1723 1545 1749 et
1561 1719 1674 1757 factas,
1691 1717 1790 1748 certis

413 1771 447 1797 et
462 1765 619 1806 legitimis
636 1775 676 1795 ex
693 1765 797 1795 causis
815 1768 849 1794 et
872 1775 911 1795 ex
935 1768 1024 1795 certa
1048 1765 1195 1802 sciencia,
1213 1768 1327 1795 tenore
1352 1764 1564 1794 Presencium
1587 1771 1788 1792 revocamus.

415 1810 574 1848 Quocirca
601 1808 702 1843 vobis,
729 1812 804 1846 etc.‚
831 1808 1028 1838 mandamus
1051 1808 1211 1848 quatinus
1234 1808 1266 1838 in
1292 1807 1450 1847 proximis
1475 1806 1592 1836 vestris
1617 1805 1789 1845 Capitulis,

413 1853 569 1884 omnibus
581 1852 641 1881 viis
652 1851 751 1881 licitis
764 1855 798 1881 et
809 1851 966 1889 honestis,
980 1851 1049 1881 sine
1063 1862 1152 1881 more
1165 1851 1350 1890 dispendio,
1367 1850 1624 1881 Revocacionem
1641 1852 1788 1878 nostram

416 1895 612 1936 hujusmodi
631 1894 816 1934 publicetis,
834 1898 868 1925 et
884 1905 942 1934 per
965 1894 1044 1924 alios
1069 1895 1229 1924 Locorum
1256 1894 1406 1931 Cui-atos,
1423 1894 1455 1923 in
1475 1893 1612 1932 singulis
1637 1891 1790 1922 Ecclesiis

414 1938 660 1971 Parochialibus
678 1938 844 1968 dictorum
862 1937 1199 1968 Archidiaconatuum
1221 1938 1343 1977 quibus
1359 1937 1514 1976 expedire
1530 1935 1688 1973 videritis,
1706 1938 1788 1964 tem-

414 1983 550 2024 poribus
579 1982 621 2012 ad
652 1981 714 2011 hoc
744 1981 897 2020 congruis
927 1991 964 2011 ac
995 1981 1095 2011 eciam
1128 1981 1310 2021 oportunis,
1342 1980 1502 2020 publicari
1533 1983 1567 2009 et
1598 1977 1792 2008 denunciari

414 2025 629 2065 solempniter
660 2024 788 2054 faciatis
810 2035 816 2062 3
849 2024 947 2054 fidem
976 2034 1107 2055 exnunc
1134 2024 1268 2062 talibus,
1296 2024 1359 2054 nisi
1387 2024 1514 2054 Literas
1541 2026 1670 2052 nostras
1697 2021 1790 2051 vobis

413 2069 636 2106 exhibuerint,
654 2068 847 2098 nullatenus
863 2067 1057 2108 impensuri,
1075 2067 1292 2099 etc.—Dated
1308 2070 1344 2098 at
1361 2067 1464 2107 Clyst,
1482 2068 1500 2098 3
1517 2066 1614 2097 June.

370 2134 827 2183 Letters-Dimissory,—

371 2191 484 2222 Simon
501 2188 607 2225 Yorti,
624 2187 770 2223 accolite,
789 2187 860 2218 “ad
878 2197 993 2217 omnes
1007 2187 1122 2218 Sacros
1135 2186 1276 2218 Ordines
1290 2186 1308 2198 ”
1325 2185 1565 2227 (Petreshayes,
1578 2185 1617 2216 13
1631 2183 1745 2223 June).

371 2251 425 2287 St.
450 2248 709 2287 Constantine
727 2261 736 2294 3
757 2247 909 2284 Licence
929 2254 964 2284 to
980 2248 1222 2292 celebrate,—

372 2305 469 2342 Item,
487 2303 575 2342 apud
594 2301 698 2341 Clyst,
717 2311 758 2331 xv
776 2301 829 2331 die
845 2301 925 2331 dicti
943 2301 1074 2338 mensis,
1092 2301 1256 2331 Dominus
1272 2301 1433 2330 concessit
1457 2299 1642 2330 Licenciam
1665 2298 1790 2329 Jacobo

415 2348 562 2386 ‹lei-veys,
580 2346 621 2375 de
638 2344 795 2375 Parocbia
812 2344 927 2375 Sancti
944 2344 1158 2376 Constantini
1174 2345 1205 2374 in
1226 2344 1402 2381 Cornubia,
1420 2343 1506 2383 quod
1526 2342 1639 2382 possit,
1657 2344 1730 2379 etc„
1755 2341 1789 2370 in

415 2390 559 2429 Capella,
576 2389 644 2418 sive
663 2388 825 2425 Oratorio,
843 2388 928 2418 infra
945 2388 1148 2418 mansionem
1166 2387 1315 2427 ejusden]
1329 2387 1464 2424 situata,
1477 2397 1534 2427 per
1545 2394 1790 2426 quemcumque

414 2434 582 2473 ydoneum
601 2431 816 2470 Capellanum
837 2440 844 2468 ;
859 2441 963 2471 usque
980 2430 1104 2461 Pascha
1121 2431 1328 2460 duraturam.

371 2491 828 2540 Letters-Dimissory,—

370 2546 461 2577 *John
480 2547 732 2585 Hemmystone,
749 2544 896 2582 accolite,
913 2543 932 2558 “
945 2544 986 2574 ad
1000 2554 1114 2573 omnes
1128 2544 1242 2574 Sacros
1257 2543 1399 2574 Ordines
1413 2543 1430 2556 ''
1445 2543 1564 2583 (Olyst,
1579 2543 1618 2572 20
1631 2541 1746 2579 June).

375 2606 571 2644 Oratories
588 2618 599 2651 3
629 2603 790 2641 General
809 2604 960 2640 Licence
980 2607 1016 2639 to
1035 2604 1277 2648 celeb7·ale‚—--

371 2661 468 2698 Item,
486 2659 608 2689 eisdem
626 2658 689 2695 die,
707 2658 786 2695 loco,
804 2660 838 2687 et
852 2667 948 2695 anno,
966 2657 1130 2687 Dominus
1146 2657 1306 2687 concessit
1329 2656 1513 2687 Licenciam
1530 2656 1657 2686 Thome
1674 2654 1793 2686 Cham-

414 2703 549 2740 hernon,
567 2701 749 2738 domicello,
768 2701 856 2740 quod
875 2700 988 2740 possit,
1009 2704 1081 2738 etc,
1098 2700 1130 2730 in
1150 2700 1301 2740 Capellis,
1320 2700 1489 2738 Oratoriis,
1502 2703 1562 2730 aut
1576 2699 1668 2729 Locis
1681 2698 1793 2728 adhoc

414 2745 566 2785 congruis
582 2748 617 2774 et
632 2744 790 2782 honestis,
808 2743 894 2773 infra
911 2743 1056 2773 Maneria
1080 2754 1139 2773 sua
1162 2743 1195 2772 in
1220 2753 1280 2773 sua
1304 2743 1433 2773 Diocesi
1450 2743 1627 2773 existencia
1644 2741 1792 2772 ubicum-

413 2799 489 2829 que,
515 2798 572 2828 per
596 2787 791 2828 Capellanos
813 2786 960 2827 ydoneos
983 2796 1042 2827 per
1064 2786 1175 2826 ipsum
1198 2786 1434 2826 deputandos3
1465 2786 1624 2826 quamdiu
1649 2783 1792 2815 Domino

412 2831 572 2872 placuerit
588 2831 796 2860 duraturam.
