<?xml version="1.0" encoding="UTF-8"?>
<!DOCTYPE html PUBLIC "-//W3C//DTD XHTML 1.0 Transitional//EN"
    "http://www.w3.org/TR/xhtml1/DTD/xhtml1-transitional.dtd">
<html xmlns="http://www.w3.org/1999/xhtml" xml:lang="en" lang="en">
 <head>
  <title>
</title>
<meta http-equiv="Content-Type" content="text/html;charset=utf-8" />
  <meta name='ocr-system' content='tesseract 3.04.00' />
  <meta name='ocr-capabilities' content='ocr_page ocr_carea ocr_par ocr_line ocrx_word'/>
</head>
<body>
  <div class='ocr_page' id='page_1' title='image "./registerofthomas01cathuoft_0359.png"; bbox 0 0 1987 3062; ppageno 0'>
   <div class='ocr_carea' id='block_1_1' title="bbox 490 257 1690 301">
    <p class='ocr_par' dir='ltr' id='par_1_1' title="bbox 490 257 1690 301">
     <span class='ocr_line' id='line_1_1' title="bbox 490 257 1690 301; baseline 0.001 -3"><span class='ocrx_word' id='word_1_1' title='bbox 490 267 697 300; x_wconf 75' lang='lat' dir='ltr'>REGISTR</span> <span class='ocrx_word' id='word_1_2' title='bbox 708 268 778 300; x_wconf 78' lang='lat' dir='ltr'>[JM</span> <span class='ocrx_word' id='word_1_3' title='bbox 803 267 1261 300; x_wconf 75' lang='lat' dir='ltr'>coMMUNE-—ANNO</span> <span class='ocrx_word' id='word_1_4' title='bbox 1289 257 1348 301; x_wconf 88' lang='lat'>5⁰.</span> <span class='ocrx_word' id='word_1_5' title='bbox 1597 257 1690 300; x_wconf 87' lang='lat'>333</span> 
     </span>
    </p>
   </div>
   <div class='ocr_carea' id='block_1_2' title="bbox 153 368 1563 427">
    <p class='ocr_par' dir='ltr' id='par_1_2' title="bbox 153 368 1563 427">
     <span class='ocr_line' id='line_1_2' title="bbox 153 368 1563 427; baseline 0.001 -21"><span class='ocrx_word' id='word_1_6' title='bbox 153 368 769 427; x_wconf 53' lang='lat' dir='ltr'>{³371}-Stoke11h21m3Relamcm</span> <span class='ocrx_word' id='word_1_7' title='bbox 791 371 982 420; x_wconf 70' lang='lat' dir='ltr'>Sequestri</span> <span class='ocrx_word' id='word_1_8' title='bbox 1014 371 1159 408; x_wconf 70' lang='lat' dir='ltr'>Vicfflie</span> <span class='ocrx_word' id='word_1_9' title='bbox 1179 372 1224 408; x_wconf 75' lang='lat' dir='ltr'>de</span> <span class='ocrx_word' id='word_1_10' title='bbox 1244 372 1563 415; x_wconf 55' lang='lat' dir='ltr'>Stolsf’nhamffl—</span> 
     </span>
    </p>
   </div>
   <div class='ocr_carea' id='block_1_3' title="bbox 152 424 1691 900">
    <p class='ocr_par' dir='ltr' id='par_1_3' title="bbox 154 424 1691 769">
     <span class='ocr_line' id='line_1_3' title="bbox 154 424 1688 465; baseline 0.001 -11"><span class='ocrx_word' id='word_1_11' title='bbox 154 435 216 461; x_wconf 80' lang='lat' dir='ltr'>v01</span> <span class='ocrx_word' id='word_1_12' title='bbox 233 435 256 461; x_wconf 90' lang='lat'>1</span> <span class='ocrx_word' id='word_1_13' title='bbox 262 424 359 463; x_wconf 85' lang='lat' dir='ltr'>Item,</span> <span class='ocrx_word' id='word_1_14' title='bbox 374 424 462 464; x_wconf 84' lang='lat' dir='ltr'>xxij⁰</span> <span class='ocrx_word' id='word_1_15' title='bbox 472 425 525 454; x_wconf 89' lang='lat' dir='ltr'>die</span> <span class='ocrx_word' id='word_1_16' title='bbox 542 425 622 455; x_wconf 88' lang='lat' dir='ltr'>dicti</span> <span class='ocrx_word' id='word_1_17' title='bbox 638 435 729 455; x_wconf 86' lang='lat' dir='ltr'>mens</span> <span class='ocrx_word' id='word_1_18' title='bbox 733 426 767 456; x_wconf 90' lang='lat' dir='ltr'>is.</span> <span class='ocrx_word' id='word_1_19' title='bbox 787 426 953 456; x_wconf 79' lang='lat' dir='ltr'>emanavit</span> <span class='ocrx_word' id='word_1_20' title='bbox 968 425 1140 456; x_wconf 75' lang='lat' dir='ltr'>Relax·1ei0</span> <span class='ocrx_word' id='word_1_21' title='bbox 1157 425 1351 465; x_wconf 86' lang='lat' dir='ltr'>Sequestri</span> <span class='ocrx_word' id='word_1_22' title='bbox 1343 436 1377 455; x_wconf 82' lang='lat' dir='ltr'>ln</span> <span class='ocrx_word' id='word_1_23' title='bbox 1395 425 1576 455; x_wconf 77' lang='lat' dir='ltr'>fructubus</span> <span class='ocrx_word' id='word_1_24' title='bbox 1586 428 1622 455; x_wconf 88' lang='lat' dir='ltr'>et</span> <span class='ocrx_word' id='word_1_25' title='bbox 1633 425 1688 455; x_wconf 88' lang='lat' dir='ltr'>ob-</span> 
     </span>
     <span class='ocr_line' id='line_1_4' title="bbox 307 449 1690 507; baseline 0 -9"><span class='ocrx_word' id='word_1_26' title='bbox 307 449 522 498; x_wconf 70' lang='lat' dir='ltr'>vencionibus</span> <span class='ocrx_word' id='word_1_27' title='bbox 538 468 665 499; x_wconf 80' lang='lat' dir='ltr'>Vicarie</span> <span class='ocrx_word' id='word_1_28' title='bbox 687 469 829 499; x_wconf 81' lang='lat' dir='ltr'>Ecclesie</span> <span class='ocrx_word' id='word_1_29' title='bbox 854 469 1052 499; x_wconf 74' lang='lat' dir='ltr'>Parochialis</span> <span class='ocrx_word' id='word_1_30' title='bbox 1075 469 1116 499; x_wconf 87' lang='lat' dir='ltr'>de</span> <span class='ocrx_word' id='word_1_31' title='bbox 1141 469 1375 507; x_wconf 82' lang='lat' dir='ltr'>Stokenhame,</span> <span class='ocrx_word' id='word_1_32' title='bbox 1400 469 1527 498; x_wconf 81' lang='lat' dir='ltr'>directa</span> <span class='ocrx_word' id='word_1_33' title='bbox 1546 468 1690 498; x_wconf 87' lang='lat' dir='ltr'>Domino</span> 
     </span>
     <span class='ocr_line' id='line_1_5' title="bbox 308 511 1689 552; baseline 0.001 -11"><span class='ocrx_word' id='word_1_34' title='bbox 308 511 451 541; x_wconf 81' lang='lat' dir='ltr'>Henrico</span> <span class='ocrx_word' id='word_1_35' title='bbox 478 511 716 549; x_wconf 74' lang='lat' dir='ltr'>Blakebourne,</span> <span class='ocrx_word' id='word_1_36' title='bbox 740 512 865 542; x_wconf 79' lang='lat' dir='ltr'>ibidem</span> <span class='ocrx_word' id='word_1_37' title='bbox 894 513 1033 550; x_wconf 69' lang='lat' dir='ltr'>Rectmi,</span> <span class='ocrx_word' id='word_1_38' title='bbox 1057 513 1099 542; x_wconf 83' lang='lat' dir='ltr'>ad</span> <span class='ocrx_word' id='word_1_39' title='bbox 1130 512 1327 543; x_wconf 82' lang='lat' dir='ltr'>instanciam</span> <span class='ocrx_word' id='word_1_40' title='bbox 1352 511 1529 552; x_wconf 85' lang='lat' dir='ltr'>cujusdam</span> <span class='ocrx_word' id='word_1_41' title='bbox 1558 512 1689 542; x_wconf 64' lang='lat' dir='ltr'>Ricardi</span> 
     </span>
     <span class='ocr_line' id='line_1_6' title="bbox 307 553 1689 594; baseline 0 -10"><span class='ocrx_word' id='word_1_42' title='bbox 307 553 429 592; x_wconf 83' lang='lat' dir='ltr'>Blides,</span> <span class='ocrx_word' id='word_1_43' title='bbox 443 555 625 594; x_wconf 76' lang='lat' dir='ltr'><strong>presbiteri,</strong></span> <span class='ocrx_word' id='word_1_44' title='bbox 642 555 879 586; x_wconf 76' lang='lat' dir='ltr'>Lincolniensis</span> <span class='ocrx_word' id='word_1_45' title='bbox 896 556 1052 594; x_wconf 77' lang='lat' dir='ltr'>Diocesis,</span> <span class='ocrx_word' id='word_1_46' title='bbox 1074 556 1127 586; x_wconf 86' lang='lat' dir='ltr'>cui</span> <span class='ocrx_word' id='word_1_47' title='bbox 1144 556 1184 586; x_wconf 90' lang='lat' dir='ltr'>de</span> <span class='ocrx_word' id='word_1_48' title='bbox 1201 556 1433 589; x_wconf 78' lang='lat' dir='ltr'>dicta.Vicaria</span> <span class='ocrx_word' id='word_1_49' title='bbox 1445 566 1486 586; x_wconf 80' lang='lat' dir='ltr'>ex</span> <span class='ocrx_word' id='word_1_50' title='bbox 1504 555 1689 586; x_wconf 75' lang='lat' dir='ltr'>collacione</span> 
     </span>
     <span class='ocr_line' id='line_1_7' title="bbox 306 598 1690 638; baseline 0.001 -10"><span class='ocrx_word' id='word_1_51' title='bbox 306 598 429 629; x_wconf 89' lang='lat' dir='ltr'>Nuncii</span> <span class='ocrx_word' id='word_1_52' title='bbox 454 598 547 629; x_wconf 86' lang='lat' dir='ltr'>Sedis</span> <span class='ocrx_word' id='word_1_53' title='bbox 572 599 768 638; x_wconf 85' lang='lat' dir='ltr'>Apostolice‚</span> <span class='ocrx_word' id='word_1_54' title='bbox 788 603 826 629; x_wconf 86' lang='lat' dir='ltr'>ut</span> <span class='ocrx_word' id='word_1_55' title='bbox 849 599 1031 638; x_wconf 81' lang='lat' dir='ltr'>dicebatur,</span> <span class='ocrx_word' id='word_1_56' title='bbox 1049 599 1164 629; x_wconf 81' lang='lat' dir='ltr'>extitit</span> <span class='ocrx_word' id='word_1_57' title='bbox 1188 599 1383 638; x_wconf 77' lang='lat' dir='ltr'>provisum3</span> <span class='ocrx_word' id='word_1_58' title='bbox 1408 599 1559 629; x_wconf 82' lang='lat' dir='ltr'>faciendo</span> <span class='ocrx_word' id='word_1_59' title='bbox 1582 599 1690 629; x_wconf 87' lang='lat' dir='ltr'>eidem</span> 
     </span>
     <span class='ocr_line' id='line_1_8' title="bbox 307 641 1691 683; baseline -0.001 -11"><span class='ocrx_word' id='word_1_60' title='bbox 307 641 446 672; x_wconf 84' lang='lat' dir='ltr'>Ricardo</span> <span class='ocrx_word' id='word_1_61' title='bbox 457 642 498 672; x_wconf 86' lang='lat' dir='ltr'>de</span> <span class='ocrx_word' id='word_1_62' title='bbox 510 641 689 672; x_wconf 79' lang='lat' dir='ltr'>fructubus</span> <span class='ocrx_word' id='word_1_63' title='bbox 701 645 734 672; x_wconf 89' lang='lat' dir='ltr'>et</span> <span class='ocrx_word' id='word_1_64' title='bbox 746 642 1006 673; x_wconf 87' lang='lat' dir='ltr'>obvencionibus</span> <span class='ocrx_word' id='word_1_65' title='bbox 1022 642 1052 683; x_wconf 83' lang='lat' dir='ltr'>ej</span> <span class='ocrx_word' id='word_1_66' title='bbox 1059 643 1173 673; x_wconf 87' lang='lat' dir='ltr'>usdem</span> <span class='ocrx_word' id='word_1_67' title='bbox 1184 643 1314 674; x_wconf 79' lang='lat' dir='ltr'>Vicai·ie</span> <span class='ocrx_word' id='word_1_68' title='bbox 1326 643 1454 682; x_wconf 77' lang='lat' dir='ltr'>integre</span> <span class='ocrx_word' id='word_1_69' title='bbox 1468 641 1659 682; x_wconf 77' lang='lat' dir='ltr'>responderi</span> <span class='ocrx_word' id='word_1_70' title='bbox 1673 653 1691 672; x_wconf 80' lang='lat' dir='ltr'>a</span> 
     </span>
     <span class='ocr_line' id='line_1_9' title="bbox 304 685 1689 726; baseline -0.001 -10"><span class='ocrx_word' id='word_1_71' title='bbox 304 688 454 725; x_wconf 87' lang='lat' dir='ltr'>tempore</span> <span class='ocrx_word' id='word_1_72' title='bbox 470 685 681 725; x_wconf 76' lang='lat' dir='ltr'>possessionis</span> <span class='ocrx_word' id='word_1_73' title='bbox 697 685 817 725; x_wconf 87' lang='lat' dir='ltr'>adepte</span> <span class='ocrx_word' id='word_1_74' title='bbox 834 686 965 726; x_wconf 84' lang='lat' dir='ltr'>pacifice</span> <span class='ocrx_word' id='word_1_75' title='bbox 981 686 1013 716; x_wconf 91' lang='lat' dir='ltr'>in</span> <span class='ocrx_word' id='word_1_76' title='bbox 1032 686 1155 718; x_wconf 84' lang='lat' dir='ltr'>eadem.</span> <span class='ocrx_word' id='word_1_77' title='bbox 1204 687 1356 724; x_wconf 78' lang='lat' dir='ltr'>Fructus,</span> <span class='ocrx_word' id='word_1_78' title='bbox 1374 689 1499 723; x_wconf 81' lang='lat' dir='ltr'>tamen,</span> <span class='ocrx_word' id='word_1_79' title='bbox 1519 689 1554 716; x_wconf 88' lang='lat' dir='ltr'>et</span> <span class='ocrx_word' id='word_1_80' title='bbox 1570 685 1689 716; x_wconf 88' lang='lat' dir='ltr'>obven—</span> 
     </span>
     <span class='ocr_line' id='line_1_10' title="bbox 305 728 1688 769; baseline 0 -10"><span class='ocrx_word' id='word_1_81' title='bbox 305 728 414 759; x_wconf 90' lang='lat' dir='ltr'>ciones</span> <span class='ocrx_word' id='word_1_82' title='bbox 433 728 559 768; x_wconf 76' lang='lat' dir='ltr'>prefate</span> <span class='ocrx_word' id='word_1_83' title='bbox 575 728 717 767; x_wconf 78' lang='lat' dir='ltr'>Vicarie‚</span> <span class='ocrx_word' id='word_1_84' title='bbox 736 733 814 759; x_wconf 84' lang='lat' dir='ltr'>ante</span> <span class='ocrx_word' id='word_1_85' title='bbox 832 730 1068 769; x_wconf 82' lang='lat' dir='ltr'>possessionem</span> <span class='ocrx_word' id='word_1_86' title='bbox 1093 730 1247 769; x_wconf 77' lang='lat' dir='ltr'>adeptam</span> <span class='ocrx_word' id='word_1_87' title='bbox 1267 740 1324 768; x_wconf 82' lang='lat' dir='ltr'>per</span> <span class='ocrx_word' id='word_1_88' title='bbox 1341 730 1470 760; x_wconf 90' lang='lat' dir='ltr'>dictum</span> <span class='ocrx_word' id='word_1_89' title='bbox 1497 729 1688 767; x_wconf 83' lang='lat' dir='ltr'>Ricardum,</span> 
     </span>
    </p>

    <p class='ocr_par' dir='ltr' id='par_1_4' title="bbox 152 770 1690 900">
     <span class='ocr_line' id='line_1_11' title="bbox 152 770 1689 812; baseline 0 -10"><span class='ocrx_word' id='word_1_90' title='bbox 152 771 200 797; x_wconf 75' lang='lat' dir='ltr'>fol·</span> <span class='ocrx_word' id='word_1_91' title='bbox 217 770 278 797; x_wconf 83' lang='lat' dir='ltr'>49b-</span> <span class='ocrx_word' id='word_1_92' title='bbox 304 775 530 812; x_wconf 80' lang='lat' dir='ltr'>sequestratos</span> <span class='ocrx_word' id='word_1_93' title='bbox 553 783 722 803; x_wconf 80' lang='lat' dir='ltr'>remanere</span> <span class='ocrx_word' id='word_1_94' title='bbox 746 773 902 810; x_wconf 82' lang='lat' dir='ltr'>decrevit,</span> <span class='ocrx_word' id='word_1_95' title='bbox 915 774 1019 804; x_wconf 87' lang='lat' dir='ltr'>donec</span> <span class='ocrx_word' id='word_1_96' title='bbox 1044 773 1257 803; x_wconf 72' lang='lat' dir='ltr'>ruciocinium</span> <span class='ocrx_word' id='word_1_97' title='bbox 1280 773 1393 803; x_wconf 89' lang='lat' dir='ltr'>dictus</span> <span class='ocrx_word' id='word_1_98' title='bbox 1414 773 1575 803; x_wconf 83' lang='lat' dir='ltr'>Dominus</span> <span class='ocrx_word' id='word_1_99' title='bbox 1603 773 1689 803; x_wconf 87' lang='lat' dir='ltr'>Hen-</span> 
     </span>
     <span class='ocr_line' id='line_1_12' title="bbox 303 815 1690 857; baseline 0 -11"><span class='ocrx_word' id='word_1_100' title='bbox 303 816 400 854; x_wconf 86' lang='lat' dir='ltr'>ricus,</span> <span class='ocrx_word' id='word_1_101' title='bbox 427 816 546 846; x_wconf 85' lang='lat' dir='ltr'>Rector</span> <span class='ocrx_word' id='word_1_102' title='bbox 569 816 610 846; x_wconf 89' lang='lat' dir='ltr'>de</span> <span class='ocrx_word' id='word_1_103' title='bbox 634 815 859 847; x_wconf 80' lang='lat' dir='ltr'>Stokenhame</span> <span class='ocrx_word' id='word_1_104' title='bbox 891 817 1070 856; x_wconf 86' lang='lat' dir='ltr'>predictus,</span> <span class='ocrx_word' id='word_1_105' title='bbox 1095 817 1281 847; x_wconf 82' lang='lat' dir='ltr'>reddiderit</span> <span class='ocrx_word' id='word_1_106' title='bbox 1305 817 1346 847; x_wconf 92' lang='lat' dir='ltr'>de</span> <span class='ocrx_word' id='word_1_107' title='bbox 1373 816 1538 857; x_wconf 72' lang='lat' dir='ltr'>perceptis</span> <span class='ocrx_word' id='word_1_108' title='bbox 1562 816 1690 847; x_wconf 87' lang='lat' dir='ltr'>Vicarie</span> 
     </span>
     <span class='ocr_line' id='line_1_13' title="bbox 306 859 643 900; baseline 0 -10"><span class='ocrx_word' id='word_1_109' title='bbox 306 859 450 890; x_wconf 82' lang='lat' dir='ltr'>Ecclesie</span> <span class='ocrx_word' id='word_1_110' title='bbox 466 859 643 900; x_wconf 85' lang='lat' dir='ltr'>sepedicte.</span> 
     </span>
    </p>
   </div>
   <div class='ocr_carea' id='block_1_4' title="bbox 262 935 1689 1160">
    <p class='ocr_par' dir='ltr' id='par_1_5' title="bbox 263 935 1000 983">
     <span class='ocr_line' id='line_1_14' title="bbox 263 935 1000 983; baseline -0.001 -10"><span class='ocrx_word' id='word_1_111' title='bbox 263 936 320 973; x_wconf 76' lang='lat' dir='ltr'>St.</span> <span class='ocrx_word' id='word_1_112' title='bbox 344 935 539 973; x_wconf 85' lang='lat' dir='ltr'>Sancreed</span> <span class='ocrx_word' id='word_1_113' title='bbox 559 947 566 981; x_wconf 93' lang='grc'><strong>;</strong></span> <span class='ocrx_word' id='word_1_114' title='bbox 597 936 675 972; x_wconf 71' lang='lat' dir='ltr'>Pro</span> <span class='ocrx_word' id='word_1_115' title='bbox 693 937 1000 983; x_wconf 70' lang='lat' dir='ltr'>reparacfone,—</span> 
     </span>
    </p>

    <p class='ocr_par' dir='ltr' id='par_1_6' title="bbox 262 989 1689 1160">
     <span class='ocr_line' id='line_1_15' title="bbox 262 989 1689 1030; baseline 0 -10"><span class='ocrx_word' id='word_1_116' title='bbox 262 990 359 1027; x_wconf 88' lang='lat' dir='ltr'>Item,</span> <span class='ocrx_word' id='word_1_117' title='bbox 380 990 504 1020; x_wconf 87' lang='lat' dir='ltr'>eisdem</span> <span class='ocrx_word' id='word_1_118' title='bbox 521 989 583 1028; x_wconf 88' lang='lat' dir='ltr'>die,</span> <span class='ocrx_word' id='word_1_119' title='bbox 600 989 678 1027; x_wconf 83' lang='lat' dir='ltr'>loco,</span> <span class='ocrx_word' id='word_1_120' title='bbox 697 994 731 1020; x_wconf 90' lang='lat' dir='ltr'>et</span> <span class='ocrx_word' id='word_1_121' title='bbox 747 1000 842 1027; x_wconf 83' lang='lat' dir='ltr'>anno⁷</span> <span class='ocrx_word' id='word_1_122' title='bbox 869 990 1033 1020; x_wconf 80' lang='lat' dir='ltr'>Dominus</span> <span class='ocrx_word' id='word_1_123' title='bbox 1057 989 1219 1020; x_wconf 75' lang='lat' dir='ltr'>concessit</span> <span class='ocrx_word' id='word_1_124' title='bbox 1243 990 1371 1020; x_wconf 80' lang='lat' dir='ltr'>Literas</span> <span class='ocrx_word' id='word_1_125' title='bbox 1396 990 1623 1030; x_wconf 64' lang='lat' dir='ltr'>reparacimis,</span> <span class='ocrx_word' id='word_1_126' title='bbox 1641 990 1689 1020; x_wconf 88' lang='lat' dir='ltr'>di-</span> 
     </span>
     <span class='ocr_line' id='line_1_16' title="bbox 304 1033 1689 1074; baseline -0.001 -10"><span class='ocrx_word' id='word_1_127' title='bbox 304 1037 410 1064; x_wconf 83' lang='lat' dir='ltr'>rectas</span> <span class='ocrx_word' id='word_1_128' title='bbox 422 1033 662 1064; x_wconf 80' lang='lat' dir='ltr'>Archidiacono</span> <span class='ocrx_word' id='word_1_129' title='bbox 676 1033 843 1064; x_wconf 84' lang='lat' dir='ltr'>Cornnbie</span> <span class='ocrx_word' id='word_1_130' title='bbox 862 1033 910 1063; x_wconf 87' lang='lat' dir='ltr'>vel</span> <span class='ocrx_word' id='word_1_131' title='bbox 928 1033 1002 1073; x_wconf 88' lang='lat' dir='ltr'>ejus</span> <span class='ocrx_word' id='word_1_132' title='bbox 1019 1033 1166 1071; x_wconf 77' lang='lat' dir='ltr'>officiali,</span> <span class='ocrx_word' id='word_1_133' title='bbox 1182 1034 1324 1063; x_wconf 89' lang='lat' dir='ltr'>Domino</span> <span class='ocrx_word' id='word_1_134' title='bbox 1340 1035 1470 1064; x_wconf 76' lang='lat' dir='ltr'>Andree</span> <span class='ocrx_word' id='word_1_135' title='bbox 1484 1034 1586 1073; x_wconf 83' lang='lat' dir='ltr'>Bovy⁷</span> <span class='ocrx_word' id='word_1_136' title='bbox 1600 1044 1689 1074; x_wconf 75' lang='lat' dir='ltr'>pres-</span> 
     </span>
     <span class='ocr_line' id='line_1_17' title="bbox 303 1075 1687 1116; baseline 0 -9"><span class='ocrx_word' id='word_1_137' title='bbox 303 1077 419 1113; x_wconf 81' lang='lat' dir='ltr'>bitero,</span> <span class='ocrx_word' id='word_1_138' title='bbox 440 1078 603 1116; x_wconf 79' lang='lat' dir='ltr'>Perpetuo</span> <span class='ocrx_word' id='word_1_139' title='bbox 620 1076 748 1107; x_wconf 70' lang='lat' dir='ltr'>Viczu&#39;io</span> <span class='ocrx_word' id='word_1_140' title='bbox 774 1077 916 1107; x_wconf 84' lang='lat' dir='ltr'>Ecclesie</span> <span class='ocrx_word' id='word_1_141' title='bbox 941 1077 1139 1107; x_wconf 67' lang='lat' dir='ltr'>parochialis</span> <span class='ocrx_word' id='word_1_142' title='bbox 1164 1075 1278 1108; x_wconf 76' lang='lat' dir='ltr'>Sancti</span> <span class='ocrx_word' id='word_1_143' title='bbox 1304 1078 1460 1108; x_wconf 86' lang='lat' dir='ltr'>Sancredi</span> <span class='ocrx_word' id='word_1_144' title='bbox 1481 1077 1543 1116; x_wconf 86' lang='lat' dir='ltr'>[in]</span> <span class='ocrx_word' id='word_1_145' title='bbox 1561 1078 1687 1108; x_wconf 86' lang='lat' dir='ltr'>Cornu-</span> 
     </span>
     <span class='ocr_line' id='line_1_18' title="bbox 303 1120 744 1160; baseline 0 -10"><span class='ocrx_word' id='word_1_146' title='bbox 303 1120 365 1159; x_wconf 79' lang='lat' dir='ltr'>bia,</span> <span class='ocrx_word' id='word_1_147' title='bbox 383 1131 442 1160; x_wconf 86' lang='lat' dir='ltr'>pro</span> <span class='ocrx_word' id='word_1_148' title='bbox 458 1120 666 1156; x_wconf 88' lang='lat' dir='ltr'>defectubus,</span> <span class='ocrx_word' id='word_1_149' title='bbox 684 1123 744 1151; x_wconf 87' lang='lat' dir='ltr'>etc.</span> 
     </span>
    </p>
   </div>
   <div class='ocr_carea' id='block_1_5' title="bbox 151 1195 1689 2287">
    <p class='ocr_par' dir='ltr' id='par_1_7' title="bbox 151 1195 1443 1243">
     <span class='ocr_line' id='line_1_19' title="bbox 151 1195 1443 1243; baseline 0.001 -10"><span class='ocrx_word' id='word_1_150' title='bbox 151 1195 169 1228; x_wconf 84' lang='lat' dir='ltr'>J</span> <span class='ocrx_word' id='word_1_151' title='bbox 174 1203 235 1221; x_wconf 73' lang='lat' dir='ltr'>um</span> <span class='ocrx_word' id='word_1_152' title='bbox 268 1197 304 1233; x_wconf 85' lang='lat' dir='ltr'>N</span> <span class='ocrx_word' id='word_1_153' title='bbox 307 1210 370 1234; x_wconf 92' lang='lat' dir='ltr'>on</span> <span class='ocrx_word' id='word_1_154' title='bbox 358 1197 545 1234; x_wconf 73' lang='lat' dir='ltr'>-resident</span> <span class='ocrx_word' id='word_1_155' title='bbox 566 1197 847 1243; x_wconf 87' lang='lat' dir='ltr'>Incumbents;</span> <span class='ocrx_word' id='word_1_156' title='bbox 877 1197 1044 1234; x_wconf 75' lang='lat' dir='ltr'>Monzcio</span> <span class='ocrx_word' id='word_1_157' title='bbox 1063 1198 1117 1234; x_wconf 82' lang='lat' dir='ltr'>ad</span> <span class='ocrx_word' id='word_1_158' title='bbox 1136 1197 1443 1243; x_wconf 69' lang='lat' dir='ltr'>residendum,—</span> 
     </span>
    </p>

    <p class='ocr_par' dir='ltr' id='par_1_8' title="bbox 153 1227 1689 1507">
     <span class='ocr_line' id='line_1_20' title="bbox 153 1227 1687 1291; baseline 0.001 -10.015"><span class='ocrx_word' id='word_1_159' title='bbox 153 1236 197 1255; x_wconf 71' lang='lat' dir='ltr'>US&#39;</span> <span class='ocrx_word' id='word_1_160' title='bbox 267 1251 364 1289; x_wconf 82' lang='lat' dir='ltr'>Item,</span> <span class='ocrx_word' id='word_1_161' title='bbox 383 1251 488 1291; x_wconf 79' lang='lat' dir='ltr'>primo</span> <span class='ocrx_word' id='word_1_162' title='bbox 504 1251 556 1281; x_wconf 85' lang='lat' dir='ltr'>die</span> <span class='ocrx_word' id='word_1_163' title='bbox 573 1251 696 1281; x_wconf 80' lang='lat' dir='ltr'>mensis</span> <span class='ocrx_word' id='word_1_164' title='bbox 711 1227 910 1290; x_wconf 63' lang='lat' dir='ltr'>Julii‚2&#39;1pu‹l</span> <span class='ocrx_word' id='word_1_165' title='bbox 929 1251 1022 1289; x_wconf 88' lang='lat' dir='ltr'>Clist,</span> <span class='ocrx_word' id='word_1_166' title='bbox 1040 1252 1208 1281; x_wconf 75' lang='lat' dir='ltr'>emanavit</span> <span class='ocrx_word' id='word_1_167' title='bbox 1226 1251 1423 1282; x_wconf 79' lang='lat' dir='ltr'>Mandatum</span> <span class='ocrx_word' id='word_1_168' title='bbox 1441 1251 1606 1282; x_wconf 76' lang='lat' dir='ltr'>directum</span> <span class='ocrx_word' id='word_1_169' title='bbox 1625 1251 1687 1282; x_wconf 93' lang='lat' dir='ltr'>De-</span> 
     </span>
     <span class='ocr_line' id='line_1_21' title="bbox 304 1294 1687 1334; baseline 0 -9"><span class='ocrx_word' id='word_1_170' title='bbox 304 1305 385 1325; x_wconf 83' lang='lat' dir='ltr'>cano</span> <span class='ocrx_word' id='word_1_171' title='bbox 403 1294 701 1325; x_wconf 69' lang='lat' dir='ltr'>Christianitatis</span> <span class='ocrx_word' id='word_1_172' title='bbox 683 1294 809 1324; x_wconf 80' lang='lat' dir='ltr'>Exonie</span> <span class='ocrx_word' id='word_1_173' title='bbox 826 1297 860 1325; x_wconf 87' lang='lat' dir='ltr'>et</span> <span class='ocrx_word' id='word_1_174' title='bbox 877 1295 1009 1324; x_wconf 84' lang='lat' dir='ltr'>Rectori</span> <span class='ocrx_word' id='word_1_175' title='bbox 1035 1295 1060 1324; x_wconf 74' lang='lat' dir='ltr'>E</span> <span class='ocrx_word' id='word_1_176' title='bbox 1064 1295 1177 1324; x_wconf 87' lang='lat' dir='ltr'>eclesie</span> <span class='ocrx_word' id='word_1_177' title='bbox 1202 1296 1322 1325; x_wconf 68' lang='lat' dir='ltr'>Snncte</span> <span class='ocrx_word' id='word_1_178' title='bbox 1346 1295 1448 1325; x_wconf 80' lang='lat' dir='ltr'>Mai-ie</span> <span class='ocrx_word' id='word_1_179' title='bbox 1467 1295 1601 1334; x_wconf 82' lang='lat' dir='ltr'>Majoris</span> <span class='ocrx_word' id='word_1_180' title='bbox 1625 1295 1687 1325; x_wconf 87' lang='lat' dir='ltr'>ibi-</span> 
     </span>
     <span class='ocr_line' id='line_1_22' title="bbox 304 1338 1689 1378; baseline 0 -10"><span class='ocrx_word' id='word_1_181' title='bbox 304 1340 390 1376; x_wconf 83' lang='lat' dir='ltr'>dem,</span> <span class='ocrx_word' id='word_1_182' title='bbox 415 1338 455 1367; x_wconf 84' lang='lat' dir='ltr'>ad</span> <span class='ocrx_word' id='word_1_183' title='bbox 480 1338 684 1367; x_wconf 89' lang='lat' dir='ltr'>monendum</span> <span class='ocrx_word' id='word_1_184' title='bbox 710 1338 868 1368; x_wconf 66' lang='lat' dir='ltr'>Personas</span> <span class='ocrx_word' id='word_1_185' title='bbox 892 1338 1117 1377; x_wconf 72' lang='lat' dir='ltr'>infrascriptas</span> <span class='ocrx_word' id='word_1_186' title='bbox 1141 1339 1229 1378; x_wconf 86' lang='lat' dir='ltr'>quod</span> <span class='ocrx_word' id='word_1_187' title='bbox 1254 1339 1421 1368; x_wconf 77' lang='lat' dir='ltr'>resideant</span> <span class='ocrx_word' id='word_1_188' title='bbox 1452 1338 1484 1368; x_wconf 91' lang='lat' dir='ltr'>iu</span> <span class='ocrx_word' id='word_1_189' title='bbox 1518 1338 1689 1369; x_wconf 86' lang='lat' dir='ltr'>Beneficiis</span> 
     </span>
     <span class='ocr_line' id='line_1_23' title="bbox 304 1381 1687 1421; baseline 0 -9"><span class='ocrx_word' id='word_1_190' title='bbox 304 1382 382 1417; x_wconf 87' lang='lat' dir='ltr'>suis,</span> <span class='ocrx_word' id='word_1_191' title='bbox 400 1381 538 1411; x_wconf 85' lang='lat' dir='ltr'>inferius</span> <span class='ocrx_word' id='word_1_192' title='bbox 554 1381 737 1420; x_wconf 77' lang='lat' dir='ltr'>descriptis,</span> <span class='ocrx_word' id='word_1_193' title='bbox 755 1381 841 1411; x_wconf 78' lang='lat' dir='ltr'>infra</span> <span class='ocrx_word' id='word_1_194' title='bbox 857 1391 1005 1411; x_wconf 89' lang='lat' dir='ltr'>mensem</span> <span class='ocrx_word' id='word_1_195' title='bbox 1022 1392 1040 1411; x_wconf 85' lang='lat' dir='ltr'>a</span> <span class='ocrx_word' id='word_1_196' title='bbox 1057 1386 1205 1421; x_wconf 83' lang='lat' dir='ltr'>tempore</span> <span class='ocrx_word' id='word_1_197' title='bbox 1224 1381 1419 1412; x_wconf 88' lang='lat' dir='ltr'>Monicionis</span> <span class='ocrx_word' id='word_1_198' title='bbox 1435 1382 1614 1411; x_wconf 87' lang='lat' dir='ltr'>eorundem</span> <span class='ocrx_word' id='word_1_199' title='bbox 1628 1382 1687 1412; x_wconf 88' lang='lat' dir='ltr'>eis-</span> 
     </span>
     <span class='ocr_line' id='line_1_24' title="bbox 304 1424 1687 1465; baseline 0 -10"><span class='ocrx_word' id='word_1_200' title='bbox 304 1425 378 1455; x_wconf 87' lang='lat' dir='ltr'>dem</span> <span class='ocrx_word' id='word_1_201' title='bbox 397 1429 431 1454; x_wconf 89' lang='lat' dir='ltr'>et</span> <span class='ocrx_word' id='word_1_202' title='bbox 447 1435 562 1455; x_wconf 77' lang='lat' dir='ltr'>eorum</span> <span class='ocrx_word' id='word_1_203' title='bbox 581 1424 759 1464; x_wconf 67' lang='lat' dir='ltr'>unicui&#39;que</span> <span class='ocrx_word' id='word_1_204' title='bbox 775 1424 923 1463; x_wconf 79' lang='lat' dir='ltr'>legitime</span> <span class='ocrx_word' id='word_1_205' title='bbox 939 1424 1099 1463; x_wconf 75' lang='lat' dir='ltr'>faciende,</span> <span class='ocrx_word' id='word_1_206' title='bbox 1118 1425 1181 1455; x_wconf 87' lang='lat' dir='ltr'>sub</span> <span class='ocrx_word' id='word_1_207' title='bbox 1199 1425 1387 1465; x_wconf 79' lang='lat' dir='ltr'>penajuris,</span> <span class='ocrx_word' id='word_1_208' title='bbox 1405 1428 1466 1455; x_wconf 85' lang='lat' dir='ltr'>etc.</span> <span class='ocrx_word' id='word_1_209' title='bbox 1488 1436 1495 1463; x_wconf 83' lang='lat'><em>3</em></span> <span class='ocrx_word' id='word_1_210' title='bbox 1520 1429 1559 1455; x_wconf 89' lang='lat' dir='ltr'>ut</span> <span class='ocrx_word' id='word_1_211' title='bbox 1575 1425 1609 1455; x_wconf 91' lang='lat' dir='ltr'>in</span> <span class='ocrx_word' id='word_1_212' title='bbox 1633 1436 1687 1455; x_wconf 88' lang='lat' dir='ltr'>eo-</span> 
     </span>
     <span class='ocr_line' id='line_1_25' title="bbox 303 1467 985 1507; baseline 0 -8"><span class='ocrx_word' id='word_1_213' title='bbox 303 1469 379 1499; x_wconf 85' lang='lat' dir='ltr'>dem</span> <span class='ocrx_word' id='word_1_214' title='bbox 398 1468 556 1499; x_wconf 83' lang='lat' dir='ltr'>Mandato</span> <span class='ocrx_word' id='word_1_215' title='bbox 572 1467 701 1506; x_wconf 74' lang='lat' dir='ltr'>plenius</span> <span class='ocrx_word' id='word_1_216' title='bbox 718 1471 768 1497; x_wconf 87' lang='lat' dir='ltr'>est</span> <span class='ocrx_word' id='word_1_217' title='bbox 784 1478 985 1507; x_wconf 77' lang='lat' dir='ltr'>expressum.</span> 
     </span>
    </p>

    <p class='ocr_par' dir='ltr' id='par_1_9' title="bbox 261 1510 1425 1551">
     <span class='ocr_line' id='line_1_26' title="bbox 261 1510 1425 1551; baseline 0 -10"><span class='ocrx_word' id='word_1_218' title='bbox 261 1512 409 1542; x_wconf 76' lang='lat' dir='ltr'>—Tenor</span> <span class='ocrx_word' id='word_1_219' title='bbox 426 1511 542 1542; x_wconf 77' lang='lat' dir='ltr'>Cedule</span> <span class='ocrx_word' id='word_1_220' title='bbox 557 1512 639 1541; x_wconf 74' lang='lat' dir='ltr'>dicto</span> <span class='ocrx_word' id='word_1_221' title='bbox 660 1511 815 1541; x_wconf 57' lang='lat' dir='ltr'>Mandat&gt;</span> <span class='ocrx_word' id='word_1_222' title='bbox 831 1521 953 1541; x_wconf 77' lang='lat' dir='ltr'>annexe</span> <span class='ocrx_word' id='word_1_223' title='bbox 967 1513 1118 1551; x_wconf 65' lang='lat' dir='ltr'>sequitur,</span> <span class='ocrx_word' id='word_1_224' title='bbox 1137 1513 1172 1541; x_wconf 83' lang='lat' dir='ltr'>in</span> <span class='ocrx_word' id='word_1_225' title='bbox 1187 1510 1247 1541; x_wconf 73' lang='lat' dir='ltr'>hac</span> <span class='ocrx_word' id='word_1_226' title='bbox 1257 1510 1425 1551; x_wconf 81' lang='lat' dir='ltr'>forma,—</span> 
     </span>
    </p>

    <p class='ocr_par' dir='ltr' id='par_1_10' title="bbox 262 1554 1684 1595">
     <span class='ocr_line' id='line_1_27' title="bbox 262 1554 1684 1595; baseline 0 -10"><span class='ocrx_word' id='word_1_227' title='bbox 262 1555 426 1585; x_wconf 85' lang='lat' dir='ltr'>Dominus</span> <span class='ocrx_word' id='word_1_228' title='bbox 448 1555 610 1585; x_wconf 79' lang='lat' dir='ltr'>Walterus</span> <span class='ocrx_word' id='word_1_229' title='bbox 627 1554 860 1594; x_wconf 78' lang='lat' dir='ltr'>Dodyngtone‚</span> <span class='ocrx_word' id='word_1_230' title='bbox 879 1554 1071 1591; x_wconf 79' lang='lat' dir='ltr'>Succentor,</span> <span class='ocrx_word' id='word_1_231' title='bbox 1092 1555 1211 1585; x_wconf 80' lang='lat' dir='ltr'>Rector</span> <span class='ocrx_word' id='word_1_232' title='bbox 1235 1555 1379 1585; x_wconf 88' lang='lat' dir='ltr'>Ecclesie</span> <span class='ocrx_word' id='word_1_233' title='bbox 1395 1555 1436 1585; x_wconf 88' lang='lat' dir='ltr'>de</span> <span class='ocrx_word' id='word_1_234' title='bbox 1454 1555 1684 1595; x_wconf 84' lang='lat' dir='ltr'>Clisthydone.</span> 
     </span>
    </p>

    <p class='ocr_par' dir='ltr' id='par_1_11' title="bbox 261 1597 1552 1638">
     <span class='ocr_line' id='line_1_28' title="bbox 261 1597 1552 1638; baseline 0 -9"><span class='ocrx_word' id='word_1_235' title='bbox 261 1599 425 1629; x_wconf 86' lang='lat' dir='ltr'>Dominus</span> <span class='ocrx_word' id='word_1_236' title='bbox 441 1597 616 1629; x_wconf 72' lang='lat' dir='ltr'>Walterus</span> <span class='ocrx_word' id='word_1_237' title='bbox 635 1598 775 1633; x_wconf 82' lang='lat' dir='ltr'>Escolm,</span> <span class='ocrx_word' id='word_1_238' title='bbox 797 1599 914 1628; x_wconf 78' lang='lat' dir='ltr'>Rector</span> <span class='ocrx_word' id='word_1_239' title='bbox 933 1598 1076 1628; x_wconf 75' lang='lat' dir='ltr'>Ecclesie</span> <span class='ocrx_word' id='word_1_240' title='bbox 1093 1598 1206 1629; x_wconf 80' lang='lat' dir='ltr'>Sancti</span> <span class='ocrx_word' id='word_1_241' title='bbox 1223 1598 1396 1638; x_wconf 79' lang='lat' dir='ltr'>Stephani.</span> <span class='ocrx_word' id='word_1_242' title='bbox 1419 1599 1552 1629; x_wconf 77' lang='lat' dir='ltr'>Exonie.</span> 
     </span>
    </p>

    <p class='ocr_par' dir='ltr' id='par_1_12' title="bbox 264 1641 1687 1716">
     <span class='ocr_line' id='line_1_29' title="bbox 264 1641 1687 1679; baseline 0 -7"><span class='ocrx_word' id='word_1_243' title='bbox 264 1642 427 1672; x_wconf 86' lang='lat' dir='ltr'>Dominus</span> <span class='ocrx_word' id='word_1_244' title='bbox 444 1642 614 1672; x_wconf 83' lang='lat' dir='ltr'>Johannes</span> <span class='ocrx_word' id='word_1_245' title='bbox 632 1641 746 1679; x_wconf 75' lang='lat' dir='ltr'>Frake,</span> <span class='ocrx_word' id='word_1_246' title='bbox 769 1643 884 1672; x_wconf 69' lang='lat' dir='ltr'>Rector</span> <span class='ocrx_word' id='word_1_247' title='bbox 901 1641 1045 1672; x_wconf 84' lang='lat' dir='ltr'>Ecclesie</span> <span class='ocrx_word' id='word_1_248' title='bbox 1063 1642 1222 1672; x_wconf 89' lang='lat' dir='ltr'>Omnium</span> <span class='ocrx_word' id='word_1_249' title='bbox 1237 1643 1436 1672; x_wconf 80' lang='lat' dir='ltr'>Sanctorum</span> <span class='ocrx_word' id='word_1_250' title='bbox 1449 1642 1481 1672; x_wconf 90' lang='lat' dir='ltr'>in</span> <span class='ocrx_word' id='word_1_251' title='bbox 1498 1642 1687 1672; x_wconf 78' lang='lat' dir='ltr'>Aurifabria</span> 
     </span>
     <span class='ocr_line' id='line_1_30' title="bbox 304 1686 440 1716; baseline 0 -1"><span class='ocrx_word' id='word_1_252' title='bbox 304 1686 440 1716; x_wconf 79' lang='lat' dir='ltr'>Exonie.</span> 
     </span>
    </p>

    <p class='ocr_par' dir='ltr' id='par_1_13' title="bbox 260 1727 1543 1767">
     <span class='ocr_line' id='line_1_31' title="bbox 260 1727 1543 1767; baseline 0.001 -9"><span class='ocrx_word' id='word_1_253' title='bbox 260 1729 423 1759; x_wconf 81' lang='lat' dir='ltr'>Dominus</span> <span class='ocrx_word' id='word_1_254' title='bbox 442 1728 606 1759; x_wconf 80' lang='lat' dir='ltr'>Robertus</span> <span class='ocrx_word' id='word_1_255' title='bbox 624 1727 831 1766; x_wconf 76' lang='lat' dir='ltr'>Kerdewille,</span> <span class='ocrx_word' id='word_1_256' title='bbox 852 1729 971 1758; x_wconf 85' lang='lat' dir='ltr'>Rector</span> <span class='ocrx_word' id='word_1_257' title='bbox 990 1728 1133 1758; x_wconf 87' lang='lat' dir='ltr'>Ecclesie</span> <span class='ocrx_word' id='word_1_258' title='bbox 1150 1728 1264 1759; x_wconf 82' lang='lat' dir='ltr'>Sancti</span> <span class='ocrx_word' id='word_1_259' title='bbox 1283 1728 1388 1767; x_wconf 77' lang='lat' dir='ltr'>Pauli,</span> <span class='ocrx_word' id='word_1_260' title='bbox 1408 1728 1543 1760; x_wconf 84' lang='lat' dir='ltr'>Exonie.</span> 
     </span>
    </p>

    <p class='ocr_par' dir='ltr' id='par_1_14' title="bbox 261 1771 1541 1811">
     <span class='ocr_line' id='line_1_32' title="bbox 261 1771 1541 1811; baseline -0.001 -9"><span class='ocrx_word' id='word_1_261' title='bbox 261 1772 426 1803; x_wconf 83' lang='lat' dir='ltr'>Dominus</span> <span class='ocrx_word' id='word_1_262' title='bbox 443 1772 549 1802; x_wconf 86' lang='lat' dir='ltr'>Adam</span> <span class='ocrx_word' id='word_1_263' title='bbox 568 1771 748 1809; x_wconf 74' lang='lat' dir='ltr'>Pe1n—‚r‹›ke‚</span> <span class='ocrx_word' id='word_1_264' title='bbox 768 1772 888 1802; x_wconf 78' lang='lat' dir='ltr'>Rectoi·</span> <span class='ocrx_word' id='word_1_265' title='bbox 904 1771 1048 1802; x_wconf 82' lang='lat' dir='ltr'>Ecclesie</span> <span class='ocrx_word' id='word_1_266' title='bbox 1065 1772 1106 1801; x_wconf 88' lang='lat' dir='ltr'>de</span> <span class='ocrx_word' id='word_1_267' title='bbox 1123 1772 1293 1811; x_wconf 79' lang='lat' dir='ltr'>Trevalga,</span> <span class='ocrx_word' id='word_1_268' title='bbox 1312 1772 1345 1802; x_wconf 89' lang='lat' dir='ltr'>in</span> <span class='ocrx_word' id='word_1_269' title='bbox 1365 1772 1541 1802; x_wconf 74' lang='lat' dir='ltr'>cornubia.</span> 
     </span>
    </p>

    <p class='ocr_par' dir='ltr' id='par_1_15' title="bbox 261 1815 1684 1855">
     <span class='ocr_line' id='line_1_33' title="bbox 261 1815 1684 1855; baseline 0 -10"><span class='ocrx_word' id='word_1_270' title='bbox 261 1815 425 1846; x_wconf 85' lang='lat' dir='ltr'>Dominus</span> <span class='ocrx_word' id='word_1_271' title='bbox 441 1815 611 1846; x_wconf 75' lang='lat' dir='ltr'>Johannes</span> <span class='ocrx_word' id='word_1_272' title='bbox 629 1815 732 1853; x_wconf 86' lang='lat' dir='ltr'>Colin,</span> <span class='ocrx_word' id='word_1_273' title='bbox 750 1815 905 1845; x_wconf 82' lang='lat' dir='ltr'>obtinens</span> <span class='ocrx_word' id='word_1_274' title='bbox 923 1816 1091 1855; x_wconf 75' lang='lat' dir='ltr'>quandam</span> <span class='ocrx_word' id='word_1_275' title='bbox 1110 1815 1301 1846; x_wconf 69' lang='lat' dir='ltr'>Cant-ariam</span> <span class='ocrx_word' id='word_1_276' title='bbox 1317 1815 1407 1855; x_wconf 81' lang='lat' dir='ltr'>apud</span> <span class='ocrx_word' id='word_1_277' title='bbox 1424 1815 1609 1855; x_wconf 81' lang='lat' dir='ltr'>Nywetone</span> <span class='ocrx_word' id='word_1_278' title='bbox 1624 1816 1684 1846; x_wconf 88' lang='lat' dir='ltr'>Po-</span> 
     </span>
    </p>

    <p class='ocr_par' dir='ltr' id='par_1_16' title="bbox 325 1859 452 1889">
     <span class='ocr_line' id='line_1_34' title="bbox 325 1859 452 1889; baseline 0 0"><span class='ocrx_word' id='word_1_279' title='bbox 325 1859 452 1889; x_wconf 80' lang='lat' dir='ltr'>ilforde.</span> 
     </span>
    </p>

    <p class='ocr_par' dir='ltr' id='par_1_17' title="bbox 260 1870 1684 1976">
     <span class='ocr_line' id='line_1_35' title="bbox 260 1870 1684 1943; baseline 0 -11"><span class='ocrx_word' id='word_1_280' title='bbox 260 1870 424 1933; x_wconf 56' lang='lat' dir='ltr'>DcFminus</span> <span class='ocrx_word' id='word_1_281' title='bbox 440 1902 609 1933; x_wconf 85' lang='lat' dir='ltr'>Johannes</span> <span class='ocrx_word' id='word_1_282' title='bbox 626 1901 761 1939; x_wconf 77' lang='lat' dir='ltr'>Giffard,</span> <span class='ocrx_word' id='word_1_283' title='bbox 784 1902 901 1932; x_wconf 77' lang='lat' dir='ltr'>Rector</span> <span class='ocrx_word' id='word_1_284' title='bbox 926 1902 1068 1932; x_wconf 80' lang='lat' dir='ltr'>Ecclesie</span> <span class='ocrx_word' id='word_1_285' title='bbox 1091 1902 1132 1932; x_wconf 89' lang='lat' dir='ltr'>de</span> <span class='ocrx_word' id='word_1_286' title='bbox 1156 1902 1283 1943; x_wconf 86' lang='lat' dir='ltr'>Nymet</span> <span class='ocrx_word' id='word_1_287' title='bbox 1302 1902 1440 1933; x_wconf 84' lang='lat' dir='ltr'>Rolond.</span> <span class='ocrx_word' id='word_1_288' title='bbox 1503 1902 1547 1932; x_wconf 89' lang='lat' dir='ltr'>Et</span> <span class='ocrx_word' id='word_1_289' title='bbox 1563 1905 1614 1932; x_wconf 88' lang='lat' dir='ltr'>est</span> <span class='ocrx_word' id='word_1_290' title='bbox 1629 1902 1684 1932; x_wconf 88' lang='lat' dir='ltr'>Vi-</span> 
     </span>
     <span class='ocr_line' id='line_1_36' title="bbox 302 1945 630 1976; baseline -0.003 0"><span class='ocrx_word' id='word_1_291' title='bbox 302 1946 410 1976; x_wconf 80' lang='lat' dir='ltr'>carius</span> <span class='ocrx_word' id='word_1_292' title='bbox 426 1946 459 1976; x_wconf 91' lang='lat' dir='ltr'>in</span> <span class='ocrx_word' id='word_1_293' title='bbox 479 1945 630 1975; x_wconf 81' lang='lat' dir='ltr'>Ecclesia.</span> 
     </span>
    </p>

    <p class='ocr_par' dir='ltr' id='par_1_18' title="bbox 261 1988 1476 2026">
     <span class='ocr_line' id='line_1_37' title="bbox 261 1988 1476 2026; baseline 0 -7"><span class='ocrx_word' id='word_1_294' title='bbox 261 1989 426 2020; x_wconf 87' lang='lat' dir='ltr'>Dominus</span> <span class='ocrx_word' id='word_1_295' title='bbox 443 1989 612 2020; x_wconf 74' lang='lat' dir='ltr'>Johannes</span> <span class='ocrx_word' id='word_1_296' title='bbox 630 1988 731 2024; x_wconf 78' lang='lat' dir='ltr'>More,</span> <span class='ocrx_word' id='word_1_297' title='bbox 754 1989 872 2018; x_wconf 71' lang='lat' dir='ltr'>uector</span> <span class='ocrx_word' id='word_1_298' title='bbox 890 1988 1033 2019; x_wconf 84' lang='lat' dir='ltr'>Ecclesie</span> <span class='ocrx_word' id='word_1_299' title='bbox 1049 1989 1163 2020; x_wconf 79' lang='lat' dir='ltr'>Sancti</span> <span class='ocrx_word' id='word_1_300' title='bbox 1182 1988 1321 2026; x_wconf 79' lang='lat' dir='ltr'>Petroci,</span> <span class='ocrx_word' id='word_1_301' title='bbox 1341 1989 1476 2019; x_wconf 82' lang='lat' dir='ltr'>Exouie.</span> 
     </span>
    </p>

    <p class='ocr_par' dir='ltr' id='par_1_19' title="bbox 260 2029 1596 2071">
     <span class='ocr_line' id='line_1_38' title="bbox 260 2029 1596 2071; baseline 0.001 -8"><span class='ocrx_word' id='word_1_302' title='bbox 260 2033 424 2063; x_wconf 86' lang='lat' dir='ltr'>Dominus</span> <span class='ocrx_word' id='word_1_303' title='bbox 443 2031 632 2062; x_wconf 75' lang='lat' dir='ltr'>willelmus</span> <span class='ocrx_word' id='word_1_304' title='bbox 649 2031 738 2071; x_wconf 71' lang='lat' dir='ltr'>Wyt,</span> <span class='ocrx_word' id='word_1_305' title='bbox 758 2033 876 2062; x_wconf 72' lang='lat' dir='ltr'>Rectm·</span> <span class='ocrx_word' id='word_1_306' title='bbox 893 2029 1053 2062; x_wconf 88' lang='lat' dir='ltr'>Omnium</span> <span class='ocrx_word' id='word_1_307' title='bbox 1071 2033 1270 2063; x_wconf 81' lang='lat' dir='ltr'>Sanctorum</span> <span class='ocrx_word' id='word_1_308' title='bbox 1286 2032 1320 2062; x_wconf 90' lang='lat' dir='ltr'>in</span> <span class='ocrx_word' id='word_1_309' title='bbox 1338 2032 1443 2062; x_wconf 77' lang='lat' dir='ltr'>Muris</span> <span class='ocrx_word' id='word_1_310' title='bbox 1460 2032 1596 2064; x_wconf 88' lang='lat' dir='ltr'>Exonie.</span> 
     </span>
    </p>

    <p class='ocr_par' dir='ltr' id='par_1_20' title="bbox 260 2075 1608 2113">
     <span class='ocr_line' id='line_1_39' title="bbox 260 2075 1608 2113; baseline -0.001 -7"><span class='ocrx_word' id='word_1_311' title='bbox 260 2076 423 2106; x_wconf 88' lang='lat' dir='ltr'>Dominus</span> <span class='ocrx_word' id='word_1_312' title='bbox 439 2075 608 2107; x_wconf 85' lang='lat' dir='ltr'>Johannes</span> <span class='ocrx_word' id='word_1_313' title='bbox 626 2075 810 2110; x_wconf 84' lang='lat' dir='ltr'>Surcetere,</span> <span class='ocrx_word' id='word_1_314' title='bbox 830 2076 951 2105; x_wconf 78' lang='lat' dir='ltr'>Rector</span> <span class='ocrx_word' id='word_1_315' title='bbox 971 2075 1112 2105; x_wconf 77' lang='lat' dir='ltr'>Ecclesie</span> <span class='ocrx_word' id='word_1_316' title='bbox 1129 2076 1249 2106; x_wconf 78' lang='lat' dir='ltr'>Sancte</span> <span class='ocrx_word' id='word_1_317' title='bbox 1266 2075 1451 2113; x_wconf 74' lang='lat' dir='ltr'>Trinitatis,</span> <span class='ocrx_word' id='word_1_318' title='bbox 1469 2076 1608 2106; x_wconf 78' lang='lat' dir='ltr'>Exonie.</span> 
     </span>
    </p>

    <p class='ocr_par' dir='ltr' id='par_1_21' title="bbox 261 2118 1552 2158">
     <span class='ocr_line' id='line_1_40' title="bbox 261 2118 1552 2158; baseline 0.001 -12"><span class='ocrx_word' id='word_1_319' title='bbox 261 2120 426 2150; x_wconf 82' lang='lat' dir='ltr'>Dominus</span> <span class='ocrx_word' id='word_1_320' title='bbox 446 2118 636 2149; x_wconf 81' lang='lat' dir='ltr'>VVillelmus</span> <span class='ocrx_word' id='word_1_321' title='bbox 655 2118 786 2157; x_wconf 84' lang='lat' dir='ltr'>Besche,</span> <span class='ocrx_word' id='word_1_322' title='bbox 806 2119 925 2149; x_wconf 83' lang='lat' dir='ltr'>Rector</span> <span class='ocrx_word' id='word_1_323' title='bbox 941 2119 1085 2149; x_wconf 72' lang='lat' dir='ltr'>Ecclesia</span> <span class='ocrx_word' id='word_1_324' title='bbox 1101 2120 1142 2149; x_wconf 86' lang='lat' dir='ltr'>de</span> <span class='ocrx_word' id='word_1_325' title='bbox 1161 2119 1382 2158; x_wconf 83' lang='lat' dir='ltr'>Bukyngtone</span> <span class='ocrx_word' id='word_1_326' title='bbox 1399 2119 1552 2158; x_wconf 68' lang='lat' dir='ltr'>[Bictrm]</span> 
     </span>
    </p>

    <p class='ocr_par' dir='ltr' id='par_1_22' title="bbox 260 2161 1428 2200">
     <span class='ocr_line' id='line_1_41' title="bbox 260 2161 1428 2200; baseline -0.001 -8"><span class='ocrx_word' id='word_1_327' title='bbox 260 2162 422 2193; x_wconf 89' lang='lat' dir='ltr'>Dominus</span> <span class='ocrx_word' id='word_1_328' title='bbox 439 2162 619 2193; x_wconf 81' lang='lat' dir='ltr'>Nicholaus</span> <span class='ocrx_word' id='word_1_329' title='bbox 639 2161 722 2199; x_wconf 85' lang='lat' dir='ltr'>Bele‚</span> <span class='ocrx_word' id='word_1_330' title='bbox 741 2162 861 2192; x_wconf 83' lang='lat' dir='ltr'>Rector</span> <span class='ocrx_word' id='word_1_331' title='bbox 880 2162 1022 2192; x_wconf 85' lang='lat' dir='ltr'>Ecclesie</span> <span class='ocrx_word' id='word_1_332' title='bbox 1039 2162 1153 2193; x_wconf 84' lang='lat' dir='ltr'>Sancti</span> <span class='ocrx_word' id='word_1_333' title='bbox 1171 2162 1273 2200; x_wconf 88' lang='lat' dir='ltr'>Olavi,</span> <span class='ocrx_word' id='word_1_334' title='bbox 1296 2163 1428 2192; x_wconf 86' lang='lat' dir='ltr'>Exonie.</span> 
     </span>
    </p>

    <p class='ocr_par' dir='ltr' id='par_1_23' title="bbox 259 2204 1554 2244">
     <span class='ocr_line' id='line_1_42' title="bbox 259 2204 1554 2244; baseline 0 -8"><span class='ocrx_word' id='word_1_335' title='bbox 259 2206 423 2236; x_wconf 89' lang='lat' dir='ltr'>Dominus</span> <span class='ocrx_word' id='word_1_336' title='bbox 440 2206 609 2236; x_wconf 77' lang='lat' dir='ltr'>Johannes</span> <span class='ocrx_word' id='word_1_337' title='bbox 628 2204 807 2241; x_wconf 78' lang='lat' dir='ltr'>Beamond,</span> <span class='ocrx_word' id='word_1_338' title='bbox 827 2206 946 2236; x_wconf 81' lang='lat' dir='ltr'>Rector</span> <span class='ocrx_word' id='word_1_339' title='bbox 964 2206 1106 2236; x_wconf 81' lang='lat' dir='ltr'>Ecclesie</span> <span class='ocrx_word' id='word_1_340' title='bbox 1124 2205 1236 2236; x_wconf 77' lang='lat' dir='ltr'>Sancti</span> <span class='ocrx_word' id='word_1_341' title='bbox 1255 2205 1399 2244; x_wconf 71' lang='lat' dir='ltr'>Martini,</span> <span class='ocrx_word' id='word_1_342' title='bbox 1417 2206 1554 2237; x_wconf 83' lang='lat' dir='ltr'>Exonie.</span> 
     </span>
    </p>

    <p class='ocr_par' dir='ltr' id='par_1_24' title="bbox 259 2247 1426 2287">
     <span class='ocr_line' id='line_1_43' title="bbox 259 2247 1426 2287; baseline 0 -8"><span class='ocrx_word' id='word_1_343' title='bbox 259 2248 424 2279; x_wconf 88' lang='lat' dir='ltr'>Dominus</span> <span class='ocrx_word' id='word_1_344' title='bbox 443 2249 627 2279; x_wconf 74' lang='lat' dir='ltr'>willelmus</span> <span class='ocrx_word' id='word_1_345' title='bbox 645 2248 849 2287; x_wconf 87' lang='lat' dir='ltr'>Staccombe,</span> <span class='ocrx_word' id='word_1_346' title='bbox 869 2249 988 2279; x_wconf 69' lang='lat' dir='ltr'>Hector</span> <span class='ocrx_word' id='word_1_347' title='bbox 1004 2249 1045 2279; x_wconf 90' lang='lat' dir='ltr'>de</span> <span class='ocrx_word' id='word_1_348' title='bbox 1062 2249 1146 2280; x_wconf 85' lang='lat' dir='ltr'>Clist</span> <span class='ocrx_word' id='word_1_349' title='bbox 1162 2250 1283 2279; x_wconf 74' lang='lat' dir='ltr'>Sancte</span> <span class='ocrx_word' id='word_1_350' title='bbox 1300 2247 1426 2279; x_wconf 67' lang='lat' dir='ltr'>Man-ie.l</span> 
     </span>
    </p>
   </div>
   <div class='ocr_carea' id='block_1_6' title="bbox 258 2323 1687 2686">
    <p class='ocr_par' dir='ltr' id='par_1_25' title="bbox 260 2323 1687 2423">
     <span class='ocr_line' id='line_1_44' title="bbox 260 2323 1687 2370; baseline 0 -9"><span class='ocrx_word' id='word_1_351' title='bbox 260 2324 403 2361; x_wconf 83' lang='lat' dir='ltr'>Exeter</span> <span class='ocrx_word' id='word_1_352' title='bbox 431 2324 643 2361; x_wconf 82' lang='lat' dir='ltr'>Cathedral</span> <span class='ocrx_word' id='word_1_353' title='bbox 659 2337 669 2370; x_wconf 82' lang='lat'>3</span> <span class='ocrx_word' id='word_1_354' title='bbox 698 2324 777 2360; x_wconf 77' lang='lat' dir='ltr'>Pro</span> <span class='ocrx_word' id='word_1_355' title='bbox 797 2324 1049 2361; x_wconf 69' lang='lat' dir='ltr'>mundacione</span> <span class='ocrx_word' id='word_1_356' title='bbox 1071 2323 1267 2362; x_wconf 74' lang='lat' dir='ltr'>Cimiteriz&#39;</span> <span class='ocrx_word' id='word_1_357' title='bbox 1288 2324 1449 2361; x_wconf 64' lang='lat' dir='ltr'>Ecclesia</span> <span class='ocrx_word' id='word_1_358' title='bbox 1481 2324 1687 2361; x_wconf 75' lang='lat' dir='ltr'>Oatlzedra-</span> 
     </span>
     <span class='ocr_line' id='line_1_45' title="bbox 315 2379 431 2423; baseline 0 -9"><span class='ocrx_word' id='word_1_359' title='bbox 315 2379 431 2423; x_wconf 70' lang='lat' dir='ltr'>lis,—</span> 
     </span>
    </p>

    <p class='ocr_par' dir='ltr' id='par_1_26' title="bbox 258 2430 1685 2686">
     <span class='ocr_line' id='line_1_46' title="bbox 258 2430 1685 2470; baseline 0.001 -9"><span class='ocrx_word' id='word_1_360' title='bbox 258 2432 355 2469; x_wconf 85' lang='lat' dir='ltr'>Item,</span> <span class='ocrx_word' id='word_1_361' title='bbox 373 2431 494 2462; x_wconf 88' lang='lat' dir='ltr'>eisdem</span> <span class='ocrx_word' id='word_1_362' title='bbox 513 2431 565 2461; x_wconf 92' lang='lat' dir='ltr'>die</span> <span class='ocrx_word' id='word_1_363' title='bbox 582 2435 617 2462; x_wconf 88' lang='lat' dir='ltr'>et</span> <span class='ocrx_word' id='word_1_364' title='bbox 633 2431 712 2469; x_wconf 85' lang='lat' dir='ltr'>loco,</span> <span class='ocrx_word' id='word_1_365' title='bbox 729 2431 899 2461; x_wconf 76' lang='lat' dir='ltr'>emanavit</span> <span class='ocrx_word' id='word_1_366' title='bbox 927 2431 1132 2469; x_wconf 74' lang='lat' dir='ltr'>Mandatum,</span> <span class='ocrx_word' id='word_1_367' title='bbox 1150 2431 1214 2460; x_wconf 88' lang='lat' dir='ltr'>sub</span> <span class='ocrx_word' id='word_1_368' title='bbox 1227 2430 1334 2470; x_wconf 88' lang='lat' dir='ltr'>sigillo</span> <span class='ocrx_word' id='word_1_369' title='bbox 1354 2431 1499 2469; x_wconf 89' lang='lat' dir='ltr'>Domini,</span> <span class='ocrx_word' id='word_1_370' title='bbox 1518 2432 1685 2462; x_wconf 84' lang='lat' dir='ltr'>directum</span> 
     </span>
     <span class='ocr_line' id='line_1_47' title="bbox 306 2474 1684 2513; baseline 0.001 -9"><span class='ocrx_word' id='word_1_371' title='bbox 306 2476 436 2505; x_wconf 78' lang='lat' dir='ltr'>Decano</span> <span class='ocrx_word' id='word_1_372' title='bbox 454 2474 716 2504; x_wconf 72' lang='lat' dir='ltr'>Christianitatis</span> <span class='ocrx_word' id='word_1_373' title='bbox 743 2475 877 2513; x_wconf 79' lang='lat' dir='ltr'>Exonie,</span> <span class='ocrx_word' id='word_1_374' title='bbox 895 2478 929 2504; x_wconf 89' lang='lat' dir='ltr'>et</span> <span class='ocrx_word' id='word_1_375' title='bbox 946 2475 1066 2505; x_wconf 83' lang='lat' dir='ltr'>Sancte</span> <span class='ocrx_word' id='word_1_376' title='bbox 1090 2474 1193 2504; x_wconf 83' lang='lat' dir='ltr'>Marie</span> <span class='ocrx_word' id='word_1_377' title='bbox 1219 2474 1353 2513; x_wconf 82' lang='lat' dir='ltr'>Majoris</span> <span class='ocrx_word' id='word_1_378' title='bbox 1369 2484 1405 2504; x_wconf 81' lang='lat' dir='ltr'>ac</span> <span class='ocrx_word' id='word_1_379' title='bbox 1423 2475 1537 2505; x_wconf 75' lang='lat' dir='ltr'>Sancti</span> <span class='ocrx_word' id='word_1_380' title='bbox 1556 2475 1684 2505; x_wconf 81' lang='lat' dir='ltr'>Petroci</span> 
     </span>
     <span class='ocr_line' id='line_1_48' title="bbox 303 2516 1685 2558; baseline 0.001 -11"><span class='ocrx_word' id='word_1_381' title='bbox 303 2517 522 2548; x_wconf 71' lang='lat' dir='ltr'>Ecclesiarum</span> <span class='ocrx_word' id='word_1_382' title='bbox 558 2517 763 2555; x_wconf 76' lang='lat' dir='ltr'>Rectoribus,</span> <span class='ocrx_word' id='word_1_383' title='bbox 791 2516 868 2548; x_wconf 86' lang='lat' dir='ltr'>Loci</span> <span class='ocrx_word' id='word_1_384' title='bbox 891 2517 1053 2557; x_wconf 85' lang='lat' dir='ltr'>ejusdem,</span> <span class='ocrx_word' id='word_1_385' title='bbox 1077 2517 1118 2546; x_wconf 87' lang='lat' dir='ltr'>ad</span> <span class='ocrx_word' id='word_1_386' title='bbox 1143 2517 1348 2547; x_wconf 87' lang='lat' dir='ltr'>monendum</span> <span class='ocrx_word' id='word_1_387' title='bbox 1371 2527 1485 2547; x_wconf 88' lang='lat' dir='ltr'>omues</span> <span class='ocrx_word' id='word_1_388' title='bbox 1508 2518 1541 2547; x_wconf 88' lang='lat' dir='ltr'>in</span> <span class='ocrx_word' id='word_1_389' title='bbox 1566 2528 1685 2558; x_wconf 77' lang='lat' dir='ltr'>genere</span> 
     </span>
     <span class='ocr_line' id='line_1_49' title="bbox 303 2560 1683 2601; baseline 0.001 -11"><span class='ocrx_word' id='word_1_390' title='bbox 303 2562 361 2601; x_wconf 86' lang='lat' dir='ltr'>qui</span> <span class='ocrx_word' id='word_1_391' title='bbox 379 2561 505 2596; x_wconf 86' lang='lat' dir='ltr'>fimum,</span> <span class='ocrx_word' id='word_1_392' title='bbox 527 2560 733 2598; x_wconf 80' lang='lat' dir='ltr'>mereminm,</span> <span class='ocrx_word' id='word_1_393' title='bbox 751 2564 786 2590; x_wconf 90' lang='lat' dir='ltr'>et</span> <span class='ocrx_word' id='word_1_394' title='bbox 803 2561 865 2591; x_wconf 78' lang='lat' dir='ltr'>alia</span> <span class='ocrx_word' id='word_1_395' title='bbox 881 2561 957 2590; x_wconf 78' lang='lat' dir='ltr'>feda</span> <span class='ocrx_word' id='word_1_396' title='bbox 974 2560 1006 2590; x_wconf 92' lang='lat' dir='ltr'>in</span> <span class='ocrx_word' id='word_1_397' title='bbox 1026 2560 1198 2590; x_wconf 74' lang='lat' dir='ltr'>cimiterio</span> <span class='ocrx_word' id='word_1_398' title='bbox 1216 2560 1359 2590; x_wconf 83' lang='lat' dir='ltr'>Ecclesie</span> <span class='ocrx_word' id='word_1_399' title='bbox 1372 2560 1581 2591; x_wconf 77' lang='lat' dir='ltr'>Cathedralis</span> <span class='ocrx_word' id='word_1_400' title='bbox 1602 2562 1683 2591; x_wconf 80' lang='lat' dir='ltr'>Exo-</span> 
     </span>
     <span class='ocr_line' id='line_1_50' title="bbox 304 2603 1683 2643; baseline 0.001 -10"><span class='ocrx_word' id='word_1_401' title='bbox 304 2604 357 2633; x_wconf 85' lang='lat' dir='ltr'>nie</span> <span class='ocrx_word' id='word_1_402' title='bbox 373 2603 574 2634; x_wconf 82' lang='lat' dir='ltr'>dimiserunt</span> <span class='ocrx_word' id='word_1_403' title='bbox 589 2614 646 2633; x_wconf 80' lang='lat' dir='ltr'>seu</span> <span class='ocrx_word' id='word_1_404' title='bbox 664 2603 764 2633; x_wconf 81' lang='lat' dir='ltr'>eciam</span> <span class='ocrx_word' id='word_1_405' title='bbox 784 2607 976 2642; x_wconf 74' lang='lat' dir='ltr'>posuerunt,</span> <span class='ocrx_word' id='word_1_406' title='bbox 995 2603 1094 2643; x_wconf 80' lang='lat' dir='ltr'>quod,</span> <span class='ocrx_word' id='word_1_407' title='bbox 1113 2603 1199 2632; x_wconf 79' lang='lat' dir='ltr'>infra</span> <span class='ocrx_word' id='word_1_408' title='bbox 1216 2613 1361 2633; x_wconf 85' lang='lat' dir='ltr'>mensem</span> <span class='ocrx_word' id='word_1_409' title='bbox 1381 2614 1397 2632; x_wconf 76' lang='lat' dir='ltr'>a</span> <span class='ocrx_word' id='word_1_410' title='bbox 1415 2606 1563 2643; x_wconf 79' lang='lat' dir='ltr'>tempore</span> <span class='ocrx_word' id='word_1_411' title='bbox 1580 2605 1683 2635; x_wconf 87' lang='lat' dir='ltr'>Moni-</span> 
     </span>
     <span class='ocr_line' id='line_1_51' title="bbox 303 2646 1685 2686; baseline 0.001 -9"><span class='ocrx_word' id='word_1_412' title='bbox 303 2647 406 2677; x_wconf 88' lang='lat' dir='ltr'>cionis</span> <span class='ocrx_word' id='word_1_413' title='bbox 423 2647 570 2686; x_wconf 85' lang='lat' dir='ltr'>legitime</span> <span class='ocrx_word' id='word_1_414' title='bbox 585 2646 735 2676; x_wconf 80' lang='lat' dir='ltr'>faciende</span> <span class='ocrx_word' id='word_1_415' title='bbox 751 2647 884 2684; x_wconf 85' lang='lat' dir='ltr'>eisdem,</span> <span class='ocrx_word' id='word_1_416' title='bbox 903 2657 939 2676; x_wconf 87' lang='lat' dir='ltr'>ea</span> <span class='ocrx_word' id='word_1_417' title='bbox 956 2650 1142 2683; x_wconf 77' lang='lat' dir='ltr'>amoveant,</span> <span class='ocrx_word' id='word_1_418' title='bbox 1170 2650 1204 2676; x_wconf 91' lang='lat' dir='ltr'>et</span> <span class='ocrx_word' id='word_1_419' title='bbox 1227 2646 1268 2675; x_wconf 79' lang='lat' dir='ltr'>ab</span> <span class='ocrx_word' id='word_1_420' title='bbox 1291 2646 1362 2677; x_wconf 79' lang='lat' dir='ltr'>aliis</span> <span class='ocrx_word' id='word_1_421' title='bbox 1379 2646 1502 2677; x_wconf 83' lang='lat' dir='ltr'>illicitis</span> <span class='ocrx_word' id='word_1_422' title='bbox 1518 2648 1551 2677; x_wconf 90' lang='lat' dir='ltr'>in</span> <span class='ocrx_word' id='word_1_423' title='bbox 1569 2648 1685 2679; x_wconf 86' lang='lat' dir='ltr'>eodem</span> 
     </span>
    </p>
   </div>
   <div class='ocr_carea' id='block_1_7' title="bbox 178 2717 1685 2729">
    <p class='ocr_par' dir='ltr' id='par_1_27' title="bbox 178 2717 1685 2729">
     <span class='ocr_line' id='line_1_52' title="bbox 178 2717 1685 2729; baseline 0 0"><span class='ocrx_word' id='word_1_424' title='bbox 178 2717 1685 2729; x_wconf 95' lang='lat' dir='ltr'> </span> 
     </span>
    </p>
   </div>
   <div class='ocr_carea' id='block_1_8' title="bbox 154 2763 1686 2891">
    <p class='ocr_par' dir='ltr' id='par_1_28' title="bbox 154 2763 1686 2891">
     <span class='ocr_line' id='line_1_53' title="bbox 154 2763 1686 2806; baseline 0.001 -10"><span class='ocrx_word' id='word_1_425' title='bbox 154 2765 165 2784; x_wconf 83' lang='lat'>¹</span> <span class='ocrx_word' id='word_1_426' title='bbox 189 2766 218 2796; x_wconf 90' lang='lat' dir='ltr'>A</span> <span class='ocrx_word' id='word_1_427' title='bbox 233 2764 299 2795; x_wconf 87' lang='lat' dir='ltr'>like</span> <span class='ocrx_word' id='word_1_428' title='bbox 315 2763 473 2795; x_wconf 81' lang='lat' dir='ltr'>Mandate</span> <span class='ocrx_word' id='word_1_429' title='bbox 489 2774 554 2793; x_wconf 86' lang='lat' dir='ltr'>was</span> <span class='ocrx_word' id='word_1_430' title='bbox 577 2763 736 2801; x_wconf 80' lang='lat' dir='ltr'>directed,</span> <span class='ocrx_word' id='word_1_431' title='bbox 755 2764 772 2794; x_wconf 91' lang='lat'>8</span> <span class='ocrx_word' id='word_1_432' title='bbox 791 2763 882 2803; x_wconf 84' lang='lat' dir='ltr'>July,</span> <span class='ocrx_word' id='word_1_433' title='bbox 995 2763 1056 2793; x_wconf 90' lang='lat' dir='ltr'>tin’</span> <span class='ocrx_word' id='word_1_434' title='bbox 1058 2773 1084 2800; x_wconf 90' lang='lat' dir='ltr'>s,</span> <span class='ocrx_word' id='word_1_435' title='bbox 1106 2763 1242 2802; x_wconf 80' lang='lat' dir='ltr'>Exeter‚</span> <span class='ocrx_word' id='word_1_436' title='bbox 1268 2766 1305 2794; x_wconf 87' lang='lat' dir='ltr'>to</span> <span class='ocrx_word' id='word_1_437' title='bbox 1327 2764 1504 2795; x_wconf 81' lang='lat' dir='ltr'>admonish</span> <span class='ocrx_word' id='word_1_438' title='bbox 1528 2765 1661 2806; x_wconf 87' lang='lat' dir='ltr'>Ranulp</span> <span class='ocrx_word' id='word_1_439' title='bbox 1664 2766 1686 2797; x_wconf 96' lang='lat' dir='ltr'>h</span> 
     </span>
     <span class='ocr_line' id='line_1_54' title="bbox 196 2805 1686 2849; baseline 0.001 -11"><span class='ocrx_word' id='word_1_440' title='bbox 196 2812 232 2839; x_wconf 87' lang='lat' dir='ltr'>to</span> <span class='ocrx_word' id='word_1_441' title='bbox 248 2808 306 2838; x_wconf 88' lang='lat' dir='ltr'>the</span> <span class='ocrx_word' id='word_1_442' title='bbox 323 2808 414 2837; x_wconf 84' lang='lat' dir='ltr'>Dean</span> <span class='ocrx_word' id='word_1_443' title='bbox 438 2807 473 2837; x_wconf 75' lang='lat' dir='ltr'>of</span> <span class='ocrx_word' id='word_1_444' title='bbox 496 2806 716 2846; x_wconf 83' lang='lat' dir='ltr'>Christianity</span> <span class='ocrx_word' id='word_1_445' title='bbox 737 2807 802 2836; x_wconf 86' lang='lat' dir='ltr'>and</span> <span class='ocrx_word' id='word_1_446' title='bbox 826 2806 885 2837; x_wconf 89' lang='lat' dir='ltr'>the</span> <span class='ocrx_word' id='word_1_447' title='bbox 995 2806 1036 2836; x_wconf 85' lang='lat' dir='ltr'>de</span> <span class='ocrx_word' id='word_1_448' title='bbox 1065 2807 1128 2846; x_wconf 86' lang='lat' dir='ltr'>Bry</span> <span class='ocrx_word' id='word_1_449' title='bbox 1132 2805 1250 2845; x_wconf 86' lang='lat' dir='ltr'>khede,</span> <span class='ocrx_word' id='word_1_450' title='bbox 1275 2806 1373 2838; x_wconf 82' lang='lat' dir='ltr'>Vicar</span> <span class='ocrx_word' id='word_1_451' title='bbox 1404 2807 1439 2837; x_wconf 82' lang='lat' dir='ltr'>of</span> <span class='ocrx_word' id='word_1_452' title='bbox 1470 2809 1686 2849; x_wconf 86' lang='lat' dir='ltr'>Brampford·</span> 
     </span>
     <span class='ocr_line' id='line_1_55' title="bbox 198 2816 1128 2891; baseline -0.002 -10"><span class='ocrx_word' id='word_1_453' title='bbox 198 2849 384 2891; x_wconf 58' lang='lat' dir='ltr'>Rectorsjof</span> <span class='ocrx_word' id='word_1_454' title='bbox 398 2850 446 2880; x_wconf 83' lang='lat' dir='ltr'>St.</span> <span class='ocrx_word' id='word_1_455' title='bbox 463 2849 631 2881; x_wconf 80' lang='lat' dir='ltr'>Petrock’s</span> <span class='ocrx_word' id='word_1_456' title='bbox 647 2851 712 2880; x_wconf 86' lang='lat' dir='ltr'>and</span> <span class='ocrx_word' id='word_1_457' title='bbox 729 2851 779 2880; x_wconf 88' lang='lat' dir='ltr'>St.</span> <span class='ocrx_word' id='word_1_458' title='bbox 795 2847 884 2880; x_wconf 73' lang='lat' dir='ltr'>Mar·</span> <span class='ocrx_word' id='word_1_459' title='bbox 996 2816 1128 2891; x_wconf 75' lang='lat' dir='ltr'>Speke.y</span> 
     </span>
    </p>
   </div>
   <div class='ocr_carea' id='block_1_9' title="bbox 0 2133 26 3062">
    <p class='ocr_par' dir='ltr' id='par_1_29' title="bbox 0 2133 26 3062">
     <span class='ocr_line' id='line_1_56' title="bbox 0 2133 26 3062; baseline 0 0"><span class='ocrx_word' id='word_1_460' title='bbox 0 2133 26 3062; x_wconf 95' lang='lat' dir='ltr'> </span> 
     </span>
    </p>
   </div>
  </div>
 </body>
</html>
