1987 3062
449 249 657 283 Raeisrn
667 250 736 283 ΠΜ
763 250 1219 284 COMMUNE——ANNO
1250 240 1340 284 100.
1570 238 1595 280 3
1603 237 1628 279 9
1637 235 1663 282 7

121 345 195 404 ἓξὲ-
274 349 454 381 nonnullas
473 350 556 382 alias
573 355 682 383 terras
699 355 834 384 nostras
853 357 886 384 et
904 352 1057 384 Romane
1074 352 1224 383 Ecclesie
1242 361 1420 393 occupare,
1441 353 1476 382 et
1492 353 1564 381 tam
1582 348 1660 389 ipsi,

121 413 194 442 [Vol.
209 414 261 444 IL]
275 403 377 434 quam
393 395 499 426 eciam
515 395 571 426 alii
587 396 742 436 superius
758 397 936 434 nominati,
954 396 1134 428 nonnullas
1150 396 1233 427 alias
1248 399 1358 427 terras
1374 398 1508 426 nostras
1524 397 1558 425 et
1574 393 1664 424 dicte

277 437 428 469 Ecclesie
449 439 697 480 occupantibus
720 443 753 471 et
774 439 1017 471 invadentibus
1039 439 1213 478 auxilium,
1241 439 1431 478 consilium,
1457 441 1491 469 et
1513 438 1666 468 favorem

275 481 416 522 prebere
437 483 726 523 presumpsissent
748 494 786 514 ac
808 487 1054 524 presumerent,
1080 484 1208 514 crimen
1227 482 1368 521 heresis,
1393 481 1574 517 scismatis,
1598 480 1666 511 lese

275 526 477 566 magestatis
493 530 528 557 et
543 527 710 567 apocrisie
726 527 993 568 dampnabiliter
1009 527 1223 566 incurrendo,
1244 530 1277 558 et
1293 525 1492 566 hujusmodi
1509 533 1666 556 excessus

277 572 311 600 et
335 569 462 600 scelera
483 573 565 601 tunc
590 574 713 609 essent,
740 574 843 612 prout
867 574 959 610 sunt,
986 570 1070 602 adeo
1094 570 1230 601 notoria
1254 569 1345 611 quod
1369 568 1463 600 nulla
1487 572 1662 609 poterunt,

277 617 381 654 prout
396 623 457 644 nec
472 618 627 654 possunt,
645 615 933 655 tergiversacione
948 614 1060 653 celari,
1080 614 1171 655 quod
1187 625 1258 650 nos,
1278 612 1405 654 absque
1422 612 1487 644 alia
1504 612 1665 643 informa—

277 658 383 693 cione,
401 658 492 698 juste
508 658 737 698 potuissemus
754 658 1025 689 animadvertere
1041 659 1075 689 in
1092 657 1226 689 eosdem
1242 657 1424 688 sceleratos
1439 655 1541 686 viros.
1580 654 1663 688 Nos,

277 704 404 740 tamen,
426 700 469 731 ad
489 700 657 732 cautelam
677 705 710 732 et
728 702 894 741 majorem
915 701 1156 733 certitudinem
1176 701 1431 741 premisssffum,
1455 698 1578 730 dilecto
1598 697 1668 728 filio

274 746 402 783 nostrO,
421 743 444 774 J
447 742 584 782 ohanni,
603 743 709 775 Tituli
727 744 850 776 Sancte
867 743 1003 783 Sabine,
1021 747 1055 774 et
1069 742 1157 774 bone
1173 744 1334 774 memorie
1352 741 1545 777 Guillelmo,
1565 741 1660 772 Titu-

276 785 302 817 li
319 786 435 818 Sancti
453 786 604 825 Eusebii,
625 786 830 818 Presbiteris
849 786 1101 827 Cardinalibus,
1122 786 1259 818 divisim
1278 789 1338 817 aut
1356 786 1556 819 successive,
1579 794 1666 815 com-

274 831 430 862 misimus
459 834 497 862 ut
527 841 561 862 se
591 831 631 862 de
662 832 836 872 premissis
866 831 1104 869 informarent,
1138 835 1171 861 et
1202 839 1269 871 que
1298 839 1360 870 per
1388 829 1669 860 informacionem

280 873 478 914 hujusmodi
497 875 686 915 reperirent
703 873 800 905 nobis
820 874 948 905 referre
967 877 1148 912 curarent3
1175 878 1208 907 et
1226 874 1376 911 tandein,
1397 872 1595 913 hujusmodi
1614 872 1661 902 in-

127 917 188 947 [fol.
202 917 487 948 28¹>.]f0rmaeione
503 922 651 958 recepta,
671 928 747 949 cum
764 918 829 958 ipsi
846 917 943 949 nobis
960 922 994 949 et
1010 917 1221 949 Consistorio
1239 917 1437 948 retulissent
1454 926 1488 947 se
1504 915 1669 955 reperisse

278 960 444 1000 premissa
459 961 572 991 omnia
589 965 623 992 et
639 960 774 1001 singula
789 961 893 992 fuisse
908 964 943 992 et
958 971 1030 992 esse
1045 961 1191 995 notoria,
1209 971 1282 998 nos,
1299 963 1521 1000 nequeuntes,
1541 958 1670 999 absque

279 1003 377 1043 gravi
399 1003 528 1034 offensa
550 1002 680 1035 Christi
702 1007 736 1035 et
758 1003 911 1035 remorsu
935 1004 1154 1043 consciencie,
1179 1007 1233 1035 tot
1257 1007 1291 1035 et
1313 1006 1431 1034 tantos
1454 1012 1610 1033 excessus
1634 1004 1670 1032 et

247 1058 250 1061 ·
279 1045 405 1077 scelera
428 1046 574 1087 amplius
595 1046 765 1086 tollerare,
790 1047 953 1079 adversus
974 1047 1128 1088 prefatos
1150 1047 1332 1079 sceleratos
1354 1047 1458 1084 viros,
1483 1047 1519 1077 in.
1540 1046 1670 1077 virtute

279 1088 460 1129 Altissimi,
486 1090 526 1121 de
548 1089 719 1121 dictorum
743 1091 905 1122 Fratrum
930 1089 1080 1128 consilio,
1096 1094 1135 1122 ut
1158 1091 1384 1132 premittitur,
1400 1089 1560 1121 duximus
1573 1099 1670 1120 exur-

279 1132 439 1173 gendum,
462 1136 495 1165 et
514 1136 634 1164 contra
651 1133 744 1173 ipsos
764 1143 867 1174 super
884 1134 1059 1174 premissis
1079 1133 1342 1175 procedendum.
1391 1132 1453 1169 Ac,
1477 1134 1524 1165 eis
1544 1133 1587 1164 ad
1607 1132 1670 1164 hoc

279 1175 433 1216 legitime
448 1176 574 1215 citatiS,
594 1180 627 1208 et
644 1177 719 1208 aliis
737 1175 860 1209 debitis
876 1178 964 1217 juris
981 1176 1282 1218 solempnitatibus
1298 1175 1499 1215 observatis,
1519 1186 1580 1217 per
1596 1186 1670 1206 nos-

279 1221 369 1249 tram
391 1218 610 1250 diffinitivam
632 1219 850 1253 Sentenciam
870 1219 1118 1251 declaravimus
1140 1219 1293 1260 prefatos
1314 1218 1516 1259 Robertum,
1539 1217 1667 1250 Johan-

278 1271 366 1300 nem,
397 1261 594 1301 Geraldum,
624 1266 658 1294 et
685 1261 839 1300 Petrum,
869 1262 950 1294 olim
978 1262 1187 1301 Cardinales,
1217 1272 1347 1293 necnon
1375 1262 1398 1294 J
1402 1261 1557 1300 acobum,
1589 1262 1669 1293 olim

282 1304 532 1346 Patrfflrcham,
552 1305 706 1345 Petrum,
727 1306 808 1338 olim
825 1306 1072 1346 Arelatensem,
1092 1307 1126 1338 N
1129 1306 1311 1343 icholaum,
1333 1306 1413 1337 olim
1432 1305 1668 1344 Cusentinum,

280 1347 577 1390 Arcliiepiscopos,
599 1350 752 1387 Petrum,
774 1350 855 1381 olim
873 1349 1144 1387 Urbenetanum,
1167 1349 1398 1387 Guillelmum,
1422 1349 1502 1380 olim
1522 1348 1668 1380 Urbina-

278 1402 422 1432 censem,
444 1392 596 1432 Petrum,
617 1393 698 1424 olim
715 1393 1056 1433 Montisfioscensem,
1077 1393 1280 1430 Johannem,
1303 1392 1384 1423 olim
1401 1391 1670 1429 Gebennensem,

285 1438 318 1466 et
331 1435 564 1473 Franciscum,
580 1435 661 1466 olim
673 1435 1410 1476 Cayatiensem,Episcopos,aeBert1·andum
1423 1439 1459 1467 et·
1471 1435 1665 1473 Masellum,

280 1487 411 1508 necnon
429 1477 647 1510 Honoratum
666 1482 700 1510 et
717 1478 932 1510 Anthonium
949 1479 1029 1510 olim
1048 1478 1198 1510 Comites
1218 1478 1428 1518 Fundorum,
1449 1479 1670 1509 Franciscum

278 1520 318 1552 de
335 1521 432 1561 Vico,
452 1521 533 1553 olim
550 1521 757 1557 Prefectum,
777 1522 800 1553 J
803 1521 971 1554 ohannem
985 1522 1025 1553 de
1036 1521 1228 1559 Malestret,
1243 1519 1450 1553 Nicholaum
1464 1520 1665 1562 Spinellum,

282 1563 496 1605 silvestrum,
522 1565 746 1603 Bernardum,
772 1566 915 1597 Petrum
937 1566 978 1597 de
999 1565 1144 1607 Lasaga,
1169 1570 1203 1598 et
1225 1566 1483 1605 Gusshonetum,
1508 1566 1614 1598 fuisse
1637 1571 1671 1598 et

280 1617 352 1639 esse
369 1608 580 1639 scismaticos
596 1612 630 1640 et
647 1612 834 1649 apostatas
854 1612 888 1640 et
906 1612 1025 1640 contra
1041 1619 1103 1640 nos
1121 1609 1371 1649 conspiratores
1388 1613 1422 1640 et
1438 1608 1667 1650 blasphemos,

280 1654 314 1682 et
333 1654 499 1692 tanqua-m
518 1651 686 1683 hereticos
705 1651 906 1692 puniendos,
929 1655 963 1683 et
983 1663 1058 1684 reos
1078 1652 1229 1684 criminis
1248 1652 1316 1684 lese
1335 1652 1540 1692 majestatis,
1563 1652 1669 1693 ipsos-

25 1715 35 1729 ,
278 1705 343 1735 que
363 1699 504 1736 propter
524 1696 690 1736 premissa
710 1696 781 1727 fore
802 1696 1115 1727 excommunicatos
1135 1700 1169 1727 et
1191 1695 1521 1734 anathematizatos;
1550 1706 1588 1727 ac
1609 1706 1666 1728 eos

281 1739 651 1770 excommunicavimus
668 1742 703 1770 et
719 1739 1098 1779 anathematizavimus,
1119 1749 1158 1770 ac
1175 1739 1267 1779 ipsos
1285 1738 1443 1770 incidisse
1462 1739 1497 1770 in
1514 1748 1619 1779 penas
1637 1743 1671 1775 et

283 1782 492 1820 Sentencias,
516 1786 588 1814 tam
611 1793 631 1813 a
651 1783 727 1823 jure
749 1793 852 1824 quam
875 1782 917 1814 ab
939 1783 1075 1814 homine
1099 1785 1133 1815 in
1154 1784 1240 1815 talia
1263 1788 1500 1825 perpetrantes
1523 1784 1671 1816 inflictas

280 1828 315 1855 et
334 1824 581 1866 promulgata-s,
605 1835 644 1856 ac
664 1825 771 1856 eciam
791 1826 827 1856 in
846 1835 950 1866 penas
971 1830 1005 1857 et
1027 1826 1225 1858 Senteneias
1245 1830 1423 1858 content-as
1444 1827 1478 1858 in
1500 1827 1669 1858 Processi-

281 1868 345 1901 bus
362 1868 469 1902 felicis
486 1869 736 1901 recordacionis
752 1869 921 1901 <Iohannis
938 1869 1056 1910 XXII,
1076 1874 1110 1902 et
1128 1869 1312 1902 Clementis
1330 1871 1419 1906 VIfi,
1440 1871 1670 1902 Romanorum

279 1911 498 1952 Pontificum,
528 1911 812 1944 Predecessorum
837 1915 1044 1948 nostrorum,
1074 1916 1194 1944 contra
1220 1917 1454 1954 occupatores,
1483 1914 1669 1951 invasores,

281 1959 315 1987 et
334 1955 531 1987 turbatores
548 1959 719 1987 terrarum
738 1956 892 1988 Romane
912 1956 1064 1988 Ecclesie
1083 1956 1207 1995 factis3
1236 1967 1274 1989 ac
1295 1958 1403 1989 eciam
1424 1957 1672 1989 declaravimus

282 1999 392 2031 dictos
417 1999 619 2038 Robertum,
648 1999 854 2040 Johannem,
882 2000 1079 2040 Geraldum,
1108 2003 1143 2032 et
1167 2000 1322 2040 Petrum,
1351 2001 1433 2032 olim
1460 2001 1668 2040 Cardinales,

281 2042 387 2075 fuisse
406 2046 439 2074 et
458 2053 529 2074 esse
549 2043 733 2084 depositos,
754 2046 788 2075 et
806 2043 899 2084 ipsos
919 2043 1138 2083 deposuimus
1156 2054 1177 2075 a
1195 2044 1474 2077 Cardinalatibus
1495 2045 1584 2077 dicte
1604 2046 1670 2077 Ro-

283 2097 381 2118 mane
403 2087 564 2127 Ecclesie,
591 2092 625 2120 et
648 2087 690 2119 ab
713 2089 804 2119 omni
827 2088 1067 2120 Cardinalatus
1092 2088 1268 2119 commodo
1291 2092 1326 2120 et
1348 2088 1486 2128 honore,
1513 2089 1673 2131 ipsosque

282 2129 439 2161 omnibus
453 2129 663 2169 Honoribus,
681 2130 933 2172 Dignitatibus,
950 2130 1152 2167 Prelaturis,
1170 2131 1428 2172 Personatibus,
1446 2138 1481 2166 et
1495 2132 1624 2165 Officiis
1639 2144 1678 2165 ac

284 2172 464 2204 Beneficiis
482 2173 734 2206 Ecclesiasticis
750 2172 1021 2215 quibuscumque
1039 2175 1144 2205 fuisse
1163 2178 1197 2206 et
1214 2185 1285 2206 esse
1304 2176 1469 2215 privatos,
1491 2180 1525 2208 et
1544 2177 1616 2208 fore
1633 2177 1677 2209 ad

283 2215 342 2247 illa
357 2215 535 2253 inhabiles,
554 2220 587 2248 et
602 2215 899 2249 inhabilitavimus
914 2219 1020 2249 eciam
1037 2218 1079 2249 ad
1094 2217 1261 2249 habenda.
1298 2219 1348 2251 Ac
1365 2220 1472 2251 eciam
1488 2219 1672 2251 declaravi-

283 2269 359 2290 mus
378 2259 551 2300 predictos
570 2259 651 2291 olim
671 2259 921 2299 Patriarcham,
942 2259 1240 2301 Archiepiscopos,
1262 2265 1298 2293 et
1317 2261 1506 2303 Episcopos
1526 2263 1599 2294 fore
1620 2262 1674 2294 de-

285 2302 426 2343 positos,
447 2306 480 2334 et
498 2303 590 2344 ipsos
608 2302 827 2344 deposuimus
845 2302 887 2335 ab
905 2303 1063 2336 omnibus
1082 2303 1322 2345 Dignitatibus
1340 2306 1447 2337 eciam
1465 2305 1673 2338 Pontificali-

284 2344 371 2384 bus3
401 2349 436 2377 et
457 2349 530 2378 tam
553 2346 646 2386 ipsos
671 2356 773 2386 quam
799 2347 906 2378 eciam
930 2347 1162 2378 Bertrandum
1186 2351 1220 2380 et
1244 2346 1426 2379 Masellum
1451 2349 1604 2389 prefatos
1630 2348 1674 2380 ab

286 2388 443 2421 omnibus
467 2388 597 2421 Officiis
620 2393 654 2421 et
678 2389 858 2422 Beneficiis
883 2389 1133 2422 Ecclesiasticis
1158 2394 1192 2422 et
1217 2389 1408 2422 Prelaturis
1434 2390 1667 2432 quibuslibet;

285 2442 428 2473 necnon,
447 2432 620 2474 predictos
637 2432 856 2465 Honoratum
874 2437 908 2464 et
924 2432 1150 2473 Anthonium,
1171 2433 1253 2464 olim
1271 2433 1433 2473 Comites,
1453 2435 1676 2467 Franciscum

287 2475 328 2507 de
354 2475 452 2515 Vico,
482 2475 676 2507 Johannem
701 2476 741 2509 de
767 2475 959 2514 Maiestret,
991 2475 1198 2507 Nicholaum
1227 2476 1426 2517 Spinellum,
1457 2477 1672 2516 silvestrum,

286 2518 512 2558 Bernardum,
537 2518 680 2550 Petrum
702 2519 743 2550 de
762 2518 908 2560 Lasaga,
932 2522 966 2550 et
988 2518 1233 2551 Guilhonetum
1256 2529 1275 2550 a
1297 2518 1570 2561 quibuscumque
1592 2521 1675 2562 Dig-

286 2561 456 2594 nitatibus
475 2566 510 2594 et
528 2561 738 2601 Honoribus,
759 2565 793 2593 et
811 2561 921 2603 gradu
941 2561 1070 2593 Milicie
1089 2565 1124 2593 et
1143 2561 1280 2602 cingulo
1299 2561 1445 2595 Militari
1465 2565 1621 2606 privatos
1641 2568 1676 2596 et

288 2604 462 2646 depositos
481 2605 586 2636 fuisse
607 2608 641 2636 et
661 2614 743 2640 esse,
766 2604 926 2645 ipsosque
946 2604 1160 2645 privavimus
1182 2610 1215 2637 et
1237 2605 1477 2646 deposuimus;
1507 2617 1546 2638 ac
1568 2608 1676 2638 eciam

287 2648 535 2681 declaravimus
558 2651 630 2679 tam
653 2647 886 2689 predictorum
909 2647 990 2679 olim
1015 2647 1249 2680 Cardinalium
1273 2659 1376 2689 quam
1399 2650 1506 2681 eciam
1531 2650 1676 2682 aliorum

288 2692 440 2723 omnium
458 2691 611 2732 proxime
630 2691 883 2723 nominatorum
902 2694 938 2722 et
956 2690 1220 2731 dampnatorum
1238 2690 1329 2723 bona
1346 2691 1488 2724 mobilia
1504 2697 1539 2725 et
1557 2693 1675 2725 immo-

287 2734 371 2766 bilia
387 2744 425 2766 ac
441 2735 520 2775 jura
535 2738 569 2766 et
583 2733 842 2774 jurisdicciones
858 2733 964 2765 fuisse
979 2737 1013 2765 et
1030 2744 1101 2765 esse
1119 2733 1313 2774 confiscata,
1333 2739 1367 2766 et
1384 2735 1644 2767 confiscavimus
1658 2748 1665 2774 3

287 2781 323 2810 et
341 2787 504 2819 personas
522 2787 639 2809 eorum
659 2775 878 2809 detestabiles
898 2780 934 2808 et
951 2776 1096 2809 infames
1117 2776 1222 2810 fuisse
1243 2781 1277 2808 et
1297 2788 1370 2809 esse
1389 2778 1618 2818 exponendas,
1640 2784 1675 2812 et

288 2821 518 2864 exposuimus,
537 2831 557 2853 a
569 2818 698 2852 Christi
713 2818 889 2852 Fidelibus
904 2819 1086 2862 capiendas
1100 2831 1108 2858 ;
1129 2823 1164 2851 et
1179 2820 1226 2852 sic
1241 2823 1354 2863 capta,
1372 2822 1399 2854 si
1415 2820 1542 2865 absque
1558 2831 1675 2855 eorum
