1987 3062
183 333 218 359 A.
224 334 258 360 D.

183 367 257 394 1371.

185 401 246 427 Vol.
263 403 286 428 Ι.

178 2425 224 2451 fol.
240 2426 280 2452 17.

507 235 794 269 REGIsTRUM
830 237 972 270 COMM
981 236 1289 270 uNE—ANNO
1329 228 1393 271 2⁰.
1622 229 1648 270 2
1657 228 1680 270 5
1692 230 1713 270 1

335 338 474 378 Scriptis
504 341 741 380 suspendimus
765 353 783 372 a
806 342 961 379 Divinis3
992 344 1027 372 et
1050 341 1078 372 si
1101 352 1158 382 per
1181 341 1262 372 alios
1286 352 1344 372 sex
1367 341 1437 372 dies
1461 342 1567 372 dictos
1594 341 1641 382 xij
1667 341 1714 372 in-

335 383 478 413 mediate
493 387 680 424 sequentes,
692 396 775 425 quos
792 386 947 416 similiter
960 386 1051 416 vobis
1065 396 1122 425 pro
1138 385 1322 416 Monicione
1336 385 1502 416 Canonica
1514 385 1713 426 prefigimus,

335 427 592 466 Suspensionem
606 427 799 468 hujusmodi
813 429 1040 459 sustinueritis
1051 429 1161 459 animo
1171 429 1337 467 indurato,
1350 429 1439 468 quod
1451 429 1547 467 absit,
1562 429 1594 459 in
1609 439 1666 459 vos
1679 440 1716 459 ac

334 470 492 509 Abbates,
506 474 578 509 etc,
593 472 651 511 qui
668 472 896 503 inobedientes
913 473 1043 503 fueritis
1060 483 1117 503 seu
1134 473 1262 503 fuerint
1279 473 1329 503 vel
1347 472 1484 503 rebelles
1501 473 1532 502 in
1549 472 1715 512 premissis

335 525 390 544 seu
410 514 521 554 aliquo
545 515 794 554 premissorum,
814 527 939 546 necnon
965 516 1225 547 contradictores
1249 520 1282 546 et
1305 516 1442 546 rebelles
1466 516 1634 556 quoslibet
1656 520 1716 546 aut

335 558 564 597 impedientes,
582 569 639 588 seu
658 563 845 598 prestantes
861 560 893 590 in
912 560 975 590 hiis
999 559 1183 598 consilium,
1201 560 1373 598 auxilium,
1392 559 1444 590 vel
1460 559 1617 597 favorem,
1635 570 1714 599 quo-

335 601 446 632 minus
471 602 582 632 omnia
609 605 643 632 et
669 602 799 642 singula
824 614 924 642 supra.
949 607 983 633 et
1010 603 1097 633 infra
1125 614 1181 643 per
1212 614 1271 634 1105
1296 603 1450 643 injuncta
1475 613 1532 633 seu
1558 604 1715 633 mandata

334 645 490 675 effectum
514 644 666 676 debitum
691 651 948 686 consequentur,
972 646 1215 687 cujuscumque
1238 646 1422 687 dignitatis,
1440 649 1560 684 status,
1583 647 1715 687 gradus,

335 689 469 727 ordinis,
487 688 538 719 vel
556 689 755 720 condicionis
773 690 928 728 existant,
947 690 1055 730 spacio
1072 701 1128 720 sex
1145 691 1274 721 dierum
1292 691 1333 721 ad
1351 690 1563 730 purgandum
1588 701 1715 721 moram

335 743 393 763 seu
410 732 541 772 culpam
560 732 755 773 hujusmodi
772 734 910 772 singulis
927 744 1039 764 eorum
1058 733 1199 771 indulto,
1217 738 1252 764 et
1268 745 1326 774 pro
1343 734 1509 765 Canonica
1530 734 1716 764 Monicione

334 776 503 816 premissa,
521 776 555 806 in
572 776 635 806 hiis
652 776 792 816 Scriptis
810 777 1176 808 Excommunicacionis
1193 778 1405 808 Sentenciam
1422 777 1561 808 ferimus
1585 781 1619 808 et
1640 778 1714 817 'pro-

334 820 524 859 mulgamus
542 830 548 857 ;
581 819 744 859 Capitula,
774 831 860 859 vero,
888 824 923 851 et
952 821 1147 852 Conventus
1175 821 1233 860 qui
1262 821 1296 851 in
1326 821 1493 860 premissis
1521 821 1571 851 vel
1600 832 1715 851 eorum

335 863 445 903 aliquo
462 863 641 903 culpabiles
658 863 784 894 fuerint
801 864 1036 904 suspendimus
1060 875 1079 894 a
1102 864 1239 895 Divinis.
1289 865 1423 902 Nostre,
1443 864 1588 904 insuper,
1606 864 1714 895 inten-

335 906 437 937 cionis
460 906 575 937 existit
598 907 688 946 quod
714 908 992 938 Reverendissimi
1017 908 1141 946 Patres,
1159 912 1230 946 etc,
1257 908 1377 939 Sancte
1401 908 1548 938 Romane
1576 908 1717 938 Ecclesie

337 950 538 988 Cardinales,
556 951 597 980 de
614 951 787 981 Beneficiis
803 962 868 991 que
884 951 918 981 in
935 951 1025 982 dicto
1045 952 1156 990 Regno
1174 952 1292 991 Anglie
1308 951 1464 991 optinent
1488 952 1714 991 quantitatem

335 993 480 1034 aliquam
507 994 636 1024 racione
667 994 809 1025 duarum
837 995 985 1034 parcium
1015 995 1180 1025 dictarum
1213 995 1487 1035 procuracionum
1520 995 1716 1036 hujusmodi

335 1037 460 1068 solvere
491 1038 683 1068 nullatenus
715 1042 902 1077 teneantur,
932 1049 992 1069 nec
1022 1039 1181 1079 predictis
1213 1039 1398 1070 Sentenciis
1423 1039 1625 1078 obligentur,
1657 1040 1714 1069 sed

336 1081 542 1120 quantitates
561 1091 625 1121 que
642 1092 700 1121 pro
717 1082 841 1112 eisdem
858 1082 988 1112 duabus
1005 1082 1156 1122 partibus
1174 1083 1444 1122 procuracionum
1463 1082 1659 1122 hujusmodi
1675 1083 1716 1113 ab

336 1124 574 1164 ipsisDominis
582 1125 834 1156 Cardinalibus'
826 1125 956 1156 indicto
966 1126 1165 1165 Episcopatu
1180 1126 1347 1157 debentur
1359 1127 1399 1156 de
1412 1136 1543 1156 summa
1556 1126 1650 1156 nobis
1662 1127 1715 1156 de-

336 1167 407 1198 bita
420 1169 639 1199 deducantur.
679 1169 901 1207 Intendimus,
915 1169 1028 1208 eciam,
1043 1169 1132 1209 quod
1144 1170 1184 1199 de
1199 1170 1259 1200 Dei
1270 1173 1304 1200 et
1316 1170 1477 1209 Leprosor
1482 1180 1536 1199 um
1552 1170 1715 1200 Domibus

336 1221 373 1241 ac
390 1211 599 1242 Monasteriis
614 1212 807 1242 Monialium
826 1223 1010 1252 pauperum
1029 1224 1045 1242 -1
1063 1213 1185 1252 quibus
1199 1213 1329 1243 lacione
1342 1213 1583 1252 procuracionis
1597 1213 1713 1253 hujus

336 1255 427 1285 modi
437 1255 571 1294 aliquod
584 1255 670 1295 exigi
681 1256 816 1286 minime
830 1257 1012 1294 consuevit,
1025 1256 1125 1286 nichil
1137 1257 1289 1296 exigatur
1302 1257 1342 1286 ib
1356 1257 1411 1287 eis.
1438 1256 1539 1287 Liter
1532 1267 1575 1294 as,
1589 1262 1713 1295 autem,

337 1298 510 1338 originales
522 1299 727 1338 Apostolicas
744 1300 961 1339 supradictas,
975 1310 1056 1340 quas
1070 1300 1103 1329 in
1117 1300 1300 1330 multorum
1316 1300 1523 1330 Prelatorum
1538 1300 1714 1338 presencia,

337 1344 371 1372 et
395 1342 535 1372 aliorum
563 1342 728 1373 Fidelium
756 1343 976 1373 multitudine
1004 1343 1142 1383 copiosa,
1167 1343 1307 1373 fecimus
1331 1343 1476 1374 Parisius
1500 1343 1716 1384 solempniter

338 1385 509 1425 publicari,
529 1386 555 1416 si
572 1396 638 1423 vos,
657 1386 707 1416 vel
725 1386 826 1426 aliqui
843 1386 883 1416 de
901 1387 1065 1426 predictis,
1084 1387 1194 1417 videre
1211 1387 1392 1425 volueritis,
1410 1387 1584 1417 ostendere
1608 1388 1713 1418 offeri-

336 1439 411 1459 mus
435 1439 494 1459 nos
518 1432 659 1469 paratos.
705 1430 973 1468 Absolucionem,
991 1441 1078 1468 veru,
1096 1431 1245 1461 omnium
1270 1434 1304 1460 et
1327 1430 1535 1469 singulorum
1560 1431 1618 1471 qui
1643 1442 1713 1471 pre-

336 1472 423 1503 fatas
439 1472 631 1503 Sentencias
647 1483 705 1513 per
722 1484 780 1503 nos
797 1473 890 1511 latas,
908 1474 958 1503 vel
976 1484 1090 1504 eorum
1107 1474 1262 1514 aliquam,
1280 1474 1487 1512 incurrerint,
1506 1484 1589 1514 quas
1605 1475 1713 1514 publi-

337 1526 409 1546 care
425 1519 460 1546 et
476 1516 633 1546 innovare
656 1527 722 1547 non
746 1517 912 1547 omittatis
936 1528 1110 1558 quousque
1134 1518 1174 1548 de
1199 1518 1365 1557 premissis
1388 1517 1596 1558 integraliter
1619 1518 1713 1549 satis-

335 1559 484 1598 fecerint,
502 1559 596 1590 nobis
613 1560 663 1590 vel
682 1560 850 1600 Superiori
866 1564 979 1591 nostro
995 1571 1210 1592 reservamus.
1254 1561 1329 1599 Vos,
1347 1561 1494 1599 demum,
1512 1561 1714 1601 requirimus

335 1606 369 1634 et
384 1603 566 1642 hortamur,
585 1604 796 1634 Auctoritate
813 1604 972 1644 predicta,
991 1607 1025 1635 et
1041 1604 1104 1635 sub
1128 1605 1220 1644 penis
1245 1605 1411 1645 predictis,
1429 1605 1588 1645 quatinus
1611 1605 1656 1635 sic
1681 1605 1713 1635 111

334 1647 501 1686 premissis
518 1647 705 1687 diligenter,
722 1647 873 1686 fideliter,
891 1651 926 1678 et
942 1648 1125 1688 prudenter
1142 1659 1198 1678 vos
1214 1648 1335 1688 geratis
1354 1658 1360 1686 ;
1385 1659 1522 1685 necnon,
1540 1648 1613 1679 illos
1631 1658 1714 1689 quos

333 1690 375 1720 ad
392 1690 619 1721 colleccionem
637 1694 672 1721 et
687 1691 910 1731 recepcionem
928 1691 1093 1730 predictas
1110 1691 1351 1732 deputaveritis
1367 1692 1413 1723 sic
1428 1702 1462 1721 se
1479 1691 1600 1722 habere
1617 1696 1651 1722 et
1666 1692 1714 1722 ita

333 1743 444 1773 gerere
472 1734 663 1774 procuretis,
689 1736 779 1774 quod
803 1745 862 1765 nec
885 1734 1067 1773 inferiores,
1085 1745 1145 1765 nec
1169 1735 1360 1775 quicunque
1383 1735 1448 1773 alii,
1465 1735 1556 1775 juste
1572 1746 1712 1776 conque-

331 1777 435 1816 rendi,
453 1787 513 1807 nec
529 1787 588 1808 nos
605 1781 720 1809 contra
737 1788 794 1808 vos
817 1788 874 1809 seu
892 1779 979 1818 ipsos
996 1789 1095 1818 super
1118 1778 1179 1809 hoc
1195 1779 1387 1819 inquirendi
1404 1779 1577 1809 materiam
1595 1779 1713 1810 habea·

334 1830 418 1859 111115,
445 1821 602 1861 quodque
630 1822 763 1861 possitis
791 1822 832 1852 de
859 1821 1049 1852 obediencia
1074 1822 1194 1853 merito
1219 1823 1453 1854 commendari.
1500 1823 1540 1853 In
1568 1833 1712 1863 quorum

332 1864 483 1895 omnium
511 1865 744 1895 testimonium
772 1868 940 1905 presentes
973 1866 1111 1903 Litexas,
1139 1877 1196 1896 seu
1222 1877 1356 1906 presens
1382 1866 1558 1897 Publicum
1582 1867 1711 1897 Instru—

333 1911 495 1946 mentum,
514 1909 708 1939 Processum
733 1912 887 1940 nostrum
911 1909 1108 1950 hujusmodi
1132 1910 1341 1941 continentes
1365 1920 1422 1940 seu
1447 1910 1646 1948 continens;
1671 1911 1713 1940 de

333 1961 477 1991 quorum
494 1962 552 1982 seu
568 1952 666 1993 cujus
683 1952 930 1992 presentacione
946 1957 980 1983 et
996 1953 1223 1984 notificacione
1239 1954 1336 1984 latori
1353 1953 1572 1991 presencium,
1590 1954 1713 1985 nuncio

332 1998 447 2025 nostro
462 1995 585 2035 jurato,
602 1996 655 2026 cui
671 1996 803 2035 plenam
820 1996 920 2027 fidem
937 1997 1144 2034 adhibemus,
1162 1997 1232 2027 fieri
1249 2000 1282 2027 et
1299 1997 1458 2037 publicari
1475 2008 1532 2037 per
1556 1997 1712 2028 Notarios

330 2037 570 2078 infrascriptos,
597 2050 634 2069 ac
657 2040 760 2070 eciam
787 2040 827 2070 ad
853 2040 1016 2071 cautelam
1041 2040 1234 2080 Registrarii
1258 2041 1492 2071 mandavimus
1514 2044 1549 2071 et
1572 2040 1712 2072 fecimus

331 2082 515 2122 sigillorum
538 2085 729 2113 nostrorum
753 2084 952 2123 appensione
975 2084 1282 2114 muniri—Datum
1307 2088 1340 2114 et
1363 2087 1476 2114 actum
1495 2084 1648 2123 Parisius,
1676 2084 1711 2115 in

331 2125 439 2156 Domo
450 2125 602 2166 Magistri
615 2127 767 2157 Priorum
781 2127 814 2157 in
828 2127 964 2158 Francia
978 2127 1112 2158 Ordinis
1126 2128 1241 2159 Sancti
1254 2128 1274 2158 J
1278 2127 1416 2158 ohannis
1429 2127 1686 2158 Ierosolimitani
1703 2138 1710 2165 ;

331 2169 541 2208 presentibus
558 2170 701 2200 Domino
714 2170 898 2210 Aymerieo,
912 2171 973 2201 Dei
989 2171 1097 2211 gracia
1114 2171 1276 2211 Episcopo
1290 2171 1475 2209 Parisiensi,
1489 2181 1526 2201 ac
1543 2171 1710 2210 Magistris

331 2212 439 2243 Adam
463 2213 504 2243 de
528 2213 663 2251 Estone,
681 2213 825 2244 Doctore
847 2214 881 2244 in
906 2214 1005 2245 Sacra
1027 2214 1214 2254 Theologia,
1234 2215 1360 2254 Rogero
1384 2215 1424 2245 de
1450 2215 1602 2252 Fretone,
1620 2214 1710 2245 Sacri

330 2255 452 2286 Palacii
475 2256 658 2296 Apostolici
682 2257 866 2288 Causarum
891 2258 1063 2295 Auditore,
1088 2257 1242 2288 Johanne
1266 2258 1399 2296 Person,
1424 2258 1566 2288 Doctore
1590 2258 1708 2288 Decre-

330 2301 456 2338 torum,
475 2300 659 2331 Guillermo
683 2301 724 2331 de
739 2300 982 2339 Villemontoir,
1000 2301 1240 2332 Archidiacono
1263 2301 1303 2331 de
1328 2301 1482 2331 Gardano
1505 2301 1539 2331 in
1565 2301 1710 2331 Ecclesia

331 2343 568 2382 Suessionensi,
581 2346 614 2374 et
626 2343 776 2383 pluribus
788 2344 860 2374 aliis
871 2344 1016 2375 testibus
1029 2345 1153 2375 vocatis
1169 2345 1210 2374 ad
1225 2344 1393 2384 premissa,
1407 2345 1487 2375 A.D.
1504 2344 1563 2374 M0.
1580 2344 1710 2376 coemo

330 2387 573 2426 septuagesimo
590 2387 705 2427 primo,
719 2387 908 2418 Indiccione
921 2398 1016 2425 nona,
1029 2388 1082 2418 die
1094 2387 1239 2418 secunda
1252 2387 1373 2418 mensis
1386 2387 1475 2426 Maii,
1491 2387 1709 2418 Pontificatus

329 2429 410 2460 dicti
436 2430 571 2461 Domini
593 2431 707 2469 nostri,
730 2431 866 2462 Domini
890 2431 1039 2471 Gregorii
1064 2431 1152 2471 Pape
1174 2428 1264 2462 XImi
1280 2430 1378 2462 Anno
1401 2431 1518 2471 primo.
1570 2431 1615 2462 Et
1638 2441 1707 2471 ego,

330 2473 491 2503 Ricardus
514 2474 555 2503 de
580 2474 756 2511 Croxtone,
781 2474 927 2513 clericus,
947 2474 1088 2505 Eliensis
1112 2474 1267 2513 Diocesis,
1286 2474 1443 2504 Publicus
1460 2474 1652 2513 Apostolica
1674 2478 1709 2505 et

329 2516 499 2556 Imperiali
514 2517 725 2547 Auctoritate
741 2517 910 2557 Notarius,
928 2518 1010 2548 dum
1028 2517 1187 2557 premissa
1202 2528 1260 2558 per
1276 2518 1384 2548 dictos
1408 2517 1569 2548 Dominos
1595 2518 1707 2549 Cardi-

330 2559 420 2590 nales
435 2563 623 2599 agelzentur
643 2571 719 2592 cum
737 2561 875 2592 Notario
892 2565 926 2591 et
942 2561 1087 2591 testibus
1103 2561 1354 2609 prenominatis
1362 2571 1495 2601 presens
1518 2560 1578 2600 fui,
1596 2564 1632 2591 et
1655 2571 1708 2592 me

331 2603 571 2634 subscribendo
596 2604 649 2635 hic
672 2604 804 2644 signum
829 2614 951 2643 meum,
970 2615 1046 2635 cum
1071 2604 1152 2634 dicti
1176 2604 1304 2635 Notaiii
1328 2604 1422 2643 signo
1439 2607 1474 2635 et
1496 2586 1612 2644 sigillis
1636 2614 1706 2645 pre-

328 2645 436 2685 dictis,
452 2646 591 2686 apposui
607 2647 798 2687 requisitus,
814 2647 849 2678 in
865 2647 1098 2678 testimonium
1114 2647 1264 2678 ve1itatis
1281 2648 1432 2678 omnium
1457 2648 1703 2688 premissorum.

330 2690 420 2720 —Et
431 2700 500 2729 eg0‚
514 2690 623 2722 Adam
638 2690 790 2730 Vagneti,
802 2692 843 2722 de
859 2691 1101 2729 Villzzmontoir,
1119 2691 1364 2721 Suessionensis
1380 2691 1535 2730 Dioeesis‚
1550 2691 1707 2722 Publicus

329 2732 541 2764 Auctoritate
557 2733 747 2773 Apostolica
763 2734 933 2773 Notarius,
947 2734 1030 2764 dum
1046 2734 1205 2774 premissa
1222 2745 1279 2774 per
1295 2734 1401 2765 dictos
1418 2735 1579 2766 Dominos
1595 2734 1706 2766 Cardi-

329 2775 419 2806 nales
442 2779 628 2816 agerentur,
657 2788 734 2808 cum
752 2777 900 2808 Not-ariis
925 2781 959 2808 et
981 2777 1126 2808 testibus
1149 2777 1340 2817 prescriptis
1364 2788 1498 2817 presens
1521 2778 1580 2816 fui,
1598 2781 1632 2809 et
1655 2788 1708 2809 me

328 2819 566 2850 subscribendo
589 2820 642 2850 hic
666 2821 799 2861 signum
823 2831 945 2859 meum,
964 2831 1040 2851 cum
1064 2820 1145 2851 dicti
1169 2821 1300 2851 Notarii
1323 2821 1416 2861 siguo
1440 2826 1474 2851 et
1497 2821 1613 2862 sigillis
1636 2832 1707 2861 pre-
