1987 3062
220 241 277 282 10

216 352 290 378 ΑΛ).

214 385 287 411 1370.

213 419 274 445 Vol.
289 420 328 445 II.

417 250 516 281 THE
551 248 791 281 REGISTER
826 248 886 280 OF
921 248 1096 281 BISHOP
1131 248 1530 282 BRANTYNGHAM.

371 353 497 384 cionem
528 355 563 384 te
600 352 797 383 investimus
834 352 876 382 de
912 352 1037 383 eisdem
1052 363 1061 389 3
1098 352 1197 383 salvis
1236 352 1487 392 Episcopalibus
1524 351 1665 383 Juribus
1703 353 1738 382 et

374 396 688 434 Consuetudinibus,
719 406 757 426 ac
789 396 933 426 Ecclesie
963 398 1076 426 nostre
1107 395 1302 426 Exoniensis
1332 396 1481 436 predicte
1510 395 1545 426 in
1584 394 1738 425 omnibus

372 439 543 479 dignitate.
615 439 653 469 In
681 438 778 479 cujus
807 439 855 469 rei
885 438 1118 469 testimonium
1148 439 1294 478 sigillum
1321 442 1474 470 nostrum
1504 438 1644 469 fecimus
1675 437 1738 468 hiis

370 483 673 522 apponi.—Datum
698 482 731 512 in
760 481 916 521 Hospicio
946 485 1060 512 nostro
1092 482 1314 512 Londoniensi
1341 482 1416 523 xxjo
1440 482 1494 512 die
1519 481 1607 520 Maii,
1640 483 1738 511 Anno

371 526 431 557 ΜΟ.
450 526 578 557 00οΠ10
594 525 704 564 lxxmo,
721 528 756 556 et
770 528 884 556 nostre
901 525 1165 556 Consecracionis
1181 525 1295 565 primo.

373 607 456 644 -I
453 607 619 645 nduccio
639 607 875 656 ejusdem,—

321 662 474 699 Thomas,
491 665 564 700 etc,
581 662 703 692 dilecto
718 663 751 692 in
769 662 903 693 Christo
919 661 994 700 filio,
1014 661 1145 692 Decano
1166 664 1279 692 nostre
1294 660 1490 692 Exoniensis
1508 661 1660 700 Ecclesie,
1677 663 1738 692 aut

371 705 444 745 ejus
460 705 568 735 locum
585 705 724 744 tenenti,
741 705 937 736 etc——Cum
962 715 1021 735 nos
1044 705 1206 736 dilectum
1222 705 1338 743 filium,
1355 704 1518 734 Thomam
1542 704 1583 734 de
1607 704 1736 744 Swaby,

369 749 534 785 clericum,
551 749 593 778 ad
611 749 851 779 Canonicatum
868 748 1011 779 Ecclesie
1027 751 1141 779 nostre
1162 748 1354 778 Exoniensis
1377 750 1413 778 et
1432 747 1639 778 Prebendam
1655 757 1737 787 quos

368 801 475 831 nuper
492 792 649 831 Magister
660 791 769 822 Adam
783 792 1018 831 Myrimouthe,
1032 792 1114 822 dum
1125 791 1218 830 vixit,
1236 791 1385 822 obtinuit
1400 791 1435 821 in
1451 791 1576 829 eadem,
1593 793 1629 821 et
1644 800 1737 830 quos,

369 835 514 875 quidem⁷
538 838 702 872 vacantes,
725 835 887 865 Dominus
911 839 1024 866 noster
1047 836 1126 872 Rex,
1152 838 1205 866 etc
1210 858 1375 866 ......
1401 834 1580 873 (utsupra)
1606 833 1737 874 plenius

368 878 572 916 continetur,
598 878 829 908 admiserimus
851 882 886 909 et
909 878 1155 909 investierimus
1179 878 1344 909 Canonice
1368 878 1408 908 de
1432 877 1567 916 eisdem,
1584 880 1686 917 prout
1702 877 1737 907 in

370 921 594 951 consimilibus
610 921 771 952 hactenus
787 921 857 952 fieri
873 925 924 952 est
940 925 1138 954 consuetum
1153 932 1159 960 ;
1181 921 1274 952 vobis
1290 921 1534 951 committimus
1550 923 1586 951 et
1601 920 1736 950 manda-

366 974 441 994 mus
464 964 622 1004 quatinus
645 965 788 995 eundem
811 964 972 995 Thomam
996 965 1030 995 in
1054 968 1203 995 vestrum
1227 968 1262 995 et
1285 964 1430 995 Ecclesie
1452 966 1565 995 nostre
1588 963 1738 1004 predicte

370 1007 565 1046 recipientes
589 1008 791 1038 Canonicum
820 1011 854 1038 et
882 1008 1104 1046 Confratrem,
1132 1008 1252 1048 ipsum,
1276 1008 1328 1038 vel
1357 1008 1610 1038 Procuratorem
1634 1017 1732 1038 suum

370 1061 429 1090 pro
445 1060 491 1088 eo,
509 1050 540 1080 in
559 1051 759 1090 corporalem
776 1051 1011 1090 possessionem
1025 1051 1248 1082 Canonicatus
1263 1054 1299 1082 et
1311 1051 1480 1081 Prebende
1497 1051 1735 1090 predictorum,

369 1094 570 1124 auctoritate
592 1097 716 1132 nostra,
740 1104 799 1134 per
822 1105 878 1124 vos
904 1094 956 1124 vel
981 1095 1084 1125 alium
1112 1095 1163 1124 vel
1190 1094 1271 1124 alios
1294 1094 1461 1124 inducatis
1488 1097 1523 1125 et
1546 1093 1736 1125 defendatis

368 1136 545 1167 inductum
562 1147 569 1175 ;
594 1135 737 1167 Stallum
754 1138 787 1167 in
806 1137 914 1168 Choro
930 1140 965 1168 et
982 1138 1106 1168 Locum
1128 1138 1161 1168 in
1180 1137 1335 1177 Capitulo
1359 1137 1503 1168 Ecclesie
1526 1140 1640 1168 nostre
1663 1147 1734 1177 pre-

368 1179 456 1209 dicte
471 1180 560 1210 dicte
573 1180 742 1210 Prebende
753 1181 883 1211 debitos
898 1191 985 1211 moi-e
998 1181 1095 1211 solito
1105 1181 1311 1221 assignantes
1323 1181 1431 1211 eidem
1442 1191 1449 1218 ;
1465 1180 1734 1219 contradictores,

367 1222 395 1252 si
410 1222 467 1262 qui
482 1223 610 1253 fuerint
625 1223 657 1253 in
675 1233 712 1253 ea
728 1227 832 1262 parte,
851 1224 1014 1254 Canonice
1036 1224 1274 1263 compescendo
1289 1235 1298 1261 ;
1320 1223 1552 1264 juramentum
1569 1224 1610 1254 de
1625 1224 1735 1254 obser-

366 1265 473 1295 vando
489 1265 639 1305 ejusdem
658 1267 800 1297 Ecclesie
816 1267 955 1297 Statuta
977 1270 1012 1297 et
1036 1267 1302 1298 Uonsuetudines
1324 1267 1524 1307 approbatas
1547 1267 1736 1307 recipiendo

367 1308 408 1338 ab
424 1308 538 1339 eodem
555 1309 606 1339 vel
625 1310 841 1340 Procuratore
857 1320 925 1348 suo,
943 1313 1044 1349 prout
1060 1310 1211 1350 ejusdem
1230 1310 1372 1340 Ecclesie
1392 1310 1532 1350 exigunt
1549 1311 1734 1341 Consuetu-

366 1351 458 1381 dines
475 1354 509 1382 et
532 1352 678 1383 Statuta
726 1353 772 1383 Et
794 1353 875 1392 quid
899 1353 1044 1384 feceritis
1067 1353 1100 1383 in
1125 1353 1302 1393 premissis,
1328 1364 1396 1391 nos,‚
1421 1363 1498 1384 cum
1522 1363 1580 1393 per
1603 1356 1735 1393 partem

366 1394 506 1434 predicti
528 1395 654 1428 Thome
678 1395 809 1426 fueritis
831 1406 975 1436 congrue
1001 1396 1162 1437 requisiti,
1190 1396 1311 1427 Literis
1333 1396 1454 1427 vestris
1478 1397 1673 1436 patentibus
1700 1400 1735 1428 et

366 1437 454 1468 hunc
484 1441 634 1469 tenorem
666 1439 867 1470 habentibus
898 1439 1046 1470 reddatis
1069 1440 1181 1471 debite
1204 1440 1362 1471 cerciores
1385 1442 1420 1471 et
1442 1439 1676 1472 clara—Data
1700 1445 1736 1471 uc

364 1490 473 1520 supra.

367 1554 593 1592 —Oollacz'o
612 1555 770 1592 Bobcrti
792 1556 926 1593 Orulle
946 1557 1001 1594 ad
1016 1557 1261 1594 Prehendam
1280 1557 1608 1604 Emoniensem,——

314 1608 466 1644 Thomas,
490 1613 565 1648 etc.,
591 1610 712 1640 dilecto
738 1610 771 1640 in
797 1610 931 1642 Christo
958 1611 1034 1649 filio,
1064 1612 1209 1642 Roberto
1233 1612 1354 1648 CruUe,
1383 1612 1509 1649 elerico,
1537 1612 1734 1645 etc—Cum

367 1652 673 1684 Excellentissimus
690 1653 766 1692 (eta,
783 1658 820 1684 ut
841 1653 954 1694 supra)
975 1655 1216 1686 Canonicatum
1240 1655 1384 1686 Ecclesie
1408 1659 1521 1686 nostre
1537 1656 1733 1687 Exoniensis

364 1697 399 1725 et
423 1695 629 1727 prebendam
652 1707 734 1736 quos
758 1707 864 1737 nuper
887 1698 1095 1728 obtinuimus
1117 1698 1151 1728 in
1175 1698 1300 1736 eadem,
1318 1702 1482 1738 vacantes,
1500 1699 1631 1730 racione
1648 1706 1731 1730 tem-

366 1739 528 1777 poralium
544 1740 760 1779 Episcopatus
776 1741 917 1779 predicti
930 1751 1037 1781 nuper
1049 1741 1196 1772 vacantis
1209 1742 1242 1772 in
1256 1742 1325 1772 suis
1336 1742 1489 1773 manibus
1501 1743 1731 1781 existencium,

365 1781 426 1811 tibi
443 1782 632 1819 contulerit,
650 1793 725 1813 cum
742 1783 809 1813 suis
824 1783 955 1823 juribus
972 1788 1007 1815 et
1023 1785 1236 1824 pertinenciis
1254 1785 1425 1823 universis,
1443 1788 1543 1825 prout
1559 1786 1593 1816 in
1613 1786 1733 1817 Literis

366 1824 475 1863 Regiis
498 1825 575 1855 inde
601 1826 759 1856 confectis
786 1827 915 1866 plenius
942 1828 1158 1865 continetur3
1190 1831 1224 1859 te
1250 1829 1292 1859 ad
1317 1829 1568 1867 Canonicatum,
1593 1832 1654 1859 etc.
1685 1829 1734 1867 (ut

362 1867 618 1906 supra).—Data
633 1869 665 1899 in
684 1869 839 1909 Hospicio
854 1874 968 1901 nostro
985 1871 1214 1909 Londoniensi,
1228 1871 1307 1912 xxvj
1322 1872 1375 1903 die
1386 1872 1472 1910 Maii,
1487 1873 1585 1902 Anno
1598 1872 1734 1903 Domini

366 1910 423 1941 ΜΟ.
443 1911 573 1942 000Πιο
594 1912 705 1950 lxme,
729 1916 764 1943 et
788 1917 899 1944 nostre
917 1914 1181 1946 Consecracionis
1205 1915 1319 1954 primo.
1367 1916 1412 1946 Et
1433 1916 1632 1947 mandatum
1655 1915 1732 1955 fuit,

364 1953 480 1984 eodem
510 1955 572 1994 die,
605 1956 735 1986 Decano
768 1956 910 1987 Ecclesie
949 1958 1153 1996 Exoniensis,
1185 1958 1236 1989 vel
1261 1958 1335 1998 ejus
1361 1958 1471 1990 locum
1499 1959 1640 1998 tenenti,
1672 1969 1732 1999 pro

364 1996 563 2029 Induccione
579 1998 660 2029 dicti
682 1998 815 2030 lioberti
830 1999 864 2031 in
880 2002 987 2032 forma
1002 2004 1169 2033 consueta.
