1987 3062
284 241 342 284 58

279 354 354 380 A.D.

283 389 400 414 1379-80.

279 421 344 447 Vol.
362 422 401 447 11.

480 252 578 285 THE
614 252 854 287 REGISTER
889 253 948 285 OF
990 253 1165 286 BISHOP
1200 252 1600 287 BRANTYNGHAM.

432 357 612 396 Prioratus,
629 357 704 399 jure
720 358 782 388 sibi
805 368 843 388 ea
864 358 934 389 vice
958 357 1124 395 devoluto,
1142 357 1342 388 auctoritate
1366 367 1425 387 sua
1449 357 1633 388 Pontificali
1657 357 1804 397 prefecit,

427 411 608 441 curamque
625 412 661 432 ac
678 402 824 441 regimen
841 404 875 431 et
893 401 1218 431 administraciouem
1236 400 1317 430 dicti
1334 401 1512 438 Prioratus,
1531 403 1599 431 tam
1618 401 1650 431 in
1668 401 1802 440 spiritu-

429 444 535 474 alibus
559 455 658 484 quam
684 445 932 484 temporalibus,
952 454 1027 474 cum
1046 444 1113 473 suis
1135 443 1267 483 juribus
1291 446 1324 474 ct
1347 443 1558 483 pertinenciis
1580 444 1752 482 universis,
1770 444 1803 474 in

430 488 574 518 Domino
585 488 749 518 commisit:
760 488 866 518 eidem
877 498 884 524 ;
896 488 1072 527 ipsumque
1087 497 1143 526 per
1157 486 1246 516 Libri
1261 486 1393 525 [nostri]
1408 487 1622 517 tradicionem
1635 487 1675 517 de
1686 488 1803 517 eodem

429 531 580 561 Prioratu
606 531 851 570 presencialiter
874 530 1070 567 investivit3
1101 529 1220 569 ipsum,
1249 529 1361 567 eciam,
1389 530 1423 559 in
1451 530 1653 569 corporalem
1678 541 1802 570 posses-

429 574 554 605 sionem
567 574 649 604 dicti
666 574 846 612 Prioratus,
858 574 1154 612 universorumque
1170 572 1296 612 jurium
1311 576 1345 602 et
1357 573 1636 612 pertinenciarum
1653 573 1804 613 ejusdem

429 618 498 648 fore
514 617 694 648 actualitur
710 617 936 648 inducendum
955 620 989 647 et
1005 616 1256 653 installamlum,
1272 615 1405 655 juribus
1421 616 1489 646 suis
1509 616 1755 656 Episcopalibus
1771 619 1805 647 et

430 661 572 692 Ecclesie
589 671 646 691 sue
663 661 858 691 Exoniensis
881 660 1046 699 dignitate
1069 659 1101 689 in
1120 659 1273 689 omnibus
1290 669 1419 698 semper
1432 659 1540 696 salvis,
1562 670 1619 699 per
1635 659 1804 690 Archidia-

428 714 548 736 conum
565 704 729 742 Tottonie,
747 704 798 734 vel
814 703 887 743 ejus
905 703 1094 741 Officialem,
1111 702 1258 733 decrevit
1280 702 1414 733 ibidem.
1462 703 1508 732 Et.
1530 702 1649 733 habuit
1672 703 1802 734 Literas

428 748 490 780 sub
507 747 677 778 tenoribus
694 747 751 787 qui
768 750 932 787 sequntur
948 758 1000 778 2——

386 823 598 868 Octssaofz'o
621 823 877 865 Eleccioms
900 823 952 864 de
978 823 1260 877 Plympwm,
1282 826 1320 863 ct
1335 821 1567 878 Preseccio
1590 836 1642 864 ac
1664 822 1804 864 Insti—

435 881 557 924 tuct'o
581 881 762 922 Pv'iov’t's
784 880 1029 932 fifhidam,—

386 941 539 978 Thomas,
557 943 629 978 etc,
647 940 755 970 Fratri
779 939 925 970 Johanni
942 938 1117 977 Shaldone,
1136 938 1328 978 presbiterO,
1346 941 1407 969 etc.
1427 938 1476 976 (ut
1503 937 1632 977 supra),
1650 938 1805 977 salutem,

428 984 580 1024 graciam,
598 986 633 1014 et
649 983 1090 1022 benediccionem—Nuper
1105 981 1294 1012 examinato
1308 991 1365 1021 per
1379 992 1437 1011 nos
1454 981 1600 1021 legitime
1612 984 1647 1012 et
1659 982 1806 1012 discusso

431 1027 564 1067 negocio
588 1026 769 1056 Eleceionis
793 1026 956 1056 celebrate
979 1026 1012 1055 in
1038 1025 1237 1056 Monasterio
1261 1025 1329 1055 sive
1354 1025 1507 1055 Prioratu
1536 1025 1577 1055 de
1605 1025 1806 1065 Plymptone

431 1070 590 1111 predicto,
622 1080 680 1109 per
712 1072 855 1100 mortem
888 1069 1013 1099 Fratris
1045 1068 1214 1108 Radulphi
1241 1068 1399 1106 Perseum,
1431 1068 1543 1098 ultimi
1569 1070 1604 1098 et
1632 1068 1805 1099 inmediati

431 1113 552 1144 Prioris
569 1113 720 1152 ejusdem
745 1113 915 1143 Prioratus
939 1112 1113 1151 {vacante}
1131 1112 1172 1141 de
1188 1116 1233 1149 te,
1261 1111 1377 1141 Fratre
1401 1112 1554 1142 Johanne
1578 1111 1755 1149 Shaldone‚
1771 1112 1805 1142 in

429 1157 575 1187 Priorem
599 1156 750 1196 ejusdem
774 1156 954 1190 Prioratus,
974 1155 1124 1185 Licencia
1146 1158 1181 1185 et
1197 1165 1358 1185 consensu
1375 1155 1497 1185 nostris
1513 1155 1554 1185 ad
1571 1154 1633 1186 hoc
1649 1155 1805 1195 primitus

428 1211 494 1230 non
512 1199 625 1239 petitis
650 1199 700 1229 vel
718 1199 876 1238 optentis,
894 1199 964 1239 qui,
984 1202 1105 1236 tamen,
1120 1198 1160 1228 ab
1177 1198 1316 1238 antiquo
1333 1198 1401 1238 peti
1417 1201 1452 1228 et
1468 1198 1592 1238 requiri
1608 1209 1644 1228 ac
1660 1198 1804 1238 optineri

428 1245 682 1281 consueverunt,
700 1253 718 1272 a
735 1242 913 1282 Suppriore
931 1246 965 1272 et
990 1243 1165 1272 Conventu
1191 1241 1361 1272 Prioratus
1378 1241 1516 1281 predicti
1541 1252 1599 1281 per
1615 1242 1701 1272 viam
1718 1252 1807 1272 scru-

428 1286 504 1317 tinii
520 1286 726 1316 concorditer
742 1285 856 1324 electo,
874 1285 1073 1323 invenimus,
1091 1295 1149 1323 per
1164 1287 1238 1315 acta
1261 1284 1400 1315 actitata
1423 1284 1572 1315 exhibita
1587 1287 1621 1315 et
1644 1285 1807 1325 producta

429 1330 464 1360 in
488 1329 637 1369 predicto
653 1329 788 1368 negocio
811 1339 919 1359 coram
943 1328 1047 1366 nobis,
1065 1328 1227 1368 prefatam
1246 1328 1451 1358 Eleccionem
1477 1328 1518 1358 de
1542 1331 1575 1358 tc
1591 1328 1723 1367 factam,
1741 1339 1808 1359 non

428 1384 468 1403 ex
484 1382 620 1412 persone
637 1375 695 1402 tue
712 1372 795 1402 vicio
809 1372 858 1402 vel
871 1372 1015 1410 defectu,
1029 1375 1079 1402 set
1096 1381 1310 1411 personarum
1325 1371 1531 1411 eligencium,
1546 1381 1582 1401 ac
1595 1371 1683 1410 alias,
1696 1371 1807 1402 minus

432 1415 607 1453 Canonice,
627 1419 660 1446 et
676 1415 801 1455 absque
826 1415 975 1446 Licencia
998 1425 1035 1445 ac
1057 1425 1218 1445 consensu
1242 1414 1375 1452 nostris,
1393 1418 1507 1445 contra
1531 1415 1810 1446 consuetudinem

428 1459 611 1500 predictam
628 1459 662 1489 in
686 1469 724 1489 ea
742 1461 835 1499 parte
857 1458 979 1489 abolim
996 1458 1157 1488 imotenus
1176 1458 1337 1488 usitatam
1355 1461 1389 1488 et
1412 1458 1560 1497 legitime.
1580 1458 1808 1499 prescriptam,

433 1513 558 1533 necnon
576 1505 691 1533 contra
706 1503 848 1533 formam
867 1502 1003 1533 Consilii
1027 1501 1195 1532 Generalis
1220 1500 1306 1538 Quia
1319 1505 1461 1542 propter,
1478 1502 1580 1532 fuisse
1597 1504 1630 1532 et
1646 1512 1715 1532 esse
1731 1502 1811 1532 cele-

430 1547 581 1583 bratam3
608 1556 645 1576 ac
671 1549 843 1586 propterea
874 1546 907 1575 in
936 1545 996 1576 liae
1024 1549 1117 1585 parte
1144 1545 1207 1575 rite
1236 1555 1294 1584 per
1319 1545 1429 1575 omnia
1458 1545 1673 1584 procedentes
1704 1545 1811 1584 ipsam

433 1590 651 1627 Eleccionem‚
671 1599 747 1619 cum
771 1589 1011 1619 deliberacione
1027 1591 1062 1619 et
1077 1588 1212 1618 consilio
1227 1588 1312 1628 juris
1336 1588 1519 1628 peritorum
1544 1588 1638 1618 nobis
1655 1588 1808 1619 assisten-

433 1633 534 1669 cium,
552 1632 676 1663 Christi
693 1633 836 1663 Nomine
854 1632 1011 1672 primitus
1028 1632 1189 1668 invocato,
1207 1631 1240 1661 in
1257 1631 1390 1671 scriptis
1407 1631 1652 1662 sentencialiter
1667 1631 1810 1662 infirma-

431 1677 549 1714 vimus,
574 1676 782 1714 cassavimus,
800 1675 1056 1713 adnullavimus,
1075 1678 1109 1706 et
1131 1674 1346 1713 irritavimus,
1365 1686 1401 1705 ac
1425 1674 1571 1715 prefatos
1595 1675 1810 1715 Supprioreni

431 1723 465 1750 et
482 1720 704 1756 Conventum,
723 1719 878 1750 electores
895 1718 1101 1758 hujusmodi,
1119 1718 1286 1748 occasione
1302 1718 1470 1757 premissa,
1488 1721 1653 1757 potestate
1669 1718 1812 1758 eligendi

431 1774 469 1793 ea
485 1763 553 1793 vice
577 1762 780 1803 privavimus
803 1762 1049 1792 sentencialiter
1074 1772 1131 1801 per
1156 1762 1347 1792 Decretum.
1394 1761 1686 1802 Provisionemque
1703 1763 1810 1792 eidem

434 1806 598 1837 Prioratui
615 1806 656 1836 de
680 1806 791 1836 Priore
816 1806 1001 1836 faciendam
1018 1805 1060 1835 ad
1083 1815 1152 1843 nos,
1172 1805 1322 1844 proximo
1345 1805 1547 1845 superiorem
1566 1805 1598 1835 in
1623 1805 1682 1835 hac
1706 1807 1810 1845 parte,

431 1860 467 1880 ea
504 1849 681 1887 occasione,
713 1849 774 1879 hac
805 1849 873 1880 vice
904 1849 1097 1879 devolutam
1128 1858 1207 1886 csse,
1239 1851 1371 1878 servato
1402 1849 1438 1878 in
1469 1848 1624 1878 omnibus
1656 1859 1810 1888 processu

431 1893 590 1932 legitimo,
617 1892 851 1930 declarantes3
878 1892 1028 1922 Licencia
1054 1893 1096 1922 ad
1124 1891 1184 1922 hec
1212 1890 1396 1922 Reverendi
1423 1891 1457 1921 in
1489 1891 1622 1922 Christo
1650 1892 1758 1922 Patris
1776 1895 1811 1922 et

432 1936 578 1974 Domini,
604 1935 740 1966 Domini
767 1935 931 1974 Willelmi,
957 1935 1018 1965 Dei
1041 1935 1149 1975 gracia
1174 1934 1414 1965 Londoniensis
1439 1935 1603 1974 Episcopi,
1637 1935 1811 1966 Diocesani

434 1980 511 2010 Loci
529 1980 560 2009 in
578 1989 644 2019 quo
662 1979 722 2009 hec
738 1979 849 2009 omnia
862 1979 1003 2009 fecimus
1020 1981 1054 2009 et
1070 1978 1311 2018 expedivimus,
1329 1978 1435 2018 petita
1445 1978 1603 2016 primitus
1617 1980 1652 2009 et
1664 1981 1810 2018 optenta.

432 2023 570 2060 Verum,
589 2022 666 2063 quia
682 2025 723 2060 te,
742 2023 893 2053 Fratrem
906 2023 926 2053 J
930 2021 1094 2052 ohannem
1108 2021 1284 2060 Shaldone,
1304 2021 1609 2061 presbiterum‚etc.
1625 2021 1811 2062 (utsupra),

432 2067 466 2096 in
490 2066 644 2096 omnibus
668 2066 770 2096 fuisse
794 2068 828 2096 et
851 2076 920 2096 esse
949 2065 1105 2103 habilem,
1131 2065 1280 2105 dignum,
1305 2068 1340 2095 et
1366 2065 1535 2105 ydoneum
1559 2065 1600 2095 ad
1625 2065 1812 2096 Prioratum

431 2109 624 2149 hujusmodi
650 2109 881 2148 optinendum,
900 2109 1067 2149 nichilque
1084 2119 1123 2139 ex
1147 2118 1285 2148 persone
1301 2111 1359 2138 tue
1376 2108 1458 2139 vicio
1476 2108 1526 2138 vel
1550 2108 1683 2139 defectu
1701 2108 1735 2139 in
1752 2108 1813 2139 hac

431 2157 524 2193 parte
541 2152 603 2184 tibi
624 2152 772 2183 obviasse
796 2163 853 2183 seu
877 2152 1009 2183 obviare
1033 2152 1213 2193 quominus
1236 2152 1269 2182 in
1295 2151 1441 2182 Priorem
1466 2151 1616 2191 ejusdem
1643 2151 1812 2183 Prioratus

432 2196 543 2236 prefici
569 2196 675 2226 valcas
700 2199 734 2226 ct
758 2196 883 2226 assumi
910 2195 1140 2236 repperimus;
1164 2206 1233 2233 nos,
1258 2205 1299 2225 ne
1322 2195 1411 2225 idem
1436 2195 1607 2226 Prioratus
1630 2195 1812 2226 vacacionis

432 2239 605 2279 dispendia
636 2239 766 2269 diucius
798 2242 980 2279 pateretur,
1006 2239 1178 2279 cupientes
1206 2238 1306 2269 talem
1334 2238 1383 2268 illi
1410 2248 1519 2278 presse
1544 2248 1717 2278 personam
1745 2249 1811 2278 que

433 2286 527 2313 tanto
554 2282 729 2313 conveniat
759 2283 850 2313 oneri
877 2285 912 2313 et
938 2282 1063 2321 honori,
1092 2285 1168 2322 post
1194 2282 1467 2312 deliberacionem
1495 2292 1594 2322 quam
1622 2292 1722 2321 super
1748 2282 1810 2313 hoc

434 2326 612 2356 habuimus
635 2326 840 2366 diligentem,
865 2326 897 2356 in
922 2329 966 2364 te,
990 2336 1090 2366 quem
1115 2325 1204 2356 zelus
1231 2328 1265 2355 et
1291 2325 1402 2355 fervor
1427 2325 1593 2365 religionis
1618 2325 1751 2365 viteque
1776 2328 1811 2356 et

433 2379 563 2400 morum
576 2369 741 2407 honestas,
758 2369 943 2400 Literarum
962 2369 1110 2408 sciencia,
1124 2378 1266 2406 concors,
1281 2368 1394 2407 eciam,
1412 2368 1489 2399 licet
1505 2369 1616 2399 minus
1634 2368 1807 2407 Canonica,

433 2413 473 2442 de
490 2415 523 2443 te
535 2412 729 2452 hujusmodi
745 2413 908 2443 celebrata.
926 2412 1062 2450 Eleccio,
1074 2423 1110 2442 ac
1126 2412 1188 2442 alia
1202 2411 1379 2442 laudabilia
1396 2411 1571 2451 probitatis
1587 2414 1622 2441 et
1638 2411 1807 2442 virtutum

434 2456 551 2486 merita
574 2456 805 2496 multipliciter
827 2456 1062 2495 suffragantur,
1079 2455 1254 2494 dirigimus
1277 2455 1388 2485 oculos
1404 2455 1526 2485 mentis
1542 2458 1664 2493 nostre,
1682 2465 1718 2486 ac
1733 2465 1808 2486 con-

435 2499 633 2529 sideracione
645 2499 879 2538 premissorum
891 2500 931 2529 de
943 2509 1080 2539 persona
1092 2501 1151 2530 tua
1164 2498 1271 2529 eidem
1290 2498 1455 2529 Prior-atui
1472 2501 1585 2529 tenore
1597 2498 1808 2528 Presencium

434 2542 655 2581 providemus,
673 2546 773 2582 teque
789 2543 823 2573 in
849 2543 993 2573 Priorem
1020 2543 1225 2582 Perpetuum
1248 2541 1400 2581 ejusdem
1424 2541 1604 2579 PrioratuS,
1624 2541 1698 2582 jure
1715 2541 1809 2572 nobis

434 2585 494 2615 hac
517 2585 586 2615 vice
609 2585 781 2623 devoluto,
806 2586 1007 2616 auctoritate
1030 2589 1144 2616 nostra.
1174 2585 1370 2623 Pontificali‚
1396 2584 1595 2625 preficimus,
1629 2595 1743 2615 curam
1772 2595 1809 2615 ac

434 2627 579 2667 regimen
604 2632 639 2658 et
661 2629 986 2659 administracionem
1010 2629 1091 2659 dicti
1114 2628 1296 2665 Prioratus,
1314 2628 1434 2659 tamin
1451 2627 1681 2668 spiritualibus
1706 2638 1808 2668 quam

434 2671 682 2710 temporalibus,
699 2682 775 2702 cum
799 2672 866 2702 suis
889 2672 1022 2712 juribus
1038 2675 1073 2702 et
1096 2672 1308 2712 pertinenciis
1333 2671 1504 2710 universis,
1522 2671 1584 2701 tibi
1607 2671 1641 2701 in
1667 2671 1809 2702 Domino

435 2713 685 2744 committentes
702 2725 709 2750 ;
728 2718 827 2754 teque
844 2725 902 2755 per
918 2715 1009 2746 Libri
1026 2715 1131 2746 nostri
1148 2715 1365 2746 tradicionem
1382 2715 1422 2745 de
1435 2714 1550 2745 eodem
1568 2714 1721 2745 Prioratu
1738 2724 1808 2754 pre-

436 2757 621 2787 sencialiter
644 2758 839 2788 investimus
858 2766 865 2793 3
889 2759 1103 2789 decernentes
1127 2762 1160 2789 te
1183 2758 1218 2788 in
1241 2758 1443 2798 corporalem
1466 2757 1704 2798 possessionem
1727 2756 1809 2788 dicti

436 2800 615 2838 Prioratus,
634 2800 931 2841 universorumque
954 2801 1081 2842 jurium
1098 2804 1132 2832 et
1156 2801 1437 2842 pertinenciarum
1460 2801 1613 2842 ejusdem
1629 2800 1699 2831 fore
1718 2803 1808 2831 actu-

436 2842 532 2873 aliter
565 2843 792 2874 inducendum
823 2847 857 2875 et
887 2844 1138 2884 installandum,
1177 2844 1311 2885 juribus
1341 2844 1464 2876 nostris
1495 2843 1745 2885 Episcopalibus
1776 2845 1810 2874 et
