1987 3062
298 196 391 239 268

295 310 369 336 A.D.

295 344 370 370 1372.

299 378 358 403 Vol.
376 378 399 403 Ι.

294 1309 354 1339 [fol.

294 1342 368 1372 ffb]

497 206 596 238 THE
632 206 874 239 REGISTER
909 207 967 238 OF
1003 204 1180 237 BISHOP
1215 203 1619 236 BRANTYNGHAM.

445 311 537 349 cesis,
554 314 589 342 et
604 311 676 342 aliis
692 311 730 341 ad
749 311 887 341 eandem
905 309 1083 341 Ecclesiam
1101 307 1340 348 spectantibus,
1366 310 1406 338 ut
1430 307 1699 348 pretendebatur,
1716 307 1819 338 incor-

446 358 622 392 rectorum,
647 358 681 384 et
705 354 911 394 aliquamdiu
936 352 1128 383 vertebatur
1151 352 1238 382 inter
1261 350 1443 381 Dominum
1470 351 1654 381 Walterum
1678 351 1820 391 Almaly,

447 398 621 428 Rectorem
638 398 726 428 dicte
743 397 886 428 Ecclesie
903 398 944 427 (18
960 395 1228 432 Northmoltone‚
1246 395 1379 424 Partem
1396 395 1559 433 actricem,
1577 405 1617 425 ex
1634 397 1727 434 parte
1744 405 1820 432 una,

448 444 483 471 et
499 441 664 471 Abbatem
681 444 715 471 et
733 442 944 471 Conventum
970 438 1162 470 Monasterii
1186 439 1226 468 de
1251 437 1450 476 Lilleshulle,
1468 438 1601 468 Ordinis
1625 438 1737 469 Sancti
1754 438 1820 468 Au-

447 484 583 523 gustini,
610 484 842 515 Coventrensis
865 487 900 514 et
925 481 1163 514 Lichfeldensis
1188 481 1342 518 Diocesis,
1371 482 1501 511 l'artem
1525 491 1623 519 ream,
1648 491 1687 511 ex
1710 481 1821 519 altera,

447 528 551 558 fuerit
566 531 600 558 et
616 528 669 564 sit,
687 538 744 567 per
762 527 1028 566 Appellacionem
1046 525 1213 555 dictorum
1231 524 1371 554 Abbatis
1388 527 1421 554 et
1438 524 1640 562 Conventus,
1658 525 1700 554 ad
1717 524 1821 564 prefa-

447 574 517 601 tam
550 571 683 602 Curiam
717 570 865 610 legitime
895 570 1062 607 devoluta,
1094 567 1403 607 decreverimusque
1438 578 1495 607 pro
1530 577 1681 607 processu
1719 566 1824 597 Cause

448 614 637 654 principalis
676 613 871 653 hujusmodi
904 612 1203 643 transmittendum
1236 611 1314 649 fore,
1350 610 1483 650 justicia
1515 610 1677 641 suadente
1692 620 1699 647 ;
1732 610 1824 640 vobis

448 657 535 687 dicte
553 657 653 688 Curie
669 657 876 693 auctoritate,
895 667 971 687 cum
989 667 1025 686 ea
1041 666 1107 696 qua
1123 655 1218 685 decet
1240 654 1427 684 reverencia
1450 654 1591 684 firmiter
1606 653 1822 694 injungendo,

447 701 645 731 mandamus
670 700 830 740 quatinus
854 703 967 731 totum
992 700 1185 730 Processum
1209 698 1297 728 inter
1320 697 1426 727 dictos
1451 697 1564 727 Partes
1587 707 1697 727 coram
1723 697 1824 735 vobis,

447 747 506 774 aut
525 743 759 774 Commissario
777 746 898 781 vestro,
915 743 1205 783 qualitercumque
1229 741 1381 771 habitum
1399 741 1432 770 in
1449 740 1510 771 hac
1526 744 1628 780 parte,
1647 741 1736 770 dicto
1763 741 1824 770 Do-

447 788 537 817 mino
555 787 693 818 Officiali
710 790 744 817 et
760 787 865 824 nobis,
886 790 946 817 aut
962 786 1016 816 alii
1033 786 1120 816 dicte
1139 785 1237 815 Curie
1257 784 1451 822 Presidenti,
1469 785 1509 814 ad
1528 783 1706 814 Ecclesiam
1724 784 1825 814 Beate

448 830 550 861 Marie
566 831 607 860 de
624 830 776 861 Arcubus
794 830 1051 868 Londoniarum,
1070 828 1220 869 proximo
1233 827 1285 858 die
1298 827 1448 858 Juridieo
1465 830 1539 867 post
1553 827 1690 857 Festum
1705 827 1825 857 Sancte

448 874 548 912 Fidis,
566 874 719 913 Virginis,
738 874 888 913 proximo
904 874 1069 911 futurum,
1086 872 1149 902 sub
1166 871 1271 911 sigillo
1292 874 1402 901 vestro
1428 870 1567 900 fideliter
1584 870 1824 901 transmittatis

446 917 624 948 inclusum.
672 917 721 947 De
745 917 872 955 diebus,
889 927 977 954 vero,
997 915 1195 955 recepcionis
1220 914 1441 951 presencium,
1459 918 1492 943 et
1508 914 1590 953 quid
1606 913 1638 943 in
1658 913 1825 953 premissis

446 961 610 991 duxeritis
633 960 833 998 faciendum,
858 960 986 990 dictum
1010 959 1192 990 Dominum
1218 957 1411 994 Offickxlem,
1435 967 1503 995 nos,
1527 959 1587 987 aut
1610 957 1711 986 alium
1737 957 1825 987 dicte

448 1004 548 1034 Curie
566 1004 803 1041 presidentem,
821 1003 919 1033 dictis
937 1003 988 1033 die
1005 1006 1039 1033 et
1057 1002 1127 1032 loco
1144 1001 1331 1031 certificetis
1349 1011 1404 1039 per
1424 1001 1550 1030 Literas
1568 1004 1692 1030 vestras
1710 1003 1823 1039 paten-

447 1051 505 1085 tes,
545 1047 664 1077 harum
704 1047 821 1077 seriem
859 1045 1251 1077 continentes—Datum
1291 1043 1481 1081 Londoniis‚
1520 1043 1585 1083 vij0
1623 1043 1704 1073 Idus
1743 1044 1825 1074 Julii

445 1091 478 1129 [9
495 1089 604 1131 July],
622 1090 704 1121 A.D.
725 1091 783 1120 ΜΟ.
805 1090 933 1120 CCCmo
949 1087 1231 1129 lxxijd0.—anus
1247 1087 1414 1117 occasione
1438 1085 1600 1124 Mandati,
1618 1089 1730 1117 totum
1748 1087 1823 1117 Pro-

446 1144 573 1164 cessum
592 1135 632 1163 de
649 1144 716 1173 quo
732 1144 832 1173 supra
848 1133 887 1163 fit
904 1133 1041 1169 mencio,
1061 1142 1170 1162 coram
1188 1130 1282 1160 nobis
1298 1133 1332 1160 et
1349 1130 1574 1160 Predecessori
1590 1133 1704 1160 nostro
1721 1129 1822 1160 inme-

447 1178 538 1208 diato
556 1177 721 1213 habitum,
740 1180 774 1206 et
789 1176 822 1206 in
841 1177 992 1216 Registro
1016 1179 1129 1205 nostro
1153 1177 1361 1213 compertum
1386 1172 1450 1212 [the
1473 1173 1574 1203 words
1591 1174 1609 1186 “
1622 1176 1656 1203 et
1672 1173 1823 1213 ejusdem

445 1220 591 1261 presenti
615 1219 854 1250 Certificatorio
877 1230 1005 1249 annexo
1019 1219 1036 1231 ''
1060 1218 1139 1248 have
1162 1218 1233 1248 been
1255 1218 1363 1248 struck·
1385 1221 1440 1247 out
1463 1215 1555 1256 ltere]
1574 1216 1665 1246 vobis
1682 1217 1822 1247 remitti-

446 1274 530 1302 mus,
548 1263 610 1293 sub
627 1263 733 1303 sigillo
750 1266 862 1293 nostro
880 1263 1019 1293 firmiter
1034 1262 1211 1292 inclusum.

403 1307 612 1337 —Processus
627 1306 775 1337 remissus
794 1306 890 1336 Cui-ie
908 1303 1191 1343 (lammari-ensi,—

448 1351 624 1381 Processus
640 1350 771 1380 habitos
788 1349 820 1379 in
840 1350 946 1380 Causa
963 1348 1182 1388 reparacionis
1199 1347 1286 1377 inter
1298 1346 1412 1377 Partes
1429 1345 1593 1385 predictas
1605 1347 1697 1377 vobis
1715 1351 1818 1377 trans-

447 1394 623 1430 mittimus,
641 1393 674 1423 in
691 1393 781 1423 hunc
805 1392 1156 1431 modum,-Inprimis
1180 1389 1412 1420 mandavimus
1428 1389 1615 1419 Venerabili
1634 1391 1736 1428 Patri,
1756 1391 1819 1421 Do-

446 1437 536 1467 mino
554 1436 776 1467 Lichfeldensi
795 1436 965 1476 Episcopo,
984 1435 1221 1465 vicissitudinis
1237 1437 1389 1473 optentu,
1406 1433 1447 1463 ad
1464 1433 1636 1463 citandum
1653 1434 1818 1464 Abbatem

445 1481 644 1520 predictum,
664 1480 726 1509 sul)
742 1479 802 1509 hac
818 1478 1180 1516 forma,——Venerabili‚
1198 1480 1272 1513 etc,
1290 1477 1444 1514 Roberto,
1470 1476 1530 1506 Dei
1554 1477 1660 1516 gracia
1676 1477 1820 1508 Covent·

445 1524 532 1554 rensi
549 1527 581 1553 et
601 1523 820 1553 Lichseldensi
840 1523 1009 1562 Episcopo,
1028 1526 1100 1559 etc.,
1119 1526 1153 1550 uc
1170 1523 1205 1551 in
1218 1522 1357 1559 presenti
1373 1524 1525 1559 quaterno
1537 1523 1683 1559 superius
1692 1520 1820 1560 plenius

444 1569 634 1598 continetur.
684 1566 757 1604 Qui,
776 1566 921 1606 quidem,
940 1565 1143 1595 Venerabilis
1168 1565 1266 1594 Pater
1282 1573 1340 1593 nos
1357 1563 1550 1593 certificavit
1567 1574 1623 1602 per
1639 1574 1714 1594 suas
1731 1564 1818 1594 Lite-

444 1621 505 1648 raS,
522 1610 555 1640 in
574 1610 662 1639 hunc
679 1611 859 1647 modum‚*
874 1610 1075 1645 Reverendo,
1101 1612 1172 1645 etc.‚
1198 1607 1334 1643 Thome,
1350 1606 1413 1636 Dei
1429 1606 1534 1645 gracia
1550 1607 1728 1637 Exoniensi
1745 1607 1818 1646 Epi-

444 1664 549 1693 scopo,
568 1653 743 1689 Robertus,
762 1658 833 1690 etc.,
851 1653 1003 1690 salutem,
1022 1655 1055 1682 et
1071 1652 1194 1681 sincere.
1210 1650 1398 1680 dileccionis
1416 1650 1612 1680 continuum
1637 1650 1818 1681 incremen-

446 1697 706 1727 tun1.—Lite1·as
723 1700 848 1726 vestras
864 1696 917 1736 ij
933 1696 985 1725 die
1003 1694 1123 1725 mensis
1142 1694 1219 1724 Maii
1243 1693 1363 1723 ultimo
1387 1693 1537 1732 preteriti
1553 1693 1746 1733 recepimuS,
1770 1697 1817 1724 te,

444 1751 556 1770 norem
575 1740 633 1779 qui
649 1739 800 1778 sequitur
824 1737 1284 1776 continentes,——Venerabili,
1302 1740 1373 1773 etc,
1392 1736 1527 1773 Thome,
1544 1737 1741 1775 etc.‚—Nos‚
1759 1737 1816 1776 igi-

446 1786 512 1821 tur,
536 1783 577 1813 ad
604 1783 761 1822 premissa
785 1782 968 1821 peragenda
984 1782 1018 1811 in
1034 1781 1117 1821 juris
1141 1779 1327 1810 subsidium
1347 1779 1459 1818 parati,
1479 1780 1623 1819 prefatos
1641 1780 1816 1818 Abbatem,

446 1826 659 1866 personaliter
676 1836 740 1855 non
766 1826 941 1855 inventum
966 1825 997 1854 in
1029 1824 1169 1854 Ecclesia
1193 1822 1413 1854 Conventuali
1440 1823 1629 1852 Monasterii
1646 1823 1686 1852 de
1704 1823 1816 1853 Lilles-

446 1869 535 1899 hulle
553 1868 700 1908 predicti,
718 1873 751 1898 et
770 1868 973 1907 Capitulum,
994 1867 1206 1907 personaliter
1222 1866 1397 1895 inventum
1414 1866 1446 1894 in
1465 1865 1577 1895 eadem
1604 1866 1756 1904 Ecclesia,
1775 1867 1816 1897 ci-

446 1913 509 1942 tari
526 1912 674 1949 fecimus,
692 1912 791 1951 quod,
806 1911 858 1941 die
871 1915 904 1941 et
916 1911 985 1940 loco
999 1910 1207 1950 supradictis,
1222 1919 1330 1939 coram
1345 1909 1445 1946 vobis,
1463 1912 1522 1938 aut
1534 1914 1643 1939 vestro
1657 1909 1817 1940 Commis-

446 1956 539 1992 sario,
558 1966 623 1985 uno
639 1955 690 1984 vel
707 1955 868 1994 pluribus,
886 1957 1107 1991 compareant,
1126 1952 1246 1982 facturi
1263 1955 1297 1981 et
1313 1951 1478 1991 recepturi
1495 1952 1582 1991 quod
1602 1958 1695 1982 tenor
1712 1953 1816 1984 dicta-

445 2009 519 2029 rum
542 1998 724 2028 Literarum
743 1998 845 2033 exigit
861 2001 895 2027 et
912 1997 1058 2037 requirit.
1110 1995 1348 2026 paternitatem
1367 1999 1512 2024 vestram
1529 1997 1740 2025 reverendam
1759 1996 1817 2026 diu

445 2045 618 2072 conservet
633 2041 665 2071 in
680 2041 843 2080 prosperis
860 2040 1036 2070 clemencia
1048 2039 1235 2070 Conditoris
1252 2039 1462 2069 cunctorum!
1490 2039 1613 2068 Datum
1628 2039 1717 2079 apud
1730 2040 1817 2080 Hey-

446 2085 550 2121 wode,
568 2085 673 2115 Nonis
696 2084 789 2114 Junii
814 2083 846 2124 [5
871 2084 986 2122 June],
1014 2083 1094 2113 A.D.
1122 2083 1182 2113 ΜΟ.
1208 2082 1337 2112 CCCmO
1354 2081 1597 2121 septuagesimo
1614 2083 1767 2119 secundo,
1786 2086 1820 2113 et

448 2128 711 2159 Consecracionis
728 2132 838 2157 nostre
852 2126 1151 2156 duodecima—Ac
1165 2125 1404 2164 subsequenter
1417 2125 1502 2155 vices
1514 2129 1642 2155 nostras
1655 2126 1818 2156 commisi-

448 2182 522 2202 mus
541 2175 578 2201 ut
594 2171 848 2208 infrascribitur,
867 2171 899 2200 in
922 2170 1010 2200 hunc
1028 2169 1375 2206 modum—Thomas,
1394 2172 1464 2206 etc,
1484 2168 1651 2208 Magistris
1676 2169 1818 2199 Henrico

448 2215 548 2255 Pyke,
568 2215 712 2244 Waltero
726 2214 766 2243 de
779 2214 963 2251 Bauntone,
982 2216 1015 2242 et
1032 2213 1174 2242 Domino
1191 2211 1335 2241 ,Iohanni
1360 2211 1450 2251 Seys,
1467 2212 1555 2241 dicte
1580 2212 1723 2242 Ecclesie
1747 2223 1816 2242 nos-

445 2263 495 2288 tre
512 2258 695 2295 Canonicis,
713 2257 864 2295 salutem,
882 2256 1076 2287 etcff-Cum
1094 2266 1198 2294 nuper
1218 2254 1401 2284 Venerabili
1424 2255 1456 2284 in
1484 2254 1617 2285 Christo
1636 2256 1734 2293 Patri,
1755 2256 1818 2286 Do-

447 2301 536 2332 mino
555 2302 707 2339 lieberto,
727 2299 787 2330 Dei
804 2300 911 2340 gracia
930 2299 1146 2329 Coventrensi
1170 2302 1205 2328 et
1229 2297 1451 2327 Lichfeldensi
1469 2298 1640 2338 Episcopo,
1657 2298 1819 2338 scripseri—

448 2355 523 2374 mus
551 2344 719 2383 quatinus,
744 2343 806 2373 sub
831 2347 947 2373 mutue
970 2341 1211 2372 vicissitudinis
1234 2344 1376 2380 optentu
1400 2344 1434 2371 et
1457 2341 1491 2370 in
1515 2341 1599 2379 juris
1622 2342 1820 2380 subsidium,

447 2387 612 2418 Abbatem
629 2391 664 2417 et
679 2387 890 2417 Conventum
908 2387 949 2416 de
967 2385 1167 2422 Lilleshulle,
1181 2394 1239 2414 sue
1253 2384 1412 2421 Diocesis,
1426 2384 1526 2414 citare
1539 2384 1661 2414 faceret
1674 2395 1821 2425 peremp-

450 2431 543 2467 torie,
572 2431 612 2460 ad
641 2430 837 2460 instanciam
868 2429 1003 2459 Domini
1033 2428 1169 2458 Walteri
1194 2427 1234 2457 de
1262 2427 1403 2466 Almaly,
1434 2427 1583 2457 Rectoris
1617 2428 1759 2458 Ecclesie
1782 2429 1824 2458 de

448 2473 717 2511 Northmoltone,
735 2473 824 2513 quod
842 2475 1054 2512 compareant
1070 2481 1178 2502 coram
1196 2470 1298 2505 nobiS,
1317 2475 1472 2500 nostrove
1496 2470 1738 2509 Commissario,
1758 2482 1824 2501 uno

450 2528 507 2547 seu
526 2517 685 2556 pluribus,
710 2517 742 2546 in
770 2516 913 2546 Ecclesia
937 2520 1049 2545 nostra
1074 2513 1262 2544 Cathedrali
1287 2513 1423 2551 Exonie,
1442 2513 1590 2553 proximo
1607 2514 1660 2544 die
1675 2514 1825 2544 Juridieo

451 2563 526 2600 post
543 2560 679 2590 Festum
698 2559 812 2590 Sancti
837 2559 995 2597 Barnabe,
1013 2557 1173 2596 Apostoli,
1199 2557 1288 2586 dicto
1312 2557 1456 2586 Domino
1476 2557 1620 2586 waltero
1636 2557 1825 2596 responsuri

451 2614 550 2643 super
578 2603 777 2633 defectubus
800 2602 833 2632 in
860 2602 1020 2638 Cancello,
1047 2600 1163 2637 LibriS,
1187 2603 1222 2630 et
1244 2599 1315 2629 aliis
1344 2599 1566 2638 Ornamentis,
1591 2600 1767 2638 domubus,
1792 2603 1826 2630 et

452 2645 613 2676 clausuris
630 2646 778 2685 ejusdem
799 2645 950 2683 Eeclesie,
968 2647 1069 2684 prout
1085 2644 1117 2673 in
1136 2642 1373 2674 Certificatorio
1390 2642 1471 2672 dicti
1488 2642 1691 2673 Venerabilis
1709 2643 1824 2681 Patris,

452 2689 546 2719 nobis
562 2689 639 2718 inde
655 2689 790 2726 directo,
808 2699 845 2718 ac
863 2688 953 2718 vobis
971 2698 1026 2727 per
1042 2697 1101 2717 nos
1118 2686 1321 2723 transmisso,
1338 2685 1468 2725 plenius
1485 2685 1676 2716 continetur
1693 2696 1700 2723 ;
1724 2686 1825 2724 vobis,

452 2733 492 2762 de
509 2742 651 2772 quorum
675 2731 987 2771 circumspeccioni3‚
1006 2734 1077 2768 etc.,
1094 2729 1300 2769 conjunctim
1316 2732 1351 2759 et
1367 2728 1509 2767 divisim,
1527 2729 1769 2760 committimus
1793 2731 1827 2760 et

454 2775 650 2805 mandamus
677 2774 846 2815 quatinus,
875 2774 944 2804 vice
967 2776 1089 2811 nostra,
1114 2772 1182 2802 viso
1207 2777 1240 2802 et
1264 2772 1434 2802 intellecto
1459 2772 1548 2802 dicto
1574 2772 1824 2810 Certificatorio,
