1987 3062
667 190 1013 235 COMMlssmns,
1053 192 1155 226 Ero.
1584 184 1674 226 149

248 293 382 346 glimo
408 294 587 346 t{Bantia}
615 295 870 347 g’ctillezimu
900 295 1072 340 QIOEOE'W'
1105 294 1230 337 Lxxm
1258 295 1419 347 quinto,
1452 296 1491 337 et
1521 295 1676 340 OEonze-

300 349 509 391 trationis
547 349 727 401 {Homini
764 350 927 402 quinto.

139 434 215 460 A.D.
248 435 453 472 87.-—WEs'r
492 437 739 475 W0RL1NGTON‚
780 438 916 469 R.—T0
959 438 1084 469 Master
1125 437 1272 468 William
1318 437 1408 475 Bide,
1452 437 1572 476 LL.D.‚
1608 439 1673 468 and

138 468 212 528 {2315
292 481 801 520 Official-Principa].—Thomas
829 483 869 512 de
896 481 1049 512 Affetone
1079 481 1145 512 had
1172 481 1348 522 presented
1382 480 1493 512 Robore
1525 481 1671 519 Preclzer,

139 536 180 561 11,
291 524 454 564 chaplain,
473 527 508 555 to
532 524 599 555 this
618 526 775 556 Benefice.
822 526 891 556 The
912 525 1135 565 Commissary
1151 536 1217 556 was
1241 528 1277 555 to
1301 525 1378 555 hold
1402 535 1444 555 an
1468 525 1672 565 Inquisition

138 569 226 595 Arm·
288 578 323 598 as
346 572 381 598 ‘to
405 568 463 598 the
490 578 631 608 vacancy
656 569 722 599 and
745 579 809 609 any
831 569 921 609 right
949 569 1023 599 that
1050 569 1108 599 the
1133 568 1198 599 last
1221 568 1432 607 Incumbent,
1458 568 1511 598 Sir
1537 567 1672 599 Thomas

138 610 191 628 ¹⁴¹3·
294 610 410 642 iVardc
426 611 534 651 might
551 612 633 642 have
649 623 657 649 ;
682 612 746 642 and
763 612 804 643 he
821 623 885 642 was
903 616 937 642 to
954 615 1066 652 report
1083 615 1117 642 to
1134 612 1193 643 the
1210 612 1344 652 Bishop,
1362 612 1436 642 who
1460 612 1612 642 reserved
1636 614 1671 642 to

138 636 198 695 {2ss
290 654 425 685 himself
454 655 512 685 the
544 655 753 694 Institution,
786 659 863 694 ete,
898 656 931 686 of
962 656 1020 687 the
1058 656 1129 686 said
1168 655 1463 687 Robert.-Dated
1493 658 1528 686 at
1560 655 1668 696 Clyst,

291 699 328 729 11
355 698 459 738 April.
505 699 560 729 See
576 709 656 738 page
675 700 726 730 39.

245 752 393 788 88.—To
411 753 463 783 Sir
480 753 624 783 William
641 753 736 791 Scut,
756 753 921 784 sacristan
938 753 972 784 of
988 753 1046 784 the
1062 753 1180 793 King‘s
1204 753 1285 784 Free
1310 753 1435 793 Chapel
1458 752 1492 783 of
1516 753 1671 791 BOSHAM,

289 797 364 834 and,
382 796 414 826 in
433 796 483 827 his
500 797 649 835 absence,
669 800 704 827 to
720 797 876 827 Nicholas
902 797 1099 836 Braybroke,
1118 797 1229 828 Canon
1255 797 1290 827 of
1314 797 1372 827 the
1395 797 1465 826 said
1491 796 1670 836 Chapel.—-

291 840 361 870 The
379 840 468 879 King
484 841 548 870 and
570 840 619 870 his
636 841 865 871 Predecessors
883 840 948 871 had
964 841 1112 871 founded
1129 841 1194 871 and
1219 840 1379 871 endowed
1403 840 1471 870 this
1489 840 1671 880 Collegiate

291 883 434 921 Church,
460 883 635 923 providing
665 884 717 914 for
746 894 765 914 a
797 884 883 914 fixed
915 884 1059 915 number
1089 884 1123 914 of
1151 884 1320 914 Ministers
1349 886 1384 914 to
1408 894 1500 913 serve
1528 883 1668 914 thei-ein.

290 926 423 957 But—‘³
436 937 500 957 non
519 927 589 957 sine
605 927 699 967 gravi
714 927 822 958 cordis
838 927 959 965 dolore,
979 927 1159 958 turbamur
1174 930 1208 958 et
1227 927 1434 967 percutimur
1451 938 1509 967 pro
1528 938 1566 957 eo
1582 927 1673 967 quod

290 970 485 1010 hujusmodi
502 971 553 1010 pia
569 971 704 1001 devocio
717 974 751 1001 et
767 972 904 1001 affectus
917 972 1011 1011 quasi
1028 971 1163 1011 penitus
1180 971 1434 1001 defraudantur.
1473 971 1669 1009 Multorum,

289 1013 466 1054 siquidem,
486 1014 646 1044 relacione
663 1015 838 1054 fidedigna,
856 1025 982 1045 necnon
1008 1014 1140 1054 publica
1155 1014 1243 1044 fama
1260 1015 1433 1052 referente,
1451 1014 1493 1044 ad
1517 1017 1669 1044 nostrum

291 1057 441 1096 pervenit
467 1057 622 1088 auditum
649 1059 739 1098 quod
767 1058 921 1088 nonnulli
945 1058 1126 1098 Oapellarie
1151 1058 1299 1098 predicte
1321 1058 1497 1095 intitulati,
1528 1058 1569 1087 ad
1594 1068 1668 1088 con-

290 1100 420 1130 tinuam
451 1101 664 1131 residenciam
693 1101 838 1141 obligati,
864 1101 981 1132 salutis
1012 1101 1199 1132 animarum
1231 1111 1368 1132 suarum
1403 1101 1507 1139 obliti,
1540 1101 1670 1140 prefata

292 1143 473 1182 Capellaria
490 1144 622 1183 penitus
639 1144 804 1183 derelicta,
818 1145 851 1174 in
869 1144 990 1175 exteris
1007 1145 1136 1184 eligunt
1154 1145 1369 1182 mansionem,
1384 1144 1506 1184 aliique
1524 1145 1669 1175 Vicarios

291 1190 325 1216 et
341 1187 420 1217 alios
437 1188 634 1217 necessarios
652 1188 822 1218 Ministros
838 1188 961 1218 ibidem
980 1198 1099 1228 ponere
1115 1188 1156 1218 ad
1173 1188 1428 1218 deserviendum
1444 1198 1509 1217 non
1527 1191 1646 1218 curant
1662 1199 1670 1225 ;

291 1230 419 1268 domus,
437 1230 572 1268 edificia,
590 1234 623 1261 et
640 1234 748 1261 cetera
764 1232 805 1261 ad
822 1232 960 1261 eandem
979 1231 1182 1271 pertinencia
1201 1234 1313 1271 patere
1329 1231 1434 1261 ruinis
1450 1231 1672 1262 inverecunde

291 1274 525 1312 permittentes
541 1285 549 1311 3
584 1275 726 1312 fructus,
757 1277 881 1312 tamen,
914 1275 1163 1305 Prebendarum
1194 1285 1330 1305 suarum
1362 1278 1395 1305 et
1430 1274 1670 1305 Beneficiorum

290 1317 418 1355 integre
434 1317 634 1357 percipiunt,
651 1321 685 1348 et
701 1318 734 1348 in
751 1328 827 1348 suos
846 1328 924 1348 usus
940 1318 1088 1348 indebite
1104 1322 1319 1356 convertunt,
1345 1318 1502 1358 quodque
1523 1318 1671 1349 deterius

290 1363 341 1390 est
364 1361 554 1398 dicendum,
579 1361 805 1391 ordinaciones
828 1361 880 1391 vel
904 1361 1132 1392 observancias
1156 1372 1214 1401 per
1237 1372 1320 1401 quas
1344 1362 1464 1399 vivere,
1489 1364 1522 1391 et
1546 1361 1669 1392 dictam

293 1403 509 1442 Capellariam
526 1404 638 1434 debite
656 1404 805 1442 officiare,
824 1408 862 1434 ut
879 1408 1047 1442 tenentur,
1065 1415 1130 1435 non
1149 1405 1309 1435 habentes
1328 1408 1428 1444 prout
1445 1406 1576 1435 deceret
1592 1415 1600 1442 ;
1618 1408 1669 1436 set

290 1447 450 1477 dissolute
474 1447 680 1487 clericalique
703 1448 865 1478 modestia
889 1448 1018 1488 abjecta
1041 1448 1228 1478 inordinate
1252 1448 1380 1485 vivunt,
1398 1448 1538 1478 aliorum
1563 1459 1670 1479 mores

290 1490 446 1530 nequiter
468 1491 720 1530 corrumpendo,
742 1491 899 1531 premissa
915 1492 1039 1521 nedum
1064 1492 1231 1530 timentes,
1250 1492 1420 1529 Divinum,
1448 1495 1572 1529 tamen,
1593 1492 1670 1523 Cul-

290 1536 363 1563 tum
381 1536 415 1564 et
432 1534 614 1573 predictam
640 1534 855 1571 Capellariam
881 1535 974 1574 quasi
998 1535 1211 1565 inofficiatam
1235 1535 1395 1565 deserunt
1417 1538 1451 1565 et
1474 1535 1666 1566 dimittunt.

290 1577 449 1607 Nolentes
466 1578 632 1616 premissa,
652 1578 772 1608 Divine
790 1578 975 1618 Majestatis
991 1579 1102 1608 oeulos
1118 1578 1263 1618 graviter
1287 1578 1499 1616 offendenda,
1517 1579 1580 1608 sub
1604 1579 1667 1609 dis-

289 1620 511 1651 simulacionis
528 1621 646 1651 umbra
662 1621 801 1651 transire
818 1621 1009 1660 incorrecta,
1023 1621 1121 1652 sicuti
1139 1632 1198 1652 nec
1211 1621 1371 1651 debemus
1389 1633 1396 1660 ς
1413 1622 1668 1661 considerantes,

288 1666 410 1702 tamen,
428 1664 663 1703 premissorum
680 1665 917 1695 θοι-1000100001
935 1668 968 1695 et
985 1665 1258 1695 reformacionem
1271 1665 1400 1695 debitas
1416 1665 1486 1695 sine
1504 1666 1671 1704 presencia

288 1707 451 1746 personali
479 1707 721 1738 Canonicorum
745 1711 999 1748 ceterorumque
1022 1708 1055 1738 in
1080 1709 1169 1739 dicta
1194 1708 1377 1748 Capellaria
1400 1709 1669 1740 ministrancium

288 1750 442 1781 debitum
465 1761 531 1781 non
556 1762 649 1791 posse
665 1752 776 1782 sortiri
792 1752 947 1782 effectum
963 1751 1086 1792 pariter
1110 1755 1144 1782 et
1160 1755 1314 1791 optatum
1329 1763 1338 1789 3
1362 1752 1483 1782 idcirco
1506 1753 1669 1792 prefatam

289 1793 504 1833 Capellariam
529 1805 604 1825 cum
629 1795 697 1825 suis
721 1795 887 1833 membris,
905 1795 1052 1835 aliosque
1077 1795 1259 1826 Canonicos
1283 1806 1319 1826 ac
1347 1798 1472 1826 ceteros
1500 1796 1670 1827 Ministros

288 1836 448 1877 ejusdem,
460 1837 535 1878 jure
552 1841 666 1869 nostro
683 1838 883 1878 supradicto,
896 1839 1039 1869 Domino
1056 1842 1207 1869 nostrum
1224 1838 1430 1879 adimplente
1447 1839 1666 1879 propositum,

287 1880 445 1911 duximus
462 1881 605 1919 visitare,
623 1885 656 1912 et
673 1893 709 1912 ea
725 1882 885 1922 corrigere
902 1885 936 1912 et
954 1883 1130 1912 emendare
1147 1893 1211 1922 que
1229 1882 1312 1913 inibi
1328 1883 1553 1913 invenerimus
1571 1884 1667 1914 corri-

287 1924 402 1963 genda,
421 1928 535 1955 tenore
560 1925 781 1963 Presencium,
806 1925 974 1956 occasione
998 1926 1166 1965 premissa,
1184 1925 1405 1965 peremptorie
1429 1936 1487 1956 vos
1510 1926 1664 1965 citamus,

287 1978 323 1997 ac
346 1978 460 1998 omnes
484 1971 518 1999 et
541 1969 688 2008 singulos
713 1969 949 2006 Canmficatus,
968 1969 1165 2007 Prebendas,
1184 1969 1307 2007 Officia,
1327 1969 1480 2007 Vicarias,
1498 1980 1557 2000 seu
1582 1971 1664 2001 Can-

287 2010 387 2041 tarias
414 2012 595 2051 Pei-petuas
620 2013 654 2043 in
683 2013 832 2052 predicta
860 2013 1043 2052 Capellaria
1070 2013 1269 2052 optinentes,
1298 2023 1426 2043 necnon
1459 2013 1601 2044 Clericos
1632 2017 1667 2044 et

286 2054 456 2085 Ministros
473 2055 623 2096 ejusdem
643 2055 825 2095 Capellarie
841 2066 954 2086 omnes
971 2059 1006 2086 et
1021 2066 1136 2086 eorum
1153 2057 1310 2096 singulos,
1328 2067 1387 2096 per
1403 2067 1460 2086 vos
1477 2058 1661 2087 communi-

285 2100 337 2128 ter
352 2098 403 2128 vel
419 2098 562 2129 alterum
580 2102 729 2129 vestrum
747 2099 879 2129 divisim
897 2100 990 2130 citari
1007 2100 1162 2130 volumus
1185 2103 1219 2130 et
1243 2100 1441 2130 mandamus
1464 2100 1553 2140 quod
1577 2110 1664 2131 com-

284 2142 425 2181 pareatis
448 2145 483 2172 et
506 2146 727 2182 compareant,
751 2146 1006 2183 compareatque
1029 2153 1144 2173 eorum
1168 2143 1311 2182 quilibet
1343 2143 1568 2183 personaliter,
1594 2154 1662 2174 ces-

133 2181 183 2208 f01·
204 2183 244 2208 25·
281 2187 375 2215 sante
391 2186 555 2216 Canonico
571 2186 822 2226 impedimentO,
841 2196 951 2216 coram
975 2186 1068 2216 nobis
1086 2186 1137 2216 vel
1161 2186 1283 2216 nostris
1306 2186 1340 2216 in
1364 2186 1425 2216 hac
1448 2189 1542 2226 parte
1567 2187 1662 2217 Com-

285 2227 451 2266 missariis,
482 2229 515 2259 in
545 2229 655 2260 011010
687 2230 802 2260 Libere
827 2229 1008 2269 Capellarie
1032 2230 1188 2269 predicte,
1214 2230 1267 2260 die
1293 2230 1386 2259 Lune
1410 2230 1562 2269 proximo
1586 2234 1662 2269 post

285 2315 434 2354 proximo
450 2315 616 2354 futurum,
634 2327 740 2354 mane,
764 2326 855 2346 more
878 2317 918 2346 de
941 2316 1016 2356 jure
1040 2316 1153 2346 debito
1175 2326 1233 2346 seu
1258 2319 1426 2353 consueto,
1451 2316 1575 2346 ibidem
1601 2318 1659 2347 Ca-

286 2358 473 2397 pitulariter
489 2360 686 2399 congregati,
704 2359 900 2399 hujusmodi
916 2359 1127 2390 Visitacionis
1144 2359 1298 2390 Officium
1315 2358 1488 2389 humiliter
1504 2360 1659 2398 subituri,

283 2403 318 2431 et
333 2401 439 2432 eidem
463 2402 617 2442 plenarie,
642 2406 742 2443 prout
763 2402 818 2443 jus
842 2406 876 2433 et
899 2403 1106 2433 consuetudo
1130 2402 1278 2442 exigunt⁷
1296 2402 1446 2441 parituri,
1464 2403 1660 2443 Literasque

282 2445 519 2476 testimoniales
536 2446 699 2477 Ordinum
716 2456 852 2477 suorum
869 2457 905 2476 ac
923 2446 1187 2477 Canonicatuum
1212 2448 1245 2476 et
1269 2445 1529 2484 Prehendarum,
1547 2446 1657 2477 Offici—

285 2497 389 2526 orum,
413 2488 627 2528 Vicariarum,
656 2493 690 2521 et
717 2489 948 2520 Cant-aliarum
979 2489 1020 2519 ad
1049 2489 1166 2519 titulos
1193 2499 1270 2519 suos
1300 2489 1468 2527 facientes,
1494 2492 1594 2529 prout
1616 2490 1659 2520 ad

283 2531 413 2561 eosdem
430 2533 652 2563 communiter
667 2543 725 2563 seu
742 2532 873 2563 divisim
892 2532 1037 2571 pertinet
1053 2532 1086 2562 in
1104 2543 1140 2562 ea
1158 2535 1251 2572 parte
1275 2532 1446 2572 sigillatim
1463 2533 1654 2572 exhibituri,

283 2576 317 2604 et
332 2584 424 2605 veras
439 2576 557 2615 copias,
574 2576 661 2606 facta
684 2576 775 2616 prius
792 2576 968 2606 collacione
992 2575 1105 2606 debita
1127 2576 1168 2606 de
1191 2575 1325 2613 eisdem,
1344 2586 1454 2606 coram
1478 2577 1599 2607 nostris
1623 2577 1657 2607 in

284 2627 320 2646 ea
351 2620 444 2657 parte
474 2619 685 2659 deputandis,
716 2630 816 2660 penes
854 2619 1045 2659 Registrum
1084 2618 1216 2649 realiter
1253 2618 1432 2657 dimissuri,
1468 2619 1657 2660 facturique

283 2659 423 2691 ulterius
439 2664 473 2692 et
487 2663 653 2702 recepturi
668 2673 767 2703 super
779 2663 851 2700 hiis,
868 2673 945 2693 cum
961 2662 1213 2693 continuacione
1229 2665 1262 2693 et
1278 2662 1510 2703 prorogacione
1527 2663 1657 2694 dierum

284 2706 318 2732 et
333 2703 478 2735 locorum
495 2708 577 2736 tunc
592 2706 817 2746 sequencium,
836 2706 925 2746 quod
944 2705 1115 2737 Oanonicis
1131 2706 1165 2735 in
1182 2706 1243 2736 hac
1260 2709 1353 2746 parte
1376 2706 1531 2737 convenit
1554 2706 1655 2737 Insti-

283 2746 368 2777 tutis
397 2750 431 2778 et
459 2748 501 2778 ad
527 2749 793 2780 observacionem
821 2749 1079 2780 Ordinacionum
1111 2751 1146 2779 et
1178 2749 1471 2780 Consuetudinurn
1501 2749 1654 2790 ejusdem

284 2788 401 2820 Libere
428 2790 608 2832 Capellarie
630 2792 815 2824 dinoscitur
838 2792 1009 2833 pertinere.
1057 2791 1170 2831 Vobis,
1196 2792 1308 2831 eciam,
1332 2795 1367 2823 et
1390 2792 1546 2833 Capitulo
1570 2803 1655 2824 com-
