1987 3062
314 224 409 268 290
509 236 608 269 ΤΗΕ
643 237 886 271 REGISTER
921 238 981 269 oF
1013 238 1191 271 BISHOP
1222 239 1634 273 BRANTYNGHAM.

310 337 386 384 Α-Ρ·
424 341 521 380 Item,
549 352 663 373 omnes
690 342 738 373 illi
764 342 823 384 qui
848 343 1128 384 tranquillitatem
1152 343 1240 383 pacis
1263 344 1398 375 Domini
1421 345 1528 375 nostri
1551 344 1650 384 Regis
1673 347 1708 376 et
1732 344 1838 384 Regni

309 373 411 431 &5131
466 385 584 424 Anglie
600 386 759 426 injuriose
776 387 970 426 perturbare
993 390 1214 426 presumunt3
1238 387 1326 418 inter
1348 398 1431 428 quos
1454 388 1672 428 intelligimus
1695 388 1840 418 latrones

411 425 419 434 ⁸
466 428 615 468 publicos
631 439 744 460 omnes
762 429 886 470 pariter
901 432 935 460 et
951 431 1119 469 predones.

422 473 519 511 Item,
536 482 650 502 omnes
666 472 713 503 illi
730 472 788 512 qui
804 472 924 502 falsum
942 473 1118 512 perhibent
1135 473 1375 512 testimonium,
1393 474 1445 505 vel
1463 474 1627 514 perhiberi
1646 476 1834 514 procurant,

464 518 499 546 et
514 515 572 555 qui
588 515 671 546 tales
687 518 789 546 testes
813 516 953 546 scienter
976 516 1168 556 producunt
1184 517 1234 547 vel
1257 517 1443 548 subornant
1465 519 1499 548 in
1525 518 1631 548 Causa
1654 517 1812 549 Judiciali
1830 527 1837 555 ;

465 558 532 596 ubi,
556 558 718 597 videlicet,
742 559 854 599 agitur
879 562 994 590 contra.
1024 560 1285 599 matrimonium,
1310 560 1362 590 vel
1394 560 1451 591 ubi
1481 560 1592 600 agitur
1622 561 1663 591 ad
1694 560 1837 600 alicujus

463 601 763 632 exheredacionem.

312 644 369 675 [fol.
421 646 517 683 Item,
535 655 648 675 omnes
665 645 711 675 illi
727 645 785 685 qui
801 644 835 675 in
853 645 968 677 Causis
992 646 1292 677 matrimonialibus
1315 647 1479 677 maliciose
1501 646 1628 686 aliquid
1652 649 1836 686 opponunt,

312 678 366 708 3⁷⁴]
464 688 516 719 vel
532 688 652 728 opponi
670 691 858 727 procurant,
875 699 916 719 ne
932 699 1009 719 vera
1026 689 1235 720 matrimonia
1251 690 1404 720 debitum
1421 689 1607 720 sorciantur
1622 690 1789 720 effectum.

421 732 518 770 Item,
529 741 643 761 omnes
660 731 707 761 illi
723 731 781 771 qui
794 731 980 762 Libertates
996 736 1030 762 et
1041 733 1176 763 Liberas
1190 733 1466 772 Consuetudines,
1478 743 1543 773 que
1555 733 1589 763 in
1605 733 1723 772 Magna
1736 733 1836 764 Carta

466 774 585 814 Anglie
608 777 642 805 et
665 774 699 805 in
724 775 825 806 Carta,
847 775 888 805 de
912 775 1048 806 Foresta
1064 776 1288 814 continentur,
1305 786 1516 816 quacumque
1537 780 1608 807 arte
1631 776 1683 806 vel
1705 776 1836 815 ingenio

464 817 672 855 violaverint,
685 817 891 857 infregerint,
905 819 1135 856 diminuerint,
1149 830 1207 850 seu
1226 820 1442 858 mutaverint,
1455 819 1554 858 facto,
1569 820 1680 857 verbo,
1698 819 1748 849 vel
1759 829 1833 849 con-

464 861 536 892 silio
549 870 556 896 ;
574 861 608 891 in
625 871 700 900 qua,
715 861 860 901 quidem,
876 862 975 892 Carta
991 862 1032 892 de
1046 862 1191 900 Foresta‚
1205 862 1295 893 inter
1310 866 1436 893 ceteros
1452 863 1630 901 Articulos,
1643 862 1836 892 continetur

463 904 554 944 quod
564 904 700 943 scotalli,
712 904 791 934 alias
804 904 939 944 AngliCe
951 905 1071 936 bedales
1083 906 1199 944 vocati,
1212 906 1371 936 facientes
1381 906 1508 946 garbas,
1521 916 1579 936 seu
1592 906 1671 936 alias
1682 906 1835 936 collectas

462 957 690 988 quascumque
706 947 896 987 colligentes
912 958 969 978 seu
994 948 1199 988 recipientes,
1217 952 1317 988 prout
1340 949 1373 979 in
1398 949 1488 979 dicta
1511 949 1611 980 Carta
1634 950 1675 979 de
1701 949 1836 978 Foresta

463 990 680 1021 effectualiter
692 991 1053 1029 continetu1·‚-nullus
1066 992 1259 1022 forestarius
1273 992 1324 1023 vel
1338 992 1487 1023 bedellus
1501 992 1603 1023 faciat
1616 992 1771 1022 scotallas
1785 992 1836 1021 vel

462 1033 595 1074 colligat
625 1033 749 1073 garbas,
773 1034 824 1064 vel
853 1034 999 1074 aliquam
1031 1035 1259 1066 colleccionem
1290 1035 1547 1076 faciat,—juxta
1577 1035 1835 1065 declaracionem

464 1077 547 1107 bone
578 1077 736 1107 memorie
767 1077 944 1115 Bonefacii,
970 1078 1140 1117 quondam
1171 1078 1420 1109 Cantuariensis
1452 1078 1706 1118 Archiepiscopi,
1735 1078 1836 1108 titulo

464 1120 513 1151 De
528 1119 672 1157 scotallis,
689 1120 835 1159 capitulo
848 1121 1112 1152 Prohibicionem.
1159 1121 1228 1160 [See
1241 1121 1426 1161 Spelman's
1441 1121 1609 1162 Glossary,
1625 1132 1681 1152 s.v.
1697 1122 1831 1151 Scotala,

462 1163 541 1194 This
558 1163 684 1194 Article
700 1163 758 1193 has
776 1163 858 1193 been
876 1164 1074 1203 unskilfully
1091 1165 1259 1195 corrected
1283 1165 1349 1194 and
1373 1164 1433 1194 left
1458 1165 1490 1195 in
1510 1175 1528 1194 a
1544 1165 1704 1195 confused
1721 1164 1835 1203 state.]

418 1207 515 1245 Item,
526 1206 575 1237 illi
587 1206 647 1246 qui
660 1216 757 1236 causa
770 1206 890 1246 refugii
902 1207 942 1237 ad
957 1207 1146 1245 Ecclesiam,
1161 1207 1383 1245 Cimiterium,
1397 1207 1447 1238 vel
1463 1208 1657 1238 Claustrum
1669 1207 1836 1247 fugientes

460 1250 538 1280 inde
554 1249 717 1280 violenter
732 1249 964 1288 abstraxerint,
983 1250 1035 1280 vel
1051 1261 1166 1281 eorum
1183 1251 1287 1282 victui
1310 1251 1492 1281 necessaria
1516 1251 1758 1291 prohibuerint,
1776 1255 1836 1281 aut

459 1303 511 1323 res
527 1293 694 1332 depositas
709 1293 744 1322 in
760 1293 884 1324 eisdem
912 1293 1077 1324 maliciose
1100 1295 1342 1333 asportaverint
1358 1292 1411 1324 vel
1427 1294 1588 1334 asportari
1611 1295 1760 1333 fecerint,
1778 1297 1838 1325 aut

460 1336 582 1367 factam
598 1335 859 1376 asportacionem
882 1339 989 1367 ratam
1012 1336 1203 1376 habuerint,
1221 1348 1279 1368 seu
1295 1338 1545 1378 asportantibus
1567 1338 1739 1376 auxilium,
1763 1348 1837 1368 con-

460 1380 582 1418 silium,
600 1379 651 1409 vel
667 1389 838 1410 assensum
855 1379 1059 1420 prebuerint.

416 1423 514 1461 Item,
543 1433 658 1453 omnes
684 1422 832 1462 violenti,
858 1423 893 1454 in
919 1433 996 1454 casu
1020 1434 1039 1454 a
1064 1423 1139 1464 jure
1163 1434 1229 1454 non
1256 1423 1425 1464 permisso,
1449 1424 1483 1455 in
1508 1423 1650 1455 Clericos
1673 1434 1835 1455 manuum

459 1465 646 1507 injectores.

417 1510 514 1547 Item,
530 1519 644 1540 omnes
660 1508 883 1540 Ecclesiarum
898 1509 1101 1548 incendiarii,
1119 1512 1154 1541 et
1171 1510 1318 1551 ipsarum
1333 1510 1564 1542 confractores.

415 1553 514 1591 Item,
532 1562 646 1583 omnes
663 1563 816 1592 agrorum
840 1553 1102 1593 depopulatores,

415 1596 512 1635 Item,
530 1606 644 1626 omnes
660 1595 708 1626 illi
724 1595 783 1635 qui
798 1596 839 1626 de
856 1596 1031 1635 domubus,
1049 1597 1211 1635 maneriis,
1229 1597 1382 1637 grangiis,
1401 1597 1513 1637 parcis,
1529 1596 1646 1635 boscis,
1662 1597 1833 1636 warennis,

458 1639 600 1678 vivariis,
623 1642 684 1669 aut
706 1639 778 1669 aliis
801 1639 879 1670 locis
902 1640 1169 1680 quibuscumque
1193 1641 1234 1670 ad
1257 1640 1538 1681 Archiepiscopos,
1568 1641 1757 1680 Episcopos,
1783 1641 1834 1671 vel

456 1682 535 1713 alias
552 1683 711 1712 Personas
728 1682 972 1713 Ecclesiasticus
996 1683 1253 1723 pertinentibus,
1282 1684 1473 1724 quicquam,
1493 1687 1603 1724 preter
1618 1684 1831 1714 dominorum

457 1725 646 1756 voluntates
662 1735 721 1756 seu
737 1726 914 1756 custodum
930 1727 1121 1766 eorundem,
1135 1737 1336 1766 consumere,
1355 1730 1559 1758 contractare
1573 1728 1836 1767 presumpserint

458 1771 516 1799 aut
533 1768 671 1799 auferre.

416 1812 514 1850 Item,
539 1821 653 1842 omnes
679 1811 729 1842 illi
754 1811 813 1851 qui
842 1811 994 1851 Clericos,
1020 1812 1152 1852 publice
1177 1823 1215 1843 ac
1238 1813 1368 1843 notorie
1396 1824 1454 1853 pro
1481 1812 1615 1844 Clericis
1643 1812 1774 1843 habitos
1800 1817 1835 1844 et

457 1858 639 1894 reputatos,
657 1855 697 1885 de
713 1855 850 1885 crimine
866 1865 931 1885 non
948 1855 1113 1885 confessos
1124 1866 1184 1886 nec
1196 1856 1372 1894 convictos,
1389 1866 1449 1886 nec
1466 1856 1631 1887 Canonice
1643 1856 1832 1896 indictatos,

456 1898 621 1928 maliciose
643 1898 863 1938 proscribunt,
881 1898 1056 1937 banniunt,
1073 1898 1219 1938 capiunt,
1237 1899 1288 1929 vel
1304 1902 1452 1930 arestant
1469 1902 1502 1929 et
1519 1899 1672 1930 detinent
1695 1900 1829 1939 invitos,

456 1944 516 1971 aut
531 1940 644 1972 taliter
660 1941 800 1980 banniri,
817 1941 984 1981 proscribi,
1001 1942 1138 1972 arestari
1156 1942 1205 1972 vel
1223 1942 1304 1982 capi,
1321 1945 1380 1973 aut
1397 1942 1539 1972 detineri
1562 1946 1753 1982 procurant,
1771 1946 1832 1974 aut

457 1984 515 2025 qui
539 1984 706 2015 voluerint
728 1984 818 2014 abire
844 1984 945 2015 libere
971 1995 1037 2014 non
1064 1984 1277 2025 permittunt,
1301 1988 1362 2016 aut
1385 1986 1458 2016 illos
1481 1996 1521 2016 ex
1544 1986 1611 2015 odii
1638 1985 1756 2017 fomite
1780 1986 1832 2017 vel

457 2027 585 2057 racione
601 2027 747 2058 vindicte
762 2030 918 2058 accusant
934 2037 992 2058 seu
1008 2029 1153 2058 accusari
1170 2031 1358 2068 procurant.

414 2070 512 2108 Item,
544 2080 658 2101 omnes
683 2071 940 2111 Sequestrorum
974 2071 1126 2110 Episcopi
1157 2074 1192 2101 et
1223 2071 1378 2103 Officialis
1409 2071 1561 2113 ejusdem
1585 2072 1771 2111 violatores,
1796 2082 1833 2103 ac

456 2114 475 2143 J
480 2113 731 2144 urisdiccionem
745 2113 952 2144 Ordinariam
970 2114 1212 2154 perturbantes.

412 2157 509 2195 Item,
534 2167 647 2187 omnes
670 2156 719 2187 illi
742 2157 798 2197 qui
822 2157 929 2196 gracia
951 2157 1043 2196 lucri,
1068 2157 1144 2196 odii,
1167 2157 1218 2188 vel
1234 2157 1364 2196 favoris,
1382 2157 1527 2198 aliquem
1550 2158 1716 2189 maliciose
1739 2158 1830 2189 diffa-

454 2200 620 2231 maverint
636 2200 676 2230 de
692 2200 829 2230 erimine
845 2199 886 2230 de
902 2210 968 2240 quo
984 2200 1077 2240 prius
1090 2210 1156 2231 non
1169 2204 1240 2232 erat
1252 2201 1453 2240 diffamatus,
1472 2205 1512 2232 ut
1528 2201 1574 2232 sic
1590 2202 1710 2232 saltem
1723 2202 1830 2232 eidem

455 2243 611 2283 purgacio
626 2243 802 2282 indicatur,
820 2243 871 2273 vel
889 2244 951 2273 alio
968 2244 1066 2274 modo
1082 2247 1249 2283 gravetur.

411 2286 508 2323 Item,
529 2296 642 2316 omnes
658 2286 707 2317 illi
721 2286 780 2327 qui
795 2286 994 2325 impediunt,
1010 2297 1068 2317 seu
1085 2287 1237 2327 impediri
1254 2290 1442 2327 procurant,
1462 2287 1607 2318 Ultimas
1630 2287 1830 2319 Voluntates

452 2329 700 2368 defunctorum,
724 2330 897 2370 presertim
920 2329 954 2360 in
978 2329 1041 2360 hiis
1071 2340 1137 2371 que
1159 2331 1200 2361 de
1222 2330 1307 2371 jure,
1339 2334 1478 2370 statutO,
1511 2331 1563 2361 vel
1590 2331 1831 2362 consuetudine

455 2373 556 2413 legari
571 2375 720 2413 possunt.

412 2415 509 2454 Item,
541 2426 655 2446 omnes
685 2415 734 2446 illi
763 2416 822 2456 qui
852 2415 886 2446 in
918 2416 1004 2447 Loco
1027 2415 1200 2457 supposito
1230 2416 1416 2448 Interdicto
1446 2427 1652 2458 quemquam
1682 2417 1830 2457 cogerint

454 2458 575 2489 Divina
591 2459 705 2490 Officia
721 2458 893 2490 celebrare.

412 2501 509 2540 Item,
527 2512 640 2532 omnes
656 2502 818 2542 suspensi,
837 2502 888 2532 vel
904 2502 1102 2533 nominatim
1126 2503 1414 2540 excommunicati,
1434 2503 1638 2542 denunciati,
1663 2506 1698 2534 et
1713 2514 1732 2534 a
1748 2503 1830 2534 cele-

453 2545 627 2575 brantibus
644 2546 777 2575 Missam
794 2548 834 2576 ut
849 2548 970 2576 exeant
986 2546 1114 2584 moniti,
1129 2545 1215 2586 [qui]
1228 2546 1351 2576 ibidem
1370 2547 1635 2586 presumpserint
1650 2557 1830 2578 remanere.

408 2588 505 2626 Item,
523 2598 637 2619 omnes
653 2588 701 2618 illi
717 2588 776 2628 qui
791 2589 825 2618 in
842 2588 1012 2628 gradubus
1029 2589 1327 2629 consanguinitatis
1343 2594 1378 2620 et
1394 2589 1576 2628 affinitatis,
1593 2593 1709 2620 contra
1723 2590 1828 2620 Inter-

452 2631 582 2661 dictum
600 2631 752 2671 Ecclesie,
769 2634 829 2662 aut
845 2642 920 2662 cum
938 2631 1147 2672 Monialibus,
1163 2632 1306 2663 scienter
1322 2633 1362 2663 de
1379 2632 1467 2663 facto
1484 2633 1737 2664 matrimonium
1753 2643 1828 2663 con-

453 2674 626 2706 traxerint.

408 2716 506 2755 Item,
523 2726 637 2747 omnes
659 2717 800 2747 usurarii
823 2717 1016 2756 manifesti3
1040 2720 1075 2749 et
1091 2718 1173 2748 tales
1194 2728 1260 2748 non
1285 2718 1410 2749 debent
1432 2718 1567 2758 absolvi,
1585 2718 1650 2749 nisi
1673 2718 1765 2759 prius
1788 2718 1830 2748 de

451 2759 564 2789 nsuria
586 2763 717 2799 recepta.
742 2760 964 2791 satisfecerint
986 2764 1223 2801 competenter,
1246 2760 1345 2802 juxta
1372 2762 1550 2793 facultates
1580 2772 1681 2800 sua's3
1705 2772 1765 2792 nec
1788 2761 1829 2791 ad

449 2802 657 2843 sepulturam
676 2803 898 2834 Christianam
916 2804 1040 2835 debent
1055 2804 1201 2835 admitti.
