1987 3062
293 211 384 254 186
489 221 587 254 THE
623 220 862 254 Rneisrniz
897 220 956 253 or
991 219 1167 254 BISHOP
1202 219 1600 255 BRANTYNGHAM.

288 323 363 383 {³33
438 326 613 357 Tavistock
637 327 701 357 aud
730 310 883 357 Baldwin
906 326 1114 365 Langedone,
1141 324 1206 355 and
1229 324 1382 365 required
1410 325 1467 356 the
1491 325 1614 366 Bishop
1646 329 1681 356 to
1706 327 1814 357 admit

289 365 362 417 Vcilss'
440 370 662 400 whomsoever
693 370 733 400 he
771 370 891 400 should
929 368 1240 409 present—Tested
1270 372 1306 398 at
1337 369 1579 407 XVestminster,
1612 369 1656 410 by
1688 370 1738 400 W.
1772 371 1813 400 de

290 425 329 450 11,
442 414 669 453 Fyndxedene,
688 414 705 444 8
724 413 914 452 July‚—See
930 413 992 443 No.
1014 413 1064 442 13.

397 478 702 514 27.-—Consultaei0
718 479 830 509 Brevis
846 480 994 517 superius
1010 478 1190 517 expressati,
1204 477 1346 507 videlicet
1361 479 1398 506 in
1414 477 1456 517 ij0
1467 476 1550 516 folio
1566 477 1742 516 precedenti
1760 478 1817 514 (see

443 523 503 552 No.
534 522 731 559 12).——Quia
759 533 815 560 per
842 521 1114 552 certificacionem
1138 520 1249 550 dilecti
1273 524 1306 550 et
1331 520 1436 550 fidelis
1461 520 1574 558 nostri,
1592 521 1750 551 Willelmi
1774 522 1815 551 de

441 565 670 604 Fynchedene,
696 565 855 604 Capitalis
878 564 1058 595 Justiciarii
1084 563 1189 594 nostri
1213 563 1253 593 de
1286 564 1394 593 Banco
1417 566 1540 600 nostro,
1565 563 1659 593 nobis
1683 567 1814 594 constat

440 609 529 648 quod
547 609 677 638 nullum
696 608 859 638 Placitum
886 607 1008 646 pendet
1031 607 1063 637 in
1090 606 1189 637 Curia
1214 610 1334 644 nostra,
1353 616 1460 636 coram
1479 606 1549 645 ipso
1565 610 1599 636 et
1616 607 1719 637 Sociis
1735 608 1813 646 suis,

439 652 638 682 Justiciariis
664 652 784 681 nostris
807 652 847 680 de
871 651 980 681 Banco
1001 650 1158 689 predicto,
1183 649 1270 679 inter
1295 660 1353 679 nos
1377 654 1410 679 et
1435 650 1602 688 prefatum
1628 650 1813 690 Principem

441 694 585 733 [Wallie]
602 695 642 725 de
659 694 886 724 Advocacione
911 694 1069 733 predicta,
1090 696 1128 723 ut
1144 697 1195 723 est
1218 693 1368 727 dictum;
1395 693 1486 722 vobis
1504 693 1702 723 mandamus
1725 694 1814 733 quod

439 739 472 768 id
489 739 577 777 quod
596 739 635 767 ad
654 738 807 768 Officium
826 741 975 767 vestrum
992 737 1023 766 iu
1043 737 1103 766 hac
1119 740 1212 776 parte
1229 735 1388 766 noveritis
1413 735 1588 774 pertinere,
1606 736 1707 766 libere
1724 747 1813 766 exer-

441 782 550 819 ceatis,
564 781 792 811 Prohibicione
809 784 922 810 nostra
939 791 1003 810 non
1021 779 1350 810 obstante.—Tested
1366 782 1401 808 at
1413 779 1657 817 westminster,
1670 780 1709 810 10
1722 780 1814 820 July.

440 825 615 863 [Benedict
631 825 671 854 de
689 824 813 864 Eresby
833 834 896 853 was
912 824 1003 861 inst.,
1018 824 1056 854 28
1074 823 1156 863 July
1172 834 1179 853 ε
1204 833 1248 853 see
1266 833 1346 862 page
1363 822 1429 861 21]

398 889 552 926 28.—De
568 888 672 919 renire
690 888 846 928 faciendo
863 888 1043 919 Jolzannem
1069 888 1173 927 Hytte,
1200 887 1367 918 Vicarium
1384 886 1515 918 Ecclesie
1530 887 1568 918 de
1588 887 1816 927 Bysclwpstau-

443 938 521 971 tone,
539 937 566 963 et
586 933 666 963 Hem
677 935 757 963 icum
780 932 873 970 Wale,
890 933 1044 962 Rectorem
1061 931 1098 961 de
1115 931 1404 961 Nortlztfautnne.—
1412 930 1474 961 lee
1488 930 1606 969 Bislwp
1620 936 1649 960 to
1662 930 1710 961 che
1725 930 1817 962 Dean

442 977 490 1015 [of
514 976 571 1006 the
596 976 762 1015 Deanery]
786 975 825 1014 of
845 975 1055 1013 Chulmleiyh,
1074 975 1213 1013 sending
1230 974 1298 1004 him
1316 974 1373 1004 the
1399 973 1516 1013 King’s
1532 973 1618 1003 Writ
1636 974 1759 1012 (tested
1782 978 1818 1005 at

442 1019 686 1057 Westmiuster,
712 1019 755 1058 by
780 1019 815 1048 T.
844 1019 885 1048 (le
913 1018 1096 1055 Lodelowe,
1122 1017 1161 1050 17
1185 1017 1292 1057 July),
1318 1021 1352 1047 to
1375 1017 1433 1047 the
1459 1017 1628 1056 following
1652 1017 1747 1047 effect
1765 1028 1816 1048 2——

444 1063 461 1077 “
476 1063 560 1101 Quia
578 1062 747 1092 Johanncs
766 1062 871 1099 Hitte,
890 1062 1042 1092 Vicarius
1060 1061 1202 1091 Ecclesie
1219 1061 1260 1090 de
1279 1060 1628 1099 Bishchopestautone,
1646 1063 1681 1090 et
1698 1061 1817 1091 Henri-

441 1117 498 1136 cus
518 1106 630 1143 Walle,
649 1106 792 1135 Persona
810 1105 952 1135 Ecclesie
968 1105 1008 1134 de
1025 1104 1286 1141 Northtautone,
1304 1103 1411 1134 clerici
1428 1106 1462 1133 et
1479 1103 1664 1134 beneficiati
1680 1107 1762 1134 sunt
1785 1104 1819 1134 in

446 1149 571 1179 Diocesi
589 1153 706 1184 vestra,
724 1148 854 1178 nullutn
874 1148 1032 1178 habentes
1049 1147 1169 1177 laicum
1186 1147 1321 1176 feodum
1339 1157 1396 1186 per
1412 1147 1500 1186 quod
1526 1149 1667 1186 possunt
1683 1146 1818 1177 distrin-

442 1193 483 1232 gi,
501 1195 599 1231 prout
618 1192 796 1222 Nicliolaus
812 1191 995 1232 VVhytyng,
1014 1191 1201 1220 Vicecomes
1219 1193 1331 1220 noster
1349 1189 1536 1220 Comitatus
1554 1190 1699 1219 Devonie
1716 1197 1819 1221 retor-

442 1236 535 1266 navit
551 1236 591 1265 ad
609 1235 815 1266 Scaccarium
832 1240 995 1272 nostrum,
1013 1245 1031 1264 a
1047 1234 1100 1264 die
1117 1233 1230 1264 Sancti
1247 1233 1408 1263 Johannis
1434 1232 1582 1272 Baptiste
1605 1233 1725 1263 ultimo
1749 1244 1819 1273 pre-

442 1279 540 1309 terita
558 1279 589 1308 in
608 1289 651 1308 xv
668 1278 737 1308 dies
755 1288 761 1315 3
781 1278 872 1308 vobis
891 1278 1087 1307 mandamus
1104 1277 1193 1316 quod
1211 1276 1321 1306 venire
1338 1276 1437 1306 facias
1454 1286 1562 1305 coram
1581 1276 1766 1306 Baronibus
1780 1278 1820 1307 de

444 1322 609 1353 Scaccario
634 1324 759 1359 nostro,
785 1321 873 1361 apud
898 1320 1243 1357 Westmonasterium,
1268 1320 1300 1349 in
1326 1319 1469 1349 crastino
1493 1319 1607 1350 Sancti
1640 1319 1819 1358 Michaelis,

442 1366 608 1405 prefatum
627 1365 813 1396 Johannem
843 1365 946 1402 Hitte,
971 1365 1011 1394 ad
1036 1364 1303 1403 respondendum
1321 1366 1355 1393 et
1371 1362 1642 1392 satisfaciendum
1660 1363 1755 1393 nobis
1779 1364 1820 1393 de

443 1420 459 1439 c
476 1409 590 1438 solidis
606 1409 646 1438 de
664 1408 772 1448 precio
789 1407 889 1437 unius
907 1407 983 1447 equi
1000 1407 1106 1447 grisei,
1124 1406 1182 1446 qui
1204 1406 1272 1436 fuit
1298 1406 1428 1436 Rieardi
1454 1405 1696 1444 Chambernon,
1715 1417 1821 1446 nuper

441 1452 652 1482 Vicecomitis
671 1451 859 1482 Comitatus
877 1451 1025 1490 predicti,
1043 1451 1095 1480 die
1113 1461 1179 1490 quo
1196 1450 1286 1488 obiit,
1306 1452 1340 1480 et
1353 1449 1410 1489 qui
1427 1452 1501 1489 post
1514 1452 1655 1479 mortem
1669 1449 1820 1489 ejusdem

446 1495 575 1526 Ricardi
594 1495 634 1524 ad
652 1505 770 1524 manus
788 1494 908 1534 prefati
932 1494 1096 1525 Johanuis
1120 1493 1264 1531 devenit,
1289 1496 1389 1532 prout
1413 1503 1470 1532 per
1493 1492 1661 1532 quandam
1678 1493 1819 1533 Inquisi-

442 1539 569 1568 cionem
587 1538 662 1568 inde
680 1548 787 1568 coram
804 1537 930 1568 Tlioma
947 1538 987 1567 de
1004 1537 1166 1574 Affetone,
1185 1547 1290 1576 nuper
1308 1536 1518 1566 Viceeomitis
1538 1535 1725 1566 Comitatus
1749 1547 1819 1575 pre-

443 1582 533 1620 dicti,
552 1582 593 1611 de
611 1582 770 1612 Mandato
788 1584 900 1611 nostro
918 1584 1059 1620 captam,
1076 1583 1110 1610 et
1127 1580 1166 1609 ad
1185 1580 1313 1610 dictum
1328 1579 1533 1609 Scaccarium
1548 1582 1699 1609 nostrum
1717 1583 1819 1610 retor-

444 1629 567 1662 natam,
585 1628 634 1655 est
651 1628 868 1664 compertum.
917 1624 1124 1661 Mandamus,
1136 1623 1247 1661 eciam,
1261 1623 1353 1653 vobis
1370 1622 1459 1662 quod
1473 1622 1583 1652 venire
1599 1622 1698 1652 facias
1712 1632 1820 1652 coram

446 1669 581 1708 prefatis
600 1668 782 1698 Baronibus
807 1667 937 1703 nostris,
956 1668 996 1697 ad
1015 1668 1179 1707 predictos
1203 1667 1290 1696 diem
1316 1670 1350 1695 et
1373 1666 1493 1702 locum,
1514 1665 1681 1704 prefatum
1700 1665 1819 1696 Henri-

445 1722 520 1742 cum
546 1711 658 1749 Walle,
684 1711 723 1741 ad
748 1711 1016 1750 respondendum
1042 1714 1076 1740 et
1099 1709 1371 1740 satisfaciendum
1396 1708 1490 1738 nobis
1514 1708 1554 1738 de
1579 1708 1630 1748 cvj
1649 1708 1762 1738 solidis
1780 1709 1821 1739 de

294 1754 343 1779 fol.
447 1755 555 1794 precio
572 1754 671 1784 unius
688 1754 765 1794 equi
782 1754 886 1790 rubei,
912 1754 969 1793 qui
993 1753 1060 1783 fuit
1084 1752 1224 1792 predicti
1250 1752 1480 1782 Chambernon
1506 1752 1655 1790 predicto
1679 1752 1731 1781 die
1755 1762 1822 1791 quo

294 1788 353 1814 Hb·
446 1798 538 1836 obiit,
556 1801 590 1827 et
607 1798 663 1837 qui
680 1801 755 1837 post
772 1800 913 1826 mortem
930 1796 1079 1836 ejusdem
1100 1795 1230 1826 Ricardi
1247 1796 1285 1824 ad
1306 1805 1424 1825 manus
1442 1794 1561 1834 prefati
1578 1795 1712 1824 Heni-ici
1725 1795 1820 1825 deve-

447 1841 506 1878 nit,
531 1844 633 1880 prout
657 1851 714 1880 per
740 1840 994 1879 Inquisicionem
1020 1839 1201 1879 predictam
1225 1842 1275 1868 est
1298 1841 1532 1877 compertum:
1557 1841 1592 1868 et
1618 1837 1659 1867 de
1686 1838 1820 1878 quibus,

446 1885 591 1924 quidem,
610 1883 749 1913 summis
765 1883 917 1913 satisfieri
935 1883 1097 1920 volumus,
1116 1882 1147 1911 in
1166 1885 1294 1921 partem
1319 1881 1554 1911 satist-accionis
1571 1881 1770 1920 debitorum,
1788 1885 1823 1911 et

446 1927 617 1966 arreragiis
640 1927 794 1966 compoti,
812 1926 844 1955 in
863 1926 985 1965 quibus
1008 1936 1114 1964 nuper
1137 1925 1224 1955 idem
1242 1924 1431 1954 Vicecomes
1455 1924 1549 1954 nobis
1566 1924 1745 1954 tenebatur
1768 1924 1822 1955 die

447 1981 513 2010 quo
527 1970 736 2000 obiit—The
747 1969 870 2009 Bishop
884 1969 1028 1999 directed
1045 1968 1102 1998 the
1119 1969 1212 1998 Dean
1226 1968 1259 1997 of
1278 1967 1487 2006 Chulmleigh
1502 1971 1537 1997 to
1553 1968 1616 1997 cite
1630 1967 1687 1998 the
1701 1968 1822 2007 parties

446 2017 481 2043 to
498 2024 619 2053 appear
636 2016 671 2043 at
688 2013 923 2042 VVestminster
940 2022 980 2042 on
998 2011 1056 2042 the
1073 2012 1136 2052 day
1154 2011 1343 2051 appointed,
1360 2012 1423 2040 and
1444 2011 1540 2041 made
1566 2011 1693 2041 Return
1712 2014 1747 2041 to
1764 2011 1823 2042 the

446 2057 536 2096 Kiug
553 2056 772 2096 accordingly.

403 2120 554 2156 29.—De
566 2120 689 2151 orando
705 2131 764 2160 pro
780 2119 919 2150 ,Domino
936 2119 1016 2158 Rege
1031 2123 1059 2149 et
1074 2123 1159 2149 statu
1183 2118 1296 2157 Requi,
1316 2118 1568 2156 etc—Quantis,
1586 2119 1752 2149 occasione
1777 2130 1824 2150 re-

448 2163 629 2204 cuperandi
646 2163 836 2194 hereditarii
859 2163 944 2203 juris
968 2162 1082 2200 nostri,
1100 2162 1188 2202 qnod
1206 2163 1245 2191 ad
1265 2163 1425 2192 Coronam
1452 2164 1486 2192 et
1509 2162 1662 2200 Regnum
1689 2163 1826 2193 Francie

450 2208 577 2238 notorie
601 2208 800 2247 optinemuS,
825 2217 884 2237 nos
908 2217 945 2236 ac
969 2206 1124 2244 Regnum
1149 2208 1301 2235 nostrum
1326 2208 1360 2235 et
1384 2205 1530 2235 Ecclesia
1547 2206 1669 2235 Sancta
1686 2206 1756 2243 Dei,
1775 2209 1822 2237 to-

449 2252 584 2291 ciusque
602 2253 713 2281 noster
731 2250 872 2290 populus
888 2249 1060 2289 Anglicani
1078 2249 1158 2287 (sic),
1173 2248 1266 2287 quasi
1283 2259 1322 2278 ex
1340 2248 1430 2278 omni
1443 2248 1544 2278 latere
1561 2251 1649 2278 terra
1666 2249 1823 2289 marique,

449 2295 604 2334 dampnis
622 2297 655 2324 et
672 2293 803 2333 injuriis
820 2293 1028 2333 jactabamur
1051 2292 1212 2322 hactenus
1235 2294 1270 2321 et
1285 2291 1390 2321 indies
1408 2294 1440 2321 et
1457 2292 1614 2321 continue
1631 2291 1823 2330 laceramur,

450 2337 587 2368 inficiari
614 2340 700 2367 certe
728 2347 860 2376 presens
888 2340 958 2366 etas
983 2345 1048 2365 non
1078 2334 1201 2374 poterit
1228 2345 1287 2364 nec
1312 2334 1427 2364 futura
1459 2334 1635 2373 posteritas
1665 2335 1823 2366 oblivisci.

451 2381 535 2411 Sane
552 2381 652 2411 solius
670 2380 742 2417 Dei,
763 2379 870 2419 Cujus
880 2390 1008 2419 semper
1022 2378 1127 2418 gracie
1141 2377 1314 2416 plenitudo
1331 2381 1365 2407 et
1381 2377 1608 2407 inenarrabilis
1622 2378 1753 2408 bonitas
1766 2389 1825 2409 nos

451 2424 612 2462 prevenit,
638 2423 832 2454 ascribimus
856 2426 890 2452 et
914 2423 1114 2461 deputamus
1146 2421 1344 2460 benignitati
1370 2423 1404 2451 et
1430 2420 1614 2450 ministerio
1641 2422 1730 2461 quod
1755 2432 1824 2459 nos,

451 2467 672 2506 Regnumque
695 2470 848 2496 nostrum
872 2466 1069 2506 predictum,
1094 2465 1237 2504 quadam
1260 2463 1393 2503 speciali
1421 2463 1547 2494 virtute
1580 2464 1707 2494 Celitus
1732 2465 1825 2495 nobis

452 2511 538 2548 data,
552 2510 775 2547 subsistimus,
790 2512 823 2539 et
840 2519 905 2539 non
923 2509 1056 2548 penitus
1073 2507 1135 2538 sub
1153 2507 1256 2536 tantis
1273 2510 1306 2536 et
1322 2511 1391 2536 tam
1409 2507 1500 2536 duris
1516 2507 1775 2538 adversitatibus
1791 2510 1826 2538 et

452 2553 606 2583 oneribus
623 2553 824 2583 vacillamus.
872 2552 982 2589 Unde,
1000 2561 1076 2581 cum
1094 2561 1200 2590 nuper
1215 2550 1303 2580 idem
1322 2550 1513 2580 Altissimus
1527 2550 1627 2587 Deus,
1644 2561 1663 2580 a
1679 2561 1744 2590 quo
1757 2561 1826 2581 om-

451 2597 502 2626 nis
520 2596 667 2635 procedit
684 2595 820 2626 victoria
836 2595 1009 2634 omnisque
1025 2594 1227 2633 triumphus
1245 2593 1433 2623 Johannem
1450 2597 1532 2623 tunc
1551 2594 1670 2632 Regem
1689 2593 1825 2624 Francie

451 2650 484 2669 se
513 2639 688 2676 dicentem,
706 2642 859 2668 nostrum
887 2637 1110 2668 adversarium
1137 2636 1361 2675 principalem,
1389 2636 1633 2676 nonnullosque
1656 2636 1827 2675 Magnates

451 2682 531 2712 alios
548 2683 699 2721 ejusdem
719 2682 832 2720 Regni,
850 2692 888 2711 ex
906 2684 1029 2711 eventu
1047 2680 1162 2710 bellico
1179 2683 1291 2709 nostre
1315 2679 1465 2709 custodie
1482 2680 1689 2718 manciparit,
1707 2680 1827 2710 deinde

453 2725 495 2754 ob
513 2725 621 2764 Ipsius
635 2725 821 2764 Majestatis
838 2728 873 2754 et
893 2724 1034 2754 Ecclesie
1051 2723 1117 2753 Sue
1129 2724 1247 2752 Sancte
1260 2723 1489 2759 reverenciam,
1503 2726 1538 2752 et
1553 2726 1590 2751 ut
1605 2723 1742 2752 humaui
1754 2733 1825 2752 san-

452 2768 561 2808 guinis
578 2768 692 2798 effusio
709 2778 727 2797 a
744 2767 856 2807 populi
873 2766 1054 2798 Christiani
1071 2766 1168 2796 terris
1184 2765 1345 2795 remocius
1362 2765 1520 2803 exularet,
1538 2775 1612 2795 cum
1631 2765 1745 2795 eodem
1769 2766 1827 2796 Jo-

454 2811 562 2841 hanne
579 2821 615 2841 ac
631 2821 707 2841 cum
724 2811 790 2841 filio
807 2821 867 2841 suo
884 2809 1007 2841 Karolo
1024 2809 1106 2840 tales
1122 2808 1326 2839 firmavimus
1344 2818 1456 2848 pacem
1473 2811 1507 2839 et
1523 2809 1730 2839 concordiam
1748 2818 1827 2849 qua-
