1987 3062
342 233 435 277 462

570 243 668 276 THE
693 242 932 276 REGISTER
961 241 1021 275 OF
1046 241 1223 275 BISHOP
1247 241 1648 276 BRANTYNGHAM.

341 345 415 371 AD.
454 346 536 383 The
556 345 732 383 Lollards
748 358 758 391 3
788 344 1023 381 sslandatmn
1044 343 1327 392 Archiepiscopi
1345 351 1476 381 contra
1497 345 1677 393 quosdam
1698 345 1873 382 hereticos

340 380 415 404 1382.

341 412 415 442 [Vol.
434 412 473 437 11.
508 400 711 436 Lollardos
731 405 910 435 eteorum
933 399 1165 445 dampnatas
1195 397 1458 436 conclusiones
1489 396 1697 450 [Reeeived
1726 411 1775 436 on
1806 399 1873 436 the

341 445 387 471 sol.
403 446 469 476 4b.]¹

509 454 577 490 3rd
600 454 639 490 of
658 454 761 490 June
781 453 834 501 by
855 452 922 489 the
944 451 1088 501 Bishop
1108 453 1148 489 of
1167 452 1339 496 London,
1363 452 1447 489 who
1468 459 1555 490 sent
1575 466 1597 490 a
1626 465 1724 503 copy
1745 458 1786 490 to
1807 453 1873 489 the

503 507 648 556 Bishop
668 508 708 543 of
728 507 872 543 Exeter
891 518 941 542 on
961 506 1029 543 the
1050 506 1121 543 5th
1142 507 1181 543 of
1199 503 1390 557 ‹June],—

452 561 636 592 Willelmus
653 561 707 600 [de
726 559 939 600 Courtenay}
957 562 1033 597 etc.,
1059 560 1202 590 Roberto
1226 559 1281 598 [de
1307 558 1521 600 Braybroke],
1540 560 1872 591 etc—Ecclesiarmn

344 1515 401 1547 [sol.
418 1517 455 1546 5.]

349 2780 357 2800 ¹
377 2781 456 2812 This
473 2781 583 2821 Entry
599 2780 665 2810 and
678 2780 734 2810 the
747 2782 828 2810 next
840 2779 906 2810 will
919 2779 959 2810 be
972 2779 1076 2809 found

495 604 617 635 Prelati
647 604 731 634 circa
764 603 879 643 Gregis
911 603 1075 633 Dominici
1107 602 1170 633 sibi
1200 603 1367 634 commissi
1398 604 1583 634 custodiam
1615 614 1651 634 eo
1679 604 1874 643 vigilancius

494 648 667 679 intendere
690 647 813 677 debent
837 656 903 686 quo
927 646 1022 686 lupos
1046 646 1254 684 intrinsecus,
1280 647 1391 677 ovium
1425 647 1633 677 vestimentis
1660 647 1807 683 indutos,
1830 647 1871 677 ad

493 691 691 731 rapiendum
708 693 742 721 et
759 690 1017 730 dispergendum
1041 700 1117 719 oves
1140 691 1294 720 noverint
1315 690 1564 720 fraudulencius
1588 691 1736 721 circuire.
1787 691 1872 721 Sane

494 735 661 774 frequenti
678 734 820 764 clamore
837 736 871 763 et
887 733 1059 772 divulgata
1075 733 1173 771 fama,
1188 733 1277 773 quod
1293 733 1444 764 dolentes
1459 733 1643 772 referimus,
1662 735 1703 764 ad
1721 737 1871 764 nostrum

494 777 646 818 pervenit
669 777 824 808 auditum
849 777 949 817 quod,
974 777 1060 815 licet,
1086 775 1301 817 [secundum]
1327 777 1507 807 canonicas
1538 777 1745 815 Sanccimoes,
1773 787 1871 807 nemo

494 821 692 862 prohibitus,
721 821 771 851 vel
804 830 870 850 non
898 820 1029 857 missus,
1058 821 1182 860 absque
1210 821 1304 851 Sedis
1328 820 1518 860 Apostolice
1542 821 1593 851 vel
1618 820 1771 860 Episcopi
1796 820 1873 850 Loci

495 865 705 902 anctoritate,
723 864 786 894 sibi
803 863 1036 904 predicacionis
1053 864 1195 894 officium
1216 874 1374 904 usurpare
1390 864 1509 894 debeat
1526 864 1657 903 publice
1670 864 1720 894 vel
1734 864 1871 899 occulte,

494 909 640 949 quidam,
666 911 788 945 tamen,
813 911 926 937 eterne
949 907 1196 947 dampnacionis
1228 907 1294 945 filii,
1319 907 1446 937 insania
1469 908 1590 938 mentis
1621 907 1784 947 producti,
1809 907 1872 937 snb

495 962 613 991 magne
638 951 825 981 sanctitatis
854 951 1024 987 velamine,
1052 951 1287 981 auctoritatem
1316 951 1378 980 sibi
1406 951 1585 981 vendicant
1608 951 1808 990 predicandi,
1837 960 1873 980 ac

495 995 671 1026 nonnullas
690 994 934 1034 Proposiciones
959 998 992 1024 et
1017 994 1251 1024 Conclusiones
1274 994 1500 1033 infrascriptas
1523 994 1693 1032 hereticas=
1711 1004 1872 1031 erroneas,

493 1042 596 1078 atque
622 1038 730 1076 falsas,
759 1038 800 1067 ab
828 1037 973 1068 Ecclesia.
998 1037 1059 1067 Dei
1083 1038 1291 1076 dampnatas,
1317 1041 1352 1067 et
1377 1037 1724 1068 Determinacionibus
1752 1037 1873 1068 Sancte

496 1082 639 1113 Ecclesie
656 1084 888 1121 repugnantes,
906 1091 970 1121 qne
986 1083 1112 1111 statum
1131 1081 1237 1111 tocius
1257 1080 1399 1111 Ecclesie
1412 1084 1589 1121 nostreque
1605 1080 1774 1111 Provincie
1789 1081 1872 1111 Can-

494 1125 678 1161 tuariensis,
697 1128 730 1155 et
746 1125 1014 1164 tranquilitatem
1034 1124 1146 1163 Regni,
1164 1124 1357 1154 subvertere
1374 1124 1435 1163 [et]
1448 1135 1602 1154 enervare
1619 1124 1786 1162 nituntur,
1801 1127 1870 1154 tam

494 1170 527 1200 in
553 1168 706 1199 Ecclesiis
730 1178 829 1207 quam
854 1168 888 1197 in
912 1167 1029 1207 plateis
1053 1171 1087 1198 et
1110 1167 1365 1207 quampluribus
1389 1168 1459 1198 aliis
1481 1167 1559 1198 locis
1584 1168 1761 1207 prophanis
1785 1168 1873 1197 dicte

494 1216 605 1243 nostre
623 1211 793 1242 Provincie
809 1221 875 1241 non
893 1214 1050 1241 verentur
1066 1221 1217 1248 asserere,
1236 1211 1469 1250 dogmatizare,
1488 1214 1520 1240 et
1537 1211 1669 1250 publice
1694 1211 1869 1251 predicare,

495 1257 559 1287 illis
577 1255 753 1286 nonnullos
771 1254 895 1285 Christi
914 1254 1041 1284 Fideles
1057 1254 1250 1292 inficientes,
1265 1259 1298 1284 et
1314 1265 1332 1284 a
1350 1254 1430 1285 Fide
1448 1254 1626 1291 Catholica,
1644 1254 1713 1284 sine
1726 1264 1790 1294 qua
1806 1265 1871 1284 nou

496 1303 546 1330 est
562 1299 659 1337 salus,
676 1298 835 1328 facientes
852 1297 1006 1328 flebiliter
1028 1298 1166 1327 deviare.
1214 1298 1294 1335 Nos,
1314 1297 1436 1338 itaque,
1454 1298 1667 1328 attendentes
1690 1299 1778 1338 quod
1803 1301 1873 1328 tam

496 1343 716 1383 perniciosum
741 1342 876 1379 malum,
901 1342 990 1381 quod
1014 1341 1046 1371 in
1073 1341 1233 1380 plurimos
1257 1340 1414 1381 [serpere]
1445 1341 1576 1381 poterit,
1602 1352 1717 1371 eorum
1747 1340 1874 1371 animas

495 1386 586 1417 letali
602 1385 796 1424 contagione
813 1385 969 1422 necando,
983 1395 1047 1415 non
1065 1385 1254 1422 debeamus,
1269 1385 1367 1415 sicuti
1384 1395 1443 1415 nec
1458 1385 1630 1421 debemus,
1645 1384 1708 1414 snb
1719 1384 1872 1415 dissimu-

494 1430 619 1461 lacione
646 1429 796 1466 transire,
825 1439 867 1458 ne
892 1428 1026 1468 sanguis
1053 1438 1166 1458 earum
1193 1428 1234 1457 de
1262 1428 1384 1458 nostris
1415 1428 1568 1458 manibus
1598 1429 1796 1468 requiratur,
1823 1431 1873 1458 set

494 1474 589 1511 illud,
608 1476 774 1513 quantum
793 1472 887 1502 nobis
911 1482 950 1502 ex
974 1472 1053 1502 Alto
1078 1471 1297 1511 permittitur,
1322 1472 1487 1511 extirpare
1510 1472 1668 1509 volentes,
1694 1472 1734 1502 de
1758 1481 1873 1511 quam-

499 1517 646 1557 plurium
664 1516 820 1546 Fratrum
838 1519 872 1545 et
889 1515 1179 1554 Suffraganeorum
1204 1519 1393 1545 nostrorum
1418 1515 1551 1545 consilio
1576 1518 1610 1545 et
1633 1525 1777 1552 assensu,
1795 1525 1872 1545 con-

496 1560 685 1591 vocavimus
712 1559 822 1599 plures
847 1559 943 1589 Sacre
967 1558 1142 1597 Theologie
1166 1558 1325 1589 Doctores
1349 1569 1385 1588 ac
1408 1559 1500 1589 Juris
1525 1558 1682 1589 Canonici
1705 1561 1740 1588 ct
1757 1558 1872 1588 Civilis

496 1604 708 1640 Professores,
738 1606 771 1632 et
802 1602 881 1632 alios
908 1602 1060 1639 Clericos,
1093 1612 1175 1641 quos
1207 1602 1397 1632 famosiores
1427 1605 1462 1632 et
1492 1602 1664 1641 periciores
1695 1602 1735 1631 de
1760 1602 1874 1640 Regno

495 1647 706 1684 credidimus,
724 1650 762 1676 ut
786 1656 885 1685 super
907 1646 1004 1675 dictis
1022 1645 1297 1676 Conclusionibus
1315 1648 1391 1676 vota
1407 1655 1466 1675 sua
1483 1645 1631 1675 dicerent
1648 1648 1682 1676 et
1699 1645 1871 1676 sentirent.

496 1689 660 1730 [Verum],
689 1690 775 1730 quia,
801 1689 968 1729 premissis
993 1689 1267 1719 Conclusionibus
1298 1692 1333 1719 et
1365 1688 1602 1719 assercionibus
1632 1689 1666 1719 in
1697 1691 1809 1718 nostra
1840 1692 1875 1718 et

496 1734 677 1765 eorundem
705 1732 922 1764 Confratrum
946 1735 1136 1762 nostrorum
1167 1742 1205 1762 ac
1228 1732 1395 1762 dictorum
1427 1735 1682 1762 convocatorum
1706 1731 1873 1771 presencia

496 1780 650 1818 patenter
666 1776 823 1816 expositis
840 1779 874 1806 et
897 1775 1076 1815 diligenter
1098 1776 1305 1813 examinatis,
1322 1775 1466 1806 finaliter
1489 1779 1540 1805 est
1562 1779 1781 1815 compertum,
1798 1785 1870 1805 nos-

494 1825 614 1860 troque
637 1823 671 1850 et
694 1829 808 1850 eorum
833 1819 983 1849 omnium
1007 1822 1186 1849 convocato
1209 1819 1344 1849 consilio
1368 1819 1582 1856 declaratum,
1600 1819 1761 1859 quasdam
1786 1818 1870 1849 Con-

496 1865 682 1895 clusionum
701 1863 832 1893 illarum
853 1861 1014 1892 hereticas
1037 1872 1115 1900 esse,
1133 1863 1293 1902 quasdam
1311 1872 1388 1892 vero
1411 1872 1561 1892 erroneas
1583 1866 1685 1902 atque
1710 1862 1872 1892 Determi-

497 1907 690 1938 nacionibus
707 1906 851 1936 Ecclesie
867 1908 1100 1945 repugnantes,
1114 1909 1214 1945 prout
1227 1905 1364 1935 inferius
1381 1906 1635 1939 describuntnr;
1656 1905 1872 1936 Fraternitati

496 1955 604 1982 vestre
621 1949 873 1986 committimus,
890 1952 961 1986 etc„
979 1949 1138 1988 quatinus
1154 1948 1308 1978 omnibus
1325 1952 1359 1978 et
1382 1948 1520 1988 singulis
1545 1949 1717 1979 Fratribus
1740 1949 1874 1986 nostris,

498 1993 705 2034 Coepiscopis
722 1992 843 2022 nostris
860 1995 894 2022 et
912 1992 1054 2022 Ecclesie
1078 1995 1189 2022 nostre
1214 1991 1461 2023 Cantuariensis
1485 1992 1716 2031 Suffraganeis,
1736 2002 1812 2022 cum
1837 2002 1874 2022 ea

497 2037 664 2068 celeritate
688 2046 753 2076 qua
778 2036 940 2075 poteritis,
958 2035 1151 2075 injungatis,
1170 2039 1270 2074 prout
1294 2035 1339 2065 eis
1363 2038 1398 2065 et
1420 2046 1534 2065 eorum
1558 2035 1697 2075 singulis
1720 2045 1756 2065 ac
1780 2035 1872 2064 vobis

496 2081 715 2122 injungimus,
735 2083 773 2110 ut
788 2079 935 2119 ipsorum
952 2079 1074 2118 singuli
1090 2078 1122 2108 in
1142 2078 1294 2109 Ecclesiis
1311 2078 1378 2108 suis
1395 2083 1429 2108 et
1445 2079 1516 2108 aliis
1533 2089 1669 2109 suarum
1687 2078 1872 2109 Civitatum

496 2128 531 2155 et
562 2123 762 2159 Diocesium,
793 2133 918 2162 vosque
945 2123 978 2152 iu
1007 2126 1117 2152 vestra
1145 2125 1178 2151 et
1205 2122 1321 2152 ceteris
1349 2125 1457 2152 vestre
1490 2122 1643 2152 Civitatis
1667 2125 1700 2152 et
1728 2121 1872 2151 Diocesis

497 2167 659 2204 Ecclesiis,
677 2169 834 2196 moneant
850 2170 884 2196 et
900 2165 1083 2203 inhibeant,
1100 2165 1262 2195 moneatis
1279 2169 1313 2195 et
1328 2165 1515 2203 inhibeatis,
1534 2168 1633 2205 prout
1657 2168 1771 2195 tenore
1795 2165 1870 2195 Pre-

496 2211 643 2242 sencium
668 2219 852 2247 monemus,
878 2209 993 2249 primo,
1018 2209 1172 2247 secundo,
1197 2212 1231 2239 et
1255 2209 1364 2246 tercio,
1394 2212 1432 2239 ut
1456 2209 1649 2239 distinecius
1672 2208 1871 2246 inhibemus,

497 2265 556 2294 pro
580 2254 686 2294 prima
711 2253 895 2283 Monicione
919 2263 1025 2282 unum
1041 2252 1139 2290 diem,
1158 2262 1217 2292 pro
1240 2253 1383 2282 secunda
1406 2252 1507 2282 alium
1525 2252 1623 2290 diem,
1641 2254 1675 2282 et
1698 2262 1756 2292 pro
1772 2252 1874 2282 tercia

498 2297 683 2329 Monicione
701 2296 864 2327 Canonica
881 2306 917 2326 ac
935 2296 1156 2336 peremptoria
1173 2305 1277 2325 unum
1294 2295 1397 2325 alium
1414 2295 1502 2325 diem
1519 2295 1724 2334 assignando,
1742 2305 1782 2325 ne
1798 2294 1873 2334 quis

497 2342 538 2371 de
555 2344 673 2378 cetero,
691 2340 935 2380 cujuscumque
951 2338 1050 2369 etatis
1067 2349 1122 2369 seu
1142 2338 1342 2369 condicionis
1366 2338 1496 2376 existat,
1515 2338 1644 2368 hereses
1668 2348 1725 2368 seu
1750 2348 1874 2368 errores

497 2384 672 2425 predictos,
691 2384 741 2413 vel
765 2393 880 2412 eorum
904 2382 1057 2422 aliquem,
1075 2385 1197 2419 teneat,
1215 2382 1340 2420 doceat,
1366 2382 1523 2420 predicet,
1548 2392 1605 2412 seu
1630 2381 1797 2419 defendat,
1815 2384 1874 2411 aut

496 2428 642 2467 aliquem
659 2426 866 2466 prohibitum
885 2436 949 2455 non
968 2426 1117 2463 missum,
1135 2425 1185 2455 vel
1210 2425 1312 2455 alium
1336 2425 1378 2455 de
1401 2425 1498 2465 cujus
1521 2428 1686 2465 potestate
1710 2435 1774 2454 non
1799 2434 1872 2455 con-

498 2471 635 2508 stiterit,
652 2471 691 2500 ad
710 2469 946 2510 predicandum
965 2469 1133 2506 admittat,
1151 2473 1210 2498 ant
1226 2468 1354 2498 hereses
1371 2479 1426 2498 seu
1451 2478 1576 2498 errores
1599 2468 1803 2508 hujusmodi,
1822 2467 1873 2498 vel

499 2524 614 2544 eorum
647 2513 803 2553 aliquem,
835 2512 1059 2552 predicantem
1092 2512 1207 2542 audiat
1237 2512 1289 2542 vel
1319 2511 1497 2550 auscultet,
1528 2521 1584 2542 seu
1616 2511 1645 2541 ei
1683 2511 1794 2541 faveat
1823 2510 1875 2540 vel

497 2557 654 2587 adhereat
684 2555 815 2596 publice
843 2555 893 2585 vel
925 2555 1062 2593 occulte,
1091 2558 1141 2585 set
1167 2555 1283 2585 statim
1310 2558 1469 2595 tanquam
1493 2558 1681 2594 serpentem
1707 2563 1870 2584 venenum

497 2600 693 2640 pestiferum
725 2599 938 2629 emittentem
970 2598 1077 2636 fugiat
1107 2601 1141 2628 et
1170 2598 1284 2636 evitet,
1310 2598 1374 2628 sub
1401 2608 1483 2637 pena
1509 2597 1872 2628 Exconnnunicacionis

499 2643 644 2683 Major-is,
663 2653 763 2682 quam
781 2642 826 2679 (in
847 2652 960 2672 omnes
977 2645 1011 2672 et
1026 2641 1173 2681 singulos
1189 2642 1222 2671 in
1241 2641 1301 2671 hac
1317 2644 1410 2681 parte
1426 2641 1563 2671 rebelles
1580 2644 1614 2671 et
1630 2641 1752 2671 nostris
1769 2640 1869 2670 Moni-

498 2687 646 2717 cionibus
663 2696 728 2716 non
746 2685 922 2726 parentes),
940 2685 1037 2725 lapsis
1053 2685 1133 2724 ipsis
1157 2685 1266 2715 tribus
1289 2684 1407 2715 diebus
1431 2695 1489 2724 pro
1507 2684 1691 2715 Monicione
1709 2683 1872 2715 Canonica

1189 2779 1418 2817 Oommissions,
1461 2779 1569 2809 where
1613 2778 1736 2809 several
1780 2781 1870 2818 sti-ay

391 2829 426 2856 at
454 2824 512 2855 the
536 2824 715 2865 beginning
739 2823 772 2853 of
796 2822 853 2854 the
877 2822 1020 2864 Reyister
1043 2822 1082 2864 ⁰f
1186 2822 1280 2853 folios
1298 2832 1381 2853 were
1397 2822 1542 2854 inserted
1561 2822 1602 2863 by
1621 2822 1678 2853 the
1702 2821 1826 2853 binder.

1982 1388 1987 1414 N«
1980 1264 1987 1374 muham„
1982 1121 1987 1256 ..And-„md
1982 1074 1987 1111 .-h
1986 1059 1987 1063 „
1983 1015 1987 1044 n„
1983 988 1987 1004 ⁴.
