1987 3062
437 230 723 264 REGISTRUM
760 230 1214 264 OOMMUNE-ANNO
1253 221 1314 264 2⁰.
1542 221 1636 264 259

111 334 206 385 A'D'o
263 336 571 376 Quadragesimaiis,
599 337 787 377 Epistolarii
810 347 887 368 cum
915 336 1111 377 EvangeliiS‚
1143 339 1177 366 et
1207 336 1361 367 frontalis
1388 337 1576 377 solempnis,
1602 347 1640 368 ac

112 368 215 427 {73311'1'
262 380 363 410 eciam
393 380 609 420 reparacionis
640 381 850 420 quorundam
881 380 1020 410 aliorum
1053 380 1362 417 Ornamentorum;
1398 380 1465 420 qui,
1491 380 1637 420 quidem,

170 421 175 427 '
209 421 215 427 ’
262 424 413 454 defectus
436 428 471 454 et
494 424 659 462 repar-acio
682 424 714 454 in
745 424 879 463 prefatis
906 423 1034 461 Literis,
1058 424 1203 463 quadam
1228 427 1317 454 certa
1345 434 1428 463 pena
1454 423 1585 464 adjecta
1611 424 1638 454 si

263 467 483 507 adimpletum
511 478 576 497 non
606 468 708 497 fuerit
735 468 825 507 qnod
853 477 952 506 super
976 467 1037 497 hoc
1065 466 1246 506 precipitur
1267 467 1301 497 in
1327 467 1460 505 eisdem,
1486 467 1639 507 superius

261 514 343 541 suut
365 511 519 550 expressi.
581 510 687 548 Unde,
712 521 788 541 cum
813 511 979 540 dictorum
1002 510 1195 540 defectuum
1221 511 1331 541 adhuc
1354 510 1485 541 nullum
1510 511 1638 540 factum

262 555 307 585 sit
323 555 456 594 penitus
472 554 754 594 supplementum,
767 553 819 584 vel
832 554 910 584 alias
923 554 1100 584 subsecuta
1114 564 1258 592 congrua
1271 554 1435 594 reparacio
1447 554 1637 592 earundem,

264 598 488 629 Cominissarii
513 597 626 635 nostri,
645 597 766 637 quibus
790 597 823 627 in
848 597 908 627 hac
932 601 1025 636 parte
1048 597 1276 627 commisimus
1295 598 1381 627 vices
1405 601 1542 635 nostras,
1569 608 1639 637 pre-

264 642 371 672 missis
387 641 542 671 omnibus
558 644 592 671 et
607 641 746 680 singulis
763 651 827 680 que
846 640 1101 680 requirebantur
1123 641 1164 670 de
1187 640 1271 680 jure,
1289 641 1485 681 hujusmodi
1510 651 1639 680 penam,

264 685 425 715 suadente
440 684 584 724 justicia,
604 684 868 723 pronunciarunt
891 694 960 713 esse
984 684 1205 722 commissam,
1221 684 1254 714 in
1273 685 1376 724 ipsius
1401 684 1533 724 Capelle
1551 684 1639 714 utili-

264 732 368 759 tatem
387 739 444 765 pro
461 731 574 758 nostra
590 727 807 767 disposicione
823 731 857 757 et
873 727 1011 757 arbitrio
1027 727 1285 758 convertendam
1304 737 1311 765 3
1337 727 1438 765 vobis,
1456 727 1641 758 nichilomi-

264 783 336 809 nus,
350 776 383 802 et
396 772 533 802 cuilibet
545 774 704 808 vestrum,
718 770 932 810 injungentes
947 773 985 800 ut
997 770 1128 800 eosdem
1143 770 1294 801 defectus
1308 781 1422 801 omnes
1439 774 1472 801 et
1485 771 1643 810 singulos,

263 826 299 846 ac
315 816 347 845 in
367 825 472 846 unum
489 825 575 845 asser
591 815 630 844 ad
655 814 783 852 Pacem,
800 814 902 844 stolas
919 816 953 844 et
971 814 1157 853 manipulos
1182 825 1239 853 pro
1263 814 1395 844 duobus
1413 815 1546 854 paribus
1564 814 1642 845 Ves-

264 859 495 897 timentorum,
513 858 571 898 qui
595 868 684 888 nunc
709 858 797 888 ultra
820 858 970 887 defectus
987 857 1140 896 superius
1160 857 1347 887 nominatos
1363 861 1493 888 restant
1508 858 1643 894 ibidem,

264 906 365 942 prout
388 902 427 932 ad
453 901 515 932 hoc
538 901 707 939 tenemini,
725 901 808 931 citra
835 901 969 930 Festum
992 901 1087 931 Beati
1111 900 1278 931 Michaelis
1296 901 1445 941 proximo
1462 912 1551 932 nunc
1567 911 1644 931 ven-

265 950 390 984 turum,
407 945 470 976 sub
483 955 567 985 pena
580 944 943 975 Excommunicacionis
959 954 966 981 3
983 954 1083 983 quam
1100 947 1224 974 extunc
1240 944 1275 974 in
1292 955 1446 984 personas
1462 948 1597 983 vestras,
1612 947 1648 975 et

115 990 166 1015 fol·
263 992 413 1020 vestrum
430 989 586 1028 singulas,
600 988 658 1028 qui
675 998 774 1027 super
790 987 851 1018 hoc
866 987 901 1017 in
919 997 1010 1017 mora
1027 987 1168 1024 fueritis,
1184 988 1233 1017 vel
1251 988 1354 1018 eciam
1373 988 1477 1018 fuerit
1492 988 1527 1018 in
1543 998 1645 1025 mora,

114 1025 174 1049 19¹³·
265 1033 291 1063 si
312 1033 468 1073 premissa
490 1043 554 1062 non
577 1031 793 1071 impleveritis
817 1041 873 1061 seu
897 1030 1097 1070 impleverit,
1122 1030 1342 1071 faceretisque
1358 1031 1509 1070 inveniri,
1539 1031 1645 1061 modis

265 1076 429 1114 omnibus,
454 1086 490 1106 ac
513 1075 614 1105 eciam
639 1075 792 1114 reparari,
815 1074 1050 1114 protulerunt3
1074 1084 1185 1113 quam,
1210 1075 1356 1114 quidem,
1374 1075 1586 1105 Sentenciam
1610 1085 1647 1105 ac

267 1120 377 1150 omnia
400 1123 434 1149 et
456 1119 586 1158 singula
609 1129 674 1158 que
697 1118 730 1148 in
758 1117 876 1148 Literis
896 1117 977 1147 dicti
1002 1118 1242 1148 Predecessoris
1264 1118 1369 1148 nostri
1391 1119 1543 1158 superius
1565 1121 1647 1149 sunt

266 1173 427 1202 expressa,
445 1172 570 1192 necnon
587 1165 661 1192 aeta
677 1165 711 1192 et
727 1164 819 1201 gesta
835 1171 944 1191 coram
964 1161 1204 1191 Commissariis
1222 1161 1345 1192 nostris
1362 1162 1548 1200 antedictis,
1566 1172 1645 1202 qua-

268 1210 365 1237 tenus
389 1206 453 1236 rite
478 1209 550 1235 acta
575 1209 608 1235 et
631 1210 722 1243 gesta
746 1207 835 1241 sunt,
860 1207 933 1234 rata
958 1204 1118 1234 habentes
1142 1207 1177 1234 et
1200 1208 1303 1243 grata,
1328 1215 1374 1241 ea,
1400 1209 1499 1245 prout
1522 1206 1563 1236 ad
1588 1215 1646 1235 nos

270 1250 422 1290 pertinet,
447 1249 480 1279 in
506 1249 649 1279 Domino
673 1248 916 1278 confirmamus.
964 1248 1018 1285 Et,
1036 1247 1113 1287 quia
1137 1248 1336 1286 invenimus,
1359 1248 1446 1278 inter
1470 1252 1588 1286 cetera,
1612 1249 1646 1278 in

268 1294 382 1323 eadem
408 1292 608 1322 Visitacione
635 1292 724 1330 quod
751 1291 970 1329 Vestimenta,
1001 1290 1134 1328 Calices,
1165 1291 1265 1329 Libri,
1294 1295 1328 1321 ct
1351 1292 1413 1321 alia
1441 1292 1647 1323 Ornamenta

269 1337 372 1376 ipsius
391 1336 530 1375 Capelle‚
549 1346 605 1374 per
623 1335 803 1366 Canonicos
820 1334 942 1364 ibidem
965 1334 1126 1364 hactenus
1143 1334 1288 1372 inventa,
1307 1338 1341 1364 et
1357 1346 1501 1375 quorum
1518 1346 1647 1375 repara-

269 1381 369 1411 cionis
387 1383 420 1409 et
436 1378 639 1409 invencionis
656 1389 749 1415 onus,
766 1388 842 1408 cum
859 1387 989 1407 necesse
1006 1377 1118 1414 fuerit,
1135 1378 1177 1407 ad
1197 1377 1283 1417 ipsos
1301 1377 1482 1409 canonicos
1499 1382 1648 1418 spectare

269 1423 463 1460 dinoscitur,
488 1433 552 1462 que
575 1422 615 1451 ad
640 1421 846 1452 cotidianum
871 1431 969 1451 usum
992 1421 1207 1451 Sacerdotum
1230 1421 1263 1450 in
1286 1421 1373 1452 Navi
1394 1422 1483 1452 dicte
1516 1422 1648 1462 Capelle

271 1478 330 1507 pro
355 1465 559 1505 parochianis
576 1465 726 1505 ejusdem
744 1464 985 1494 celebrancium
1003 1464 1201 1494 multociens
1218 1465 1469 1504 deputabantur
1485 1465 1598 1496 illicite
1615 1468 1649 1496 et

270 1510 469 1541 deteriorata
495 1509 678 1539 extiterant
704 1508 737 1538 in
773 1508 972 1546 inmensum,
1004 1508 1081 1537 licet
1107 1507 1208 1538 iidem
1238 1508 1434 1547 parochiani,
1463 1509 1514 1539 vel
1545 1509 1647 1539 eciam

271 1554 474 1590 Sacerdotes,
507 1552 631 1582 nullam
665 1561 798 1591 prorsus
838 1551 1107 1581 emendacionem
1140 1561 1197 1581 seu
1230 1552 1473 1591 reparacionem
1508 1552 1650 1583 fecerint

270 1597 460 1633 eorundem,
489 1599 603 1626 tenore
631 1595 842 1625 Presencium
872 1594 1070 1633 precipimus
1098 1597 1132 1624 et
1159 1595 1357 1625 mandamus
1382 1595 1541 1634 quatinus
1569 1606 1648 1626 usus

271 1641 551 1671 Ornamentorum
569 1639 804 1678 predictorum,
829 1648 895 1678 quo
919 1638 959 1667 ad
985 1637 1199 1677 parochianos
1221 1641 1254 1667 et
1277 1638 1481 1669 Presbiteros
1504 1639 1538 1669 in
1562 1639 1649 1669 Navi

270 1684 357 1714 dicte
376 1682 516 1723 Capelle,
535 1685 574 1712 ut
592 1682 809 1721 premittitur,
827 1681 1042 1719 celebrantes,
1059 1691 1190 1711 exnunc
1207 1684 1311 1711 cesset
1328 1682 1462 1712 omnino
1478 1692 1485 1719 ;
1507 1686 1541 1712 et
1558 1683 1648 1722 quod

271 1727 428 1767 premissa
444 1725 663 1764 Vestimenta,
685 1725 820 1762 Calices,
843 1724 942 1762 Libri,
968 1735 1004 1754 ac
1027 1724 1129 1754 eciam
1154 1724 1358 1755 Ornamenta
1383 1726 1531 1765 predicta
1554 1730 1649 1756 extra

271 1770 418 1801 Chorum
441 1780 497 1809 per
517 1769 730 1809 parochianos
746 1778 803 1798 seu
829 1768 1032 1798 Presbiteros
1048 1767 1266 1807 supradictos,
1283 1779 1340 1798 seu
1357 1768 1447 1807 alios,
1465 1769 1507 1799 ad
1530 1769 1647 1810 hujus-

269 1814 358 1844 modi
382 1824 461 1843 usus
479 1813 672 1843 nullatenus
688 1811 893 1849 deferantur,
911 1811 974 1841 sub
996 1822 1080 1851 pena
1097 1812 1472 1850 Excommunicacionis,
1489 1823 1526 1842 ac
1544 1814 1647 1843 eciam

270 1857 368 1888 unius
380 1856 517 1886 dimidie
529 1866 637 1886 marce
649 1867 668 1885 a
681 1855 825 1885 Sacrista
837 1855 941 1894 ipsius
955 1854 1085 1894 Capelle
1097 1855 1154 1894 qui
1169 1865 1226 1894 pro
1238 1858 1388 1895 tempore
1402 1855 1648 1896 fuerit,quique

266 1900 415 1931 omnium
429 1900 710 1930 Ornamentorum
723 1899 947 1938 predictorum
958 1898 1142 1928 custodiam
1156 1898 1255 1928 habet
1266 1904 1300 1928 et
1311 1909 1432 1937 curam,
1442 1900 1565 1930 tociens
1578 1911 1647 1939 per-

267 1943 462 1983 cipiendam,
476 1947 509 1973 et
524 1943 558 1973 in
576 1943 759 1973 utilitatem
776 1942 863 1972 dicte
877 1941 1009 1981 Capelle
1026 1952 1083 1981 pro
1096 1945 1210 1971 nostro
1224 1942 1361 1972 arbitrio
1378 1943 1646 1981 convertendam,

267 1987 425 2027 quociens
451 1990 567 2017 contra
590 1987 650 2016 hec
666 1989 777 2016 actum
796 1985 900 2015 fuerit
917 1985 967 2015 vel
985 1985 1111 2024 aliquid
1128 1986 1319 2016 eorundem.
1368 1986 1540 2024 Pmmissa,
1559 1997 1645 2021 vero,

267 2031 376 2061 omnia
400 2034 434 2060 et
456 2030 595 2069 singula,
620 2040 685 2069 que
707 2032 776 2059 tam
802 2029 836 2059 in
863 2028 981 2059 Literis
1005 2028 1127 2068 prefati
1152 2029 1394 2059 Predecessoris
1417 2030 1522 2060 nostri
1545 2040 1647 2070 quam

268 2074 369 2104 eciam
386 2073 448 2103 hiis
473 2074 593 2103 nostris
618 2072 738 2103 Literis
761 2072 986 2110 continentur,
1006 2072 1158 2102 volumus
1182 2075 1216 2102 et
1240 2071 1449 2112 precipimus,
1467 2073 1530 2103 snb
1555 2074 1646 2113 penis

267 2117 419 2157 superius
443 2117 620 2154 annotatis,
638 2116 779 2146 firmiter
802 2115 976 2146 observari.
1026 2116 1078 2153 Et,
1097 2125 1172 2145 cum
1198 2126 1316 2154 parum
1340 2116 1384 2146 sit
1406 2116 1482 2156 jura
1506 2117 1646 2147 condere

267 2161 318 2191 vel
336 2161 472 2191 Statuta
488 2160 594 2190 facere
611 2159 785 2197 Canonica,
802 2158 865 2188 nisi
881 2158 926 2188 sit
942 2158 1000 2198 qui
1017 2159 1131 2188 eadem
1156 2161 1293 2189 tueatur
1318 2168 1376 2189 seu
1402 2159 1549 2199 legitime
1573 2170 1645 2190 exe-

268 2207 402 2244 quatur,
418 2203 490 2239 tibi,
511 2203 652 2233 Domino
671 2203 825 2240 WalterO,
844 2212 932 2232 nunc
955 2202 1098 2232 Sacriste
1122 2204 1156 2231 et
1180 2201 1354 2240 Canonico,
1372 2205 1486 2232 tenore
1511 2203 1646 2233 Presen-

268 2248 356 2278 cium
381 2247 623 2277 committimus
647 2250 681 2276 et
705 2246 912 2283 mandamus,
930 2245 992 2275 sub
1010 2255 1093 2284 pena
1118 2245 1481 2276 Excommunicacionis
1505 2246 1647 2277 firmiter

269 2291 493 2331 injungentes,
510 2290 668 2330 quatinus
685 2289 725 2319 de
742 2289 971 2319 observacione
994 2292 1029 2318 et
1052 2288 1248 2318 execucione
1271 2289 1421 2318 omnium
1445 2293 1479 2319 et
1502 2289 1646 2329 singulo-

269 2345 344 2365 rum
362 2333 596 2374 predictorum,
615 2336 782 2373 quatenus
798 2332 860 2362 tibi
877 2332 1023 2372 legitime
1040 2334 1190 2361 constare
1215 2331 1348 2371 poterit,
1366 2342 1493 2362 necnon
1517 2342 1581 2372 que
1606 2333 1646 2363 de

271 2377 437 2417 premissis
453 2377 581 2407 fuerint
597 2377 769 2407 observata
786 2379 820 2406 et
835 2385 901 2415 que
917 2386 982 2405 non
1002 2385 1008 2412 ;
1025 2375 1108 2414 quis,
1123 2375 1235 2412 eciam,
1253 2374 1294 2404 de
1311 2375 1444 2413 eisdem,
1464 2375 1514 2405 vel
1531 2386 1647 2407 eorum

270 2421 388 2460 aliquo,
414 2420 609 2450 temerarius
633 2419 772 2450 violator
795 2419 926 2455 existat,
952 2429 1009 2457 per
1032 2421 1158 2448 vestras
1182 2421 1334 2457 patentes
1368 2418 1504 2457 Literas,
1529 2419 1646 2450 harum

271 2465 389 2494 seriem
416 2463 636 2501 continentes,
664 2463 746 2493 citra
770 2462 899 2492 dictum
929 2462 1066 2491 Festum
1095 2461 1208 2491 Sancti
1237 2461 1413 2500 Michaelis,
1442 2472 1501 2491 nos
1528 2463 1647 2493 reddas

271 2507 416 2537 dilucide
438 2506 783 2537 cerciores—Datum
806 2505 894 2545 apud
920 2504 1150 2541 Chuddeham,
1169 2503 1246 2544 xiij0
1262 2504 1316 2534 die
1340 2505 1462 2535 mensis
1485 2505 1646 2544 Januarii,

121 2556 170 2580 per
190 2546 236 2573 Se·
272 2550 352 2581 A.D.
374 2550 433 2581 ΜΟ.
453 2550 580 2581 CCCmO
604 2549 826 2585 nond—Nos,
854 2548 966 2586 eciam,
991 2549 1123 2577 easdem
1148 2547 1381 2578 Ordinaciones
1405 2551 1439 2578 et
1464 2548 1648 2580 Consuetu-

122 2580 260 2640 cf'ffgixxgnm
273 2593 376 2631 dines,
396 2604 451 2633 per
474 2598 614 2631 nostrOS,
631 2596 672 2623 ut
694 2592 913 2632 premittitur,
933 2591 1180 2621 predecessores
1204 2590 1416 2621 laudabiliter
1439 2591 1593 2623 collectas
1617 2596 1650 2623 et

264 2632 494 2675 confirmatas,
511 2639 671 2676 tanquam
690 2637 759 2666 Deo
777 2636 942 2675 placentes
959 2644 995 2664 ac
1017 2634 1084 2673 juri
1109 2637 1143 2664 et
1167 2633 1289 2664 racioni
1312 2638 1539 2673 consonantes,
1557 2636 1649 2666 inno-

276 2690 402 2718 vamus,
419 2680 650 2719 approbamus,
668 2682 703 2709 et
719 2678 964 2710 confirmamus.
1001 2677 1112 2715 Vobis,
1131 2677 1285 2707 omnibus
1303 2680 1337 2707 et
1350 2677 1499 2717 singulis,
1517 2680 1650 2709 manda-

274 2733 359 2760 mus,
387 2723 421 2752 in
449 2722 577 2753 virtute
607 2723 729 2753 Sancte
759 2721 958 2753 Obediencie
985 2719 1126 2750 firmiter
1152 2719 1377 2760 injungentes,
1405 2721 1468 2751 sub
1499 2722 1592 2761 penis
1619 2726 1653 2753 et

276 2765 424 2796 censuris
441 2766 652 2806 supradictis,
672 2765 831 2806 quatinus
847 2764 979 2794 easdem
996 2767 1203 2794 resencentes
1220 2763 1292 2802 (sic)
1307 2764 1520 2804 perhenniter
1544 2766 1652 2796 obser-

276 2809 372 2839 vetis.
408 2808 459 2839 Ne
476 2809 550 2848 quis
566 2819 665 2849 super
680 2808 744 2839 hiis
760 2819 825 2848 que
842 2807 888 2838 sic
903 2807 945 2838 ad
961 2806 1233 2837 reformaeionem
1250 2807 1338 2838 dicte
1355 2807 1486 2848 Capelle
1503 2808 1655 2840 ordinata

256 2850 297 2900 82
