1987 3062
274 194 367 240 278
476 206 578 238 THE
613 206 853 241 REGISTER
888 207 949 240 oF
984 207 1160 240 BIsHOP
1195 208 1593 242 BRANTYNGHAM.

272 309 348 336 A·D·
430 311 584 342 oneribus
601 312 754 351 expedire
771 311 903 347 viderit,
920 312 953 342 in
977 311 1220 351 provisionibus
1243 316 1277 343 et
1293 313 1572 344 subvencionibus
1588 312 1799 344 contribuere

272 343 366 402 {3312}
431 354 611 385 teneamini
634 355 819 385 antefactis.
870 355 931 392 Sic,
949 355 1060 394 igitur,
1083 357 1276 387 Mandatum
1301 360 1451 387 nostrum
1476 357 1671 397 hujusmodi
1695 356 1799 386 effica-

330 396 336 402 '
370 396 376 403 ‘
429 398 511 428 citer
533 398 714 438 adimplere
738 399 860 428 curetis
891 399 979 438 quod
1012 399 1224 429 devocionetn
1258 404 1401 430 vestram
1426 400 1544 430 exinde
1568 400 1687 430 merito
1711 409 1797 429 com-

427 442 582 471 mendare
606 442 796 479 valeamus3
826 442 972 482 alioquin
999 442 1209 473 Sentenciam
1242 454 1343 482 quam
1370 444 1457 473 idem
1490 443 1690 474 Guillelmus
1719 442 1797 480 Epi-

424 495 552 524 scopus,
581 495 639 524 per
662 495 696 515 se
728 485 779 514 vel
811 485 913 514 alium
945 496 1001 515 seu
1034 486 1123 519 alios,
1148 486 1266 516 tulerit
1289 487 1322 516 iu
1347 487 1485 516 rebelles
1510 488 1621 525 (super
1644 496 1710 526 quo
1735 485 1797 515 sibi

431 528 559 567 plenam
585 532 698 558 tenore
731 529 953 566 Presencium,
980 529 1189 559 Auctor-itate
1223 530 1418 569 Apostolica,
1453 530 1665 560 concedimus
1690 532 1796 568 potes-

426 571 555 609 tatem),
573 574 679 601 ratam
704 571 909 609 habebimus,
934 575 968 601 et
990 571 1158 609 faciemus,
1178 572 1320 602 Auctore
1345 573 1498 611 Domino,
1524 583 1627 612 usque
1651 572 1797 601 satisfac-

425 615 553 644 cionem
577 614 774 653 condignum
806 614 1039 644 inviolabiliter
1070 615 1257 653 observari3
1290 626 1356 646 non
1389 616 1544 646 obstante
1568 616 1594 645 si
1620 615 1720 651 vobis,
1747 615 1797 644 vel

425 661 573 687 vestrum
591 657 687 687 alicui
711 661 771 687 aut
793 657 971 697 aliquibus,
989 658 1039 688 vel
1064 659 1236 698 quibusvis
1260 659 1339 695 aliis,
1357 670 1414 689 seu
1439 659 1534 689 Locis
1559 661 1592 689 et
1616 658 1797 689 Ordinibus

425 701 553 739 vestris,
567 701 790 730 communiter
803 701 853 731 vel
867 701 1008 739 divisim,
1021 712 1039 731 a
1053 703 1201 741 predicta
1215 702 1259 732 sit
1273 703 1357 732 Sede
1368 702 1542 732 indultum
1555 702 1643 742 quod
1658 701 1797 732 Nunciis

424 744 527 783 ipsius
545 744 638 774 Sedis
654 744 921 784 procuracionem
940 744 1082 784 aliquam
1103 745 1266 780 exhibere.
1286 745 1336 776 vel
1353 745 1385 775 iu
1405 756 1441 775 ea
1458 746 1667 775 contribuere
1685 745 1746 774 nisi
1763 744 1796 774 in

426 798 482 816 vos
493 787 740 825 declinaverint,
754 787 890 818 minime
908 788 1087 818 teneamini
1103 792 1137 818 et
1152 789 1191 818 ad
1210 789 1243 818 id
1262 789 1413 828 compelli
1431 799 1438 827 ;
1455 792 1514 819 aut
1530 789 1619 828 quod
1633 787 1797 826 interdici,

423 830 591 870 suspendi,
624 831 674 860 vel
706 830 984 861 excommunicari
1016 842 1081 861 non
1107 832 1239 871 possitis
1264 843 1320 871 per
1353 832 1479 862 Literas
1502 831 1707 871 Apostolicas
1731 841 1797 861 non

423 873 581 904 facientes
608 873 736 913 plenam
760 879 794 904 et
818 885 1014 914 expressam,
1032 875 1073 904 de
1097 875 1195 904 verbo
1218 876 1259 904 ad
1283 875 1433 912 verbum,
1455 876 1496 905 de
1521 875 1657 905 Indulto
1681 873 1795 914 hujus-

424 917 514 947 modi
538 917 754 955 mencionem,
779 920 813 948 et
844 917 1050 957 quibuslibet
1082 917 1265 953 Privileuiis
1296 924 1330 948 et
1354 918 1587 957 Indulgenciis,
1616 929 1652 948 ac
1678 917 1798 947 Literis

424 960 621 999 Apostolicis
638 961 914 1000 quibuscumque,
936 961 1026 991 Locis
1050 964 1083 990 et
1108 961 1259 991 Personis
1275 962 1326 992 vel
1351 962 1543 995 Ordinibus,
1560 961 1623 991 sub
1640 970 1797 1000 quacum-

425 1013 490 1042 que
506 1003 613 1033 forma
629 1009 663 1033 et
686 1004 894 1043 expressione
920 1004 1093 1034 verborum
1119 1005 1160 1033 ab
1183 1005 1297 1034 eadem
1322 1004 1491 1042 concessis,
1510 1005 1550 1034 de
1567 1004 1699 1044 quibus,
1717 1013 1794 1043 quo-

423 1057 565 1086 rumque
582 1046 662 1076 totis
680 1047 860 1083 tenoribus,
878 1047 919 1076 de
937 1047 1034 1077 verbo
1051 1047 1091 1077 ad
1108 1047 1245 1077 verbum
1264 1048 1296 1077 in
1315 1048 1437 1078 nostris
1461 1048 1581 1078 Literis
1606 1047 1731 1077 mencio
1755 1046 1799 1076 sit

423 1089 584 1128 habenda,
602 1093 635 1119 et
652 1100 709 1129 per
725 1100 789 1129 que
806 1090 967 1129 presentis
984 1091 1088 1120 nostri
1107 1091 1255 1120 Mandati
1271 1091 1406 1120 effectus
1424 1091 1531 1121 valeat
1548 1090 1799 1131 quomodolibet

422 1132 758 1172 impediri—Datum
787 1133 957 1171 Avinione,
974 1133 1050 1173 viij⁰
1073 1133 1154 1172 [die]
1180 1134 1300 1167 Marcii„
1328 1134 1546 1164 Pontificatus
1571 1134 1675 1164 nostri
1702 1134 1799 1163 Anno

422 1176 567 1206 secundo
585 1176 681 1214 [AD.
702 1176 982 1214 i372].—-Idcirco
999 1188 1055 1206 vos
1079 1187 1192 1207 omnes
1215 1181 1250 1207 et
1272 1177 1419 1216 singulos
1442 1177 1649 1217 supradictos
1676 1176 1799 1216 quibus

424 1229 556 1258 presens
585 1220 759 1249 Processus
787 1223 899 1249 noster
926 1220 1082 1259 dirigitur
1108 1220 1141 1250 in
1170 1220 1230 1250 hac
1258 1225 1360 1259 parte,
1385 1224 1419 1250 et
1443 1224 1592 1251 vestrum
1615 1220 1800 1260 quemlibet

422 1263 646 1292 communiter
665 1263 713 1292 vel
739 1262 881 1301 divisim,
901 1263 1109 1293 Auctoritate
1134 1263 1324 1303 Apostolica
1348 1264 1441 1294 nobis
1465 1263 1498 1293 in
1524 1264 1584 1294 hac
1608 1266 1701 1303 parte
1724 1273 1799 1293 con·

425 1316 523 1344 cessa,
542 1306 743 1346 requirimus
767 1309 801 1335 et
824 1316 1008 1345 monemus,
1034 1307 1151 1346 primo,
1170 1308 1326 1345 secundo,
1352 1311 1386 1337 et
1409 1307 1536 1344 terci03
1561 1307 1728 1346 vobisque,
1753 1306 1801 1336 ni-

422 1349 631 1387 chilominus,
659 1353 694 1379 et
720 1349 858 1379 cuilibet
886 1354 1044 1388 vestrum,
1074 1350 1107 1380 in
1133 1350 1259 1381 virtute
1288 1351 1408 1381 Sancte
1437 1350 1645 1387 Obediencie,
1673 1353 1708 1379 et
1738 1349 1801 1379 sub

424 1393 516 1432 penis
532 1392 761 1432 infrascriptis,
780 1392 930 1422 districte
951 1393 1170 1433 precipiendo,
1188 1394 1384 1423 mandamus
1408 1394 1566 1433 quatinus
1591 1393 1685 1423 nobis
1711 1393 1800 1423 Mille

423 1436 506 1466 CCC
524 1435 627 1475 xxxiij
647 1435 787 1466 florenos
803 1436 873 1465 auri
890 1436 931 1466 de
949 1436 1095 1474 Camera,
1109 1437 1239 1467 racione
1256 1441 1368 1467 nostre
1386 1437 1593 1474 provisionis,
1609 1436 1707 1477 juxta
1723 1446 1797 1466 con-

422 1482 516 1509 tenta
532 1479 696 1509 dictarum
716 1479 903 1509 Literarum
921 1479 1196 1519 Apostolicarum,
1215 1491 1273 1519 pro
1291 1484 1362 1510 toto
1379 1484 1527 1520 (empore
1544 1491 1619 1520 quo·
1633 1480 1666 1510 in
1687 1481 1797 1518 Regno

422 1525 456 1552 et
480 1522 635 1553 Partibus
659 1523 786 1562 Angue,
805 1523 914 1552 eundo
938 1534 993 1553 seu
1020 1523 1190 1561 morando,
1216 1534 1274 1562 pro
1298 1523 1395 1553 dictis
1419 1523 1560 1562 negociis
1584 1522 1797 1563 expediendis

422 1565 549 1596 fuimus
577 1569 612 1595 et
643 1566 908 1604 permansimus3
946 1576 1084 1604 necnon,
1113 1566 1251 1596 Notario
1282 1570 1394 1597 nostro
1425 1566 1635 1606 infrascripto
1666 1566 1707 1596 de
1738 1576 1798 1596 suo

423 1609 540 1639 salario
568 1609 740 1639 moderato
765 1620 823 1648 pro
847 1609 1041 1649 hujusmodi
1065 1609 1247 1649 scripturis,
1272 1610 1358 1640 infra
1381 1620 1437 1640 sex
1461 1610 1531 1640 dies
1555 1613 1630 1649 post
1652 1608 1797 1639 insinua-

423 1652 551 1682 cionem
582 1662 639 1682 seu
671 1652 931 1683 notificacionem
967 1653 1176 1683 presencium
1211 1653 1312 1691 vobis,
1345 1657 1419 1690 etc„
1454 1653 1586 1690 factam,
1618 1652 1798 1683 immediate

423 1698 599 1735 sequentes
623 1695 779 1735 (quorum
804 1706 860 1725 sex
884 1696 1013 1726 dierum
1039 1696 1174 1726 termini
1198 1707 1256 1735 pro
1280 1696 1394 1736 primo,
1413 1697 1566 1734 secundo,
1584 1699 1618 1726 et
1634 1696 1746 1733 tercio,
1763 1706 1800 1725 ac

422 1739 576 1769 omnibus
593 1739 812 1769 dilacionibus
829 1742 863 1769 et
880 1739 1032 1769 terminis
1055 1750 1092 1769 ac
1118 1740 1302 1770 Monicione
1327 1740 1499 1777 Canonica,
1519 1739 1610 1769 vobis
1636 1739 1797 1769 universis

425 1785 460 1812 et
476 1782 614 1821 singulis
631 1782 860 1821 assignamus),
879 1793 936 1821 per
952 1793 1009 1812 vos
1027 1783 1077 1812 vel
1094 1783 1195 1812 alium
1213 1783 1348 1813 solvatis
1365 1786 1399 1813 et
1415 1783 1588 1822 assignetis
1611 1782 1645 1812 in
1671 1783 1740 1812 loco
1764 1783 1796 1812 in

423 1836 490 1865 quo
506 1835 565 1855 nos
582 1835 650 1855 esse
667 1825 852 1864 contigerit,
871 1825 988 1855 vestris
1004 1826 1105 1855 eciam
1123 1826 1313 1865 sumptibus
1330 1829 1364 1856 et
1380 1826 1531 1865 expensis
1549 1836 1556 1863 ;
1580 1825 1725 1865 alioquin
1741 1836 1797 1855 vos

422 1879 536 1898 omnes
560 1872 594 1898 et
617 1868 764 1908 singulos
787 1869 1027 1908 suprascriptos
1051 1871 1085 1898 et
1111 1869 1296 1908 quemlibet
1323 1875 1481 1907 vestrum,
1513 1869 1601 1899 dicta
1632 1869 1798 1899 canonica

424 1911 607 1942 Monicione
631 1912 798 1950 premissa,
824 1912 856 1941 in
889 1911 951 1941 hiis
975 1912 1113 1951 Scriptis
1137 1912 1471 1943 excommunicamus.
1520 1912 1558 1942 In
1590 1912 1796 1951 Capitulum,

422 1965 507 1992 vero,
525 1955 614 1984 dicte
639 1954 782 1984 Ecclesie
807 1955 1038 1994 Suspensionis
1061 1955 1094 1984 in
1120 1955 1241 1985 eisdem
1267 1955 1414 1994 Scriptis,
1432 1959 1476 1993 et,
1493 1955 1606 1985 eadem
1633 1955 1797 1986 Canonica

424 1997 608 2028 Monicione
633 1997 802 2037 premissa,
822 1998 853 2027 in
879 1998 1002 2027 dictam
1030 1998 1206 2028 Ecclesiam
1231 1998 1415 2037 Interdicti,
1441 1999 1632 2030 Sentencias
1656 2009 1797 2037 exnunc,

422 2044 524 2081 prout
539 2045 673 2078 extunc,
691 2041 723 2071 iu
742 2041 865 2070 eisdem
883 2041 1030 2079 Scriptis,
1048 2045 1081 2071 et
1099 2041 1211 2071 eadem
1231 2042 1395 2072 Canonica
1420 2042 1604 2072 Monicione
1629 2042 1795 2082 premissa,

422 2084 560 2114 ferimus
576 2087 610 2114 et
635 2084 894 2123 promulgamus.
944 2085 1054 2122 Vobis,
1073 2096 1157 2123 vero,
1179 2085 1319 2115 Domino
1344 2085 1597 2125 Archiepiscopo
1622 2085 1795 2115 Cantuari-

423 2128 503 2165 ensi,
532 2127 585 2157 cui
611 2127 652 2157 ob
681 2127 900 2157 reverenciam
929 2127 1222 2168 Archiepiscopalis
1254 2128 1436 2166 Dignitatis
1468 2129 1648 2158 deferimus
1672 2129 1704 2158 in
1737 2128 1797 2158 hac

423 2174 524 2210 parte,
536 2171 625 2200 dicta
643 2170 806 2201 Canonica
823 2171 1006 2201 Monicione
1024 2172 1190 2210 premissa,
1204 2171 1389 2211 ingressum
1410 2172 1551 2202 Ecclesie
1567 2172 1797 2202 interdicimus

422 2215 456 2244 in
473 2214 536 2244 hiis
553 2214 700 2254 Scriptis„
750 2215 801 2252 Et,
818 2214 845 2244 si
862 2214 1057 2254 hujusmodi
1074 2214 1296 2244 Interdictum
1317 2226 1372 2254 per
1389 2219 1455 2245 tres
1472 2215 1540 2245 dies
1557 2214 1796 2253 sustinueritis,

422 2268 489 2293 vos,
514 2257 547 2287 in
572 2258 695 2287 eisdem
721 2257 869 2297 Scriptis,
887 2260 921 2288 et
945 2258 1032 2287 dicta
1058 2257 1241 2287 Monicione
1259 2258 1424 2289 Canonica
1440 2258 1607 2298 premissa,
1624 2258 1796 2297 suspendi-

422 2311 496 2331 mus
512 2311 530 2330 a
549 2301 687 2330 Divinis.
736 2300 874 2338 Verum,
893 2301 919 2330 si
938 2301 1081 2340 prefatas
1099 2301 1273 2331 Inter-dicti
1290 2304 1324 2331 et
1348 2301 1580 2340 Suspensionis
1604 2301 1796 2331 Sentencius

422 2355 480 2384 per
503 2344 582 2374 alios
606 2347 673 2373 tres
697 2343 766 2374 dies
783 2347 907 2373 extunc
930 2343 1109 2374 inmediate
1132 2348 1309 2383 sequentes
1333 2344 1568 2382 sustinueritis,
1586 2345 1674 2384 quod
1698 2344 1794 2383 absit,

423 2387 533 2417 animo
564 2387 729 2423 indurate,
765 2397 832 2423 vos,
868 2390 942 2424 etc,
978 2387 1341 2418 Excommunicaciouis
1373 2387 1549 2418 Sentencia
1586 2388 1794 2418 innodamus.

423 2430 577 2468 Demum,
594 2430 807 2460 attendentes
823 2430 911 2470 quod
929 2441 1013 2460 onus
1029 2432 1061 2460 in
1080 2434 1189 2469 partes
1205 2431 1349 2460 divisum
1366 2431 1495 2461 facilius
1519 2431 1744 2470 subportetur,
1762 2434 1797 2460 et

421 2474 612 2504 affectantes
637 2484 686 2511 ne,
712 2473 839 2503 racione
871 2473 1096 2513 provisionum
1122 2472 1317 2513 hujusmodi
1339 2477 1374 2503 et
1396 2473 1667 2511 subvencionum,
1692 2473 1799 2504 omnis

423 2517 539 2547 Clerus
563 2516 729 2546 dictarum
755 2516 939 2546 Civitatum
963 2519 997 2546 et
1021 2516 1208 2546 Diocesium
1234 2517 1308 2556 plus
1333 2517 1445 2547 debito
1470 2519 1695 2556 prem-avetur,
1720 2527 1793 2546 con-

421 2560 618 2590 tributorem
637 2560 677 2589 ad
695 2559 977 2589 contribuendum
1003 2570 1069 2589 una
1086 2559 1255 2589 vobiscum
1279 2559 1313 2589 in
1338 2560 1579 2599 provisionibus
1596 2563 1630 2590 et
1654 2560 1795 2590 subven-

421 2603 571 2633 cionibus
608 2602 812 2642 hujusmodi,
848 2602 999 2632 videlicet
1026 2603 1269 2638 Reverendum,
1301 2605 1373 2640 etc„
1408 2603 1590 2633 Dominum
1622 2603 1793 2642 Archiepi-

421 2656 557 2685 scopum
586 2646 826 2675 Eboracensem
853 2646 884 2674 in
910 2645 993 2675 CCC
1010 2645 1113 2685 xxxiij
1143 2645 1273 2675 florenis
1296 2646 1367 2675 auri
1391 2646 1431 2675 de
1456 2646 1602 2681 Camera‚
1630 2657 1695 2676 una
1718 2656 1793 2676 cum

423 2689 572 2718 Dominis
592 2688 759 2727 Episcopis
775 2688 843 2718 suis
860 2688 1091 2728 Suffraganeis,
1105 2693 1139 2717 et
1155 2688 1227 2718 aliis
1241 2689 1379 2718 prelatis
1394 2689 1563 2719 Provincie
1582 2689 1795 2719 Eboracensis

420 2731 577 2769 predicte,
609 2742 791 2771 eorumque
822 2731 1007 2762 Civitatum
1039 2735 1073 2761 et
1104 2731 1292 2761 Diocesium
1325 2732 1458 2762 Clerum
1483 2735 1518 2762 et
1553 2732 1795 2762 Ecclesiasticas

420 2775 588 2813 Personas,
615 2778 787 2814 exemptos
815 2777 850 2805 et
875 2784 940 2804 non
968 2775 1150 2815 exemptos,
1182 2774 1294 2814 vigore
1321 2775 1497 2815 potestatis
1521 2775 1615 2806 nobis
1639 2775 1673 2805 in
1697 2775 1795 2806 dictis
