1987 3062
315 232 408 274 464

312 344 345 370 A.
352 344 387 371 D.

312 379 386 404 1382.

312 411 455 443 [Vol.II.]

527 243 625 275 THE
660 242 899 276 REGISTER
937 242 995 274 OF
1032 241 1207 275 BISHOP
1244 242 1641 278 BRANTYNGHAM.

464 351 578 379 nostro
595 349 635 378 de
653 348 838 386 Otteforde,
851 347 1037 388 penultimo
1054 348 1107 378 die
1124 347 1246 378 mensis
1264 348 1353 387 Maii,
1369 349 1452 380 A.D.
1470 349 1675 381 MO.CCC1¹¹0
1691 349 1836 392 lxxxide

463 396 498 422 et
521 395 632 423 nostre
656 392 898 422 Translacionis
922 402 1008 421 anno
1033 391 1305 432 primo—Cujus
1329 393 1529 423 auctoritate
1554 394 1715 432 Mandati,
1741 396 1844 434 vobis,

464 436 655 466 Reverende
674 436 780 473 Pater,
799 445 875 465 cum
893 445 929 465 ea
945 445 1009 475 qua
1027 436 1122 465 decet
1146 436 1342 473 reverencia,
1360 436 1500 467 firmiter
1522 436 1729 477 injungendo
1752 448 1842 469 man—

463 480 581 509 damus
598 479 758 518 quatinus
775 478 886 508 omnia
898 482 932 508 et
947 479 1076 517 singula
1093 478 1125 508 in
1144 479 1302 509 Mandato
1320 479 1482 518 prelibato
1498 485 1665 518 contenta,
1677 485 1843 520 quatenus

462 533 529 560 vos,
548 522 729 553 Civitatem
753 526 787 552 ct
812 522 977 552 Diocesim
1001 526 1138 560 vestras,
1155 526 1215 552 aut
1238 533 1394 562 personas
1417 524 1609 561 earundem,
1627 528 1842 563 concernunt,

461 567 560 606 juxta
587 565 727 595 formam
761 568 795 595 et
825 568 971 595 tenorem
997 565 1159 605 ejusdem,
1188 565 1378 596 execucioni
1406 566 1551 606 plenarie
1576 568 1785 598 demandetis
1809 573 1844 599 et

462 609 590 640 faciatis
614 609 832 639 effectualiter
855 608 1057 640 demandari.
1104 609 1179 647 Vos,
1197 609 1309 646 eciam,
1327 610 1452 647 eadem,
1477 613 1644 650 quatenus
1667 621 1841 651 personam

462 656 605 683 vestram
624 653 835 691 contingunt,
852 652 974 682 curetis
991 652 1186 690 diligencius
1209 652 1399 692 adimplere.
1450 653 1504 690 Et,
1521 653 1666 694 insuper,
1684 665 1723 685 ex
1748 658 1842 694 parte

463 696 544 726 dicti
566 695 772 726 Venerabilis
797 696 914 733 Patris,
933 705 989 725 vos
1013 695 1197 733 hortamur,
1215 706 1273 735 per
1296 696 1517 736 aspersionem
1541 698 1711 736 sanguinis
1735 698 1839 729 Jliesu

463 739 598 777 Christi,
616 739 715 778 quod,
733 749 819 777 cum,
832 738 931 778 juxta
947 740 1123 769 Sacrorum
1142 739 1315 769 Canonum
1334 740 1506 777 Instituta,
1518 740 1550 770 in
1564 743 1681 771 vestris
1695 741 1841 772 Civitate

461 787 495 813 et
518 783 649 813 Diocesi
672 782 851 822 inquisitor
874 782 1025 812 existatis
1049 782 1192 812 heretice
1216 783 1400 822 pravitatis,
1418 783 1459 813 de
1483 783 1650 823 premissis
1668 795 1837 825 presump-

461 827 590 857 toribus
613 826 790 865 diligenter
813 828 847 856 et
870 825 997 856 solicite
1013 826 1200 866 inquiratis,
1217 836 1253 856 ac
1276 830 1392 856 contra
1415 837 1478 864 eos,
1495 827 1594 867 juxta
1612 827 1719 858 Officii
1737 829 1839 859 vestri

460 869 623 907 debitum,
641 869 860 899 effectualiter
878 869 1072 908 procedatis,
1088 869 1129 899 ad
1147 869 1278 899 laudem
1297 874 1330 900 et
1353 870 1512 900 honorem
1538 871 1695 901 Crucifixi
1720 875 1753 901 et
1777 872 1838 902 sal-

459 914 627 943 vacionem
654 913 746 943 Fidei
772 912 1124 944 Ortodoxe.—Datum
1152 913 1341 950 Londoniis,
1361 913 1414 943 die
1438 913 1558 953 quinta.
1582 914 1704 945 mensis
1728 915 1834 953 Junii,

459 957 545 987 A.D.
565 957 624 987 ΜΟ.
647 956 774 987 CCCmo
791 953 944 996 lxxxij<¹0,
962 959 995 986 et
1012 958 1124 987 nostre
1141 956 1407 987 Consecracionis
1424 957 1522 987 Anno
1544 957 1661 997 primo.

306 1009 363 1039 [fol.
414 1011 496 1048 The
536 1011 752 1048 Pestilence
786 1012 824 1047 in
856 1010 1060 1059 England,
1094 1010 1327 1047 Mandatum
1355 1011 1639 1059 Ao‘chz'episcopz‘
1667 1019 1708 1049 ut
1727 1014 1837 1060 fiant

305 1043 361 1073 fib]

469 1065 722 1102 Processiones
741 1071 774 1101 et
805 1064 1005 1102 Oracz'ones
1034 1064 1208 1111 speciales
1236 1078 1279 1101 (ιε
1307 1065 1423 1101 Misse
1451 1066 1679 1103 celebrentur
1706 1073 1838 1104 eontra,

468 1119 733 1156 Pestilencz'aaem
753 1119 1079 1163 dominantem,—

414 1174 571 1205 Directed
587 1176 621 1203 to
638 1172 695 1203 the
713 1172 836 1212 Bishop
853 1172 887 1202 ot
902 1172 1051 1210 London,
1070 1171 1143 1202 who
1160 1172 1307 1202 received
1324 1172 1352 1202 it
1377 1174 1394 1203 3
1412 1173 1510 1211 June,
1528 1173 1593 1203 and
1611 1177 1687 1204 sent
1711 1184 1729 1204 a
1752 1184 1836 1215 copy

301 1692 357 1723 [sol.
373 1694 411 1723 6.]

457 1221 492 1247 to
508 1217 565 1247 the
584 1216 705 1255 Bishop
723 1215 755 1245 of
773 1216 907 1253 Exeter,
928 1216 945 1246 5
963 1216 1052 1246 June
1071 1216 1291 1246 1—Terribilis
1309 1226 1408 1256 super
1425 1216 1508 1247 filios
1528 1216 1703 1248 hominum
1728 1218 1831 1255 Deus,

456 1260 564 1300 Cujus
594 1260 734 1290 nutibus
765 1259 958 1289 subduntur
988 1259 1099 1289 omnia
1130 1259 1196 1289 Sue
1220 1259 1413 1290 Voluntatis
1443 1260 1589 1300 imperiO,
1617 1270 1700 1300 quos
1724 1261 1834 1301 diligit

454 1303 565 1343 arguit
581 1306 614 1333 et
631 1303 781 1342 castigat,
798 1303 962 1343 variisque
984 1302 1187 1342 flagiciorum
1211 1306 1244 1332 et
1268 1306 1507 1342 tempestatum
1531 1304 1707 1344 generibus
1730 1315 1834 1345 quan-

455 1348 564 1387 doque
587 1346 686 1386 punit
708 1346 945 1386 temporaliter,
972 1349 1010 1376 ut
1033 1356 1087 1376 eos
1110 1346 1302 1376 eternaliter
1325 1357 1390 1377 non
1414 1347 1645 1387 condempnet.
1694 1348 1738 1378 Et
1762 1348 1833 1386 hoc,

454 1391 630 1430 siquidem,
650 1391 798 1429 Regnum
819 1389 936 1429 Anglie
952 1400 1146 1429 guerrarum
1164 1390 1411 1420 discriminibus
1424 1400 1489 1430 que
1505 1391 1608 1430 ipsius
1625 1391 1833 1422 diversarum

454 1434 679 1464 substanciam
708 1433 910 1463 exhauriunt
933 1437 967 1463 et
990 1436 1204 1471 consumunt,
1229 1436 1263 1463 et
1286 1433 1358 1463 aliis
1382 1434 1499 1464 multis
1522 1434 1673 1471 miseriis,
1699 1438 1835 1475 propter

453 1477 623 1517 superbias
654 1480 688 1507 et
718 1476 894 1507 abusiones
924 1476 1104 1506 incolarum
1137 1476 1376 1507 invalescentes
1408 1477 1483 1517 plus
1510 1477 1608 1508 solito
1639 1488 1676 1508 ac
1699 1482 1834 1518 peccata

452 1531 567 1551 eorum
584 1520 767 1558 innumera,
786 1520 902 1550 multis
920 1520 1125 1560 temporibus
1142 1520 1317 1551 turbatum
1343 1521 1458 1551 extitit
1479 1523 1514 1551 et
1529 1520 1700 1559 afflictum,
1717 1524 1751 1552 et
1776 1532 1833 1561 per

453 1564 662 1604 pestilencias
688 1574 724 1593 ac
752 1563 957 1593 diversarum
987 1573 1108 1603 genera
1135 1566 1386 1603 tempestatum,
1413 1574 1477 1604 que
1503 1563 1572 1604 jam
1601 1565 1657 1595 diu
1690 1565 1723 1595 in
1759 1565 1831 1595 aliis

452 1608 575 1646 Reguis
592 1607 744 1637 dolenter
759 1607 991 1644 efferbuerant,
1009 1607 1187 1637 dubitatur
1203 1607 1354 1647 deprimi,
1372 1607 1435 1637 nisi
1452 1607 1637 1638 misericors
1655 1608 1829 1646 Dominus,

452 1651 493 1681 ad
511 1650 675 1681 Fidelium
694 1660 805 1690 preces
821 1660 1011 1687 conversus,
1029 1651 1111 1680 iram
1130 1650 1300 1681 contineat
1323 1654 1357 1681 et
1381 1650 1604 1681 misericordie
1628 1652 1830 1683 recordetur.

452 1694 550 1725 Unde
582 1693 888 1724 Excellentissimus
920 1693 1085 1733 Princeps,
1116 1697 1189 1731 etc.,
1217 1694 1387 1731 Ricardus
1411 1697 1489 1731 etc„
1516 1694 1676 1734 premissa
1699 1694 1831 1726 intenta

451 1737 669 1768 meditacione
686 1737 904 1774 considerans,
922 1737 1016 1767 nobis
1040 1737 1073 1767 in
1098 1737 1194 1777 pleno
1218 1748 1277 1767 suo
1302 1737 1535 1775 Parliamento,
1561 1748 1626 1768 una
1650 1748 1726 1768 cum
1751 1738 1828 1769 Pro-

451 1781 580 1811 ceribus
604 1784 638 1811 et
670 1780 921 1811 Communitate
945 1780 1050 1819 Regni
1072 1781 1124 1810 sui
1148 1784 1229 1810 tunc
1252 1781 1472 1820 presentibus,
1497 1781 1680 1812 ili-stancius
1704 1782 1828 1821 suppli-

451 1824 539 1854 cavit
556 1826 595 1854 ut
612 1834 669 1864 pro
686 1834 764 1863 pace
781 1824 902 1854 Sancte
920 1823 1063 1853 Ecclesie
1080 1834 1115 1854 ac
1133 1824 1237 1863 Regni
1253 1824 1315 1862 sui,
1333 1827 1367 1855 et
1384 1824 1466 1854 aeris
1483 1824 1652 1864 temperie,
1671 1826 1829 1865 quodque

451 1868 602 1907 Regnum
628 1877 726 1897 suum
746 1867 860 1906 Anglie
878 1867 918 1896 ab
941 1867 1137 1905 hujusmodi
1161 1867 1310 1905 miseriis,
1329 1867 1538 1908 pestilenciis,
1556 1868 1824 1908 tempestatibus,

451 1914 485 1941 et
519 1910 694 1941 subitanea
725 1914 840 1948 morte,
872 1910 946 1949 Ipse
983 1910 1073 1940 Deus
1102 1910 1322 1950 Omnipotens
1358 1921 1417 1941 sua
1455 1921 1573 1950 magna
1604 1911 1827 1943 misericordia

450 1953 558 1984 salvet
580 1956 615 1983 et
637 1953 813 1991 custodiat,
832 1963 941 1992 preces
958 1953 1095 1983 devotas
1111 1953 1209 1984 fundi
1233 1964 1290 1993 per
1313 1957 1419 1984 totam
1443 1958 1592 1984 nostram
1617 1954 1824 1985 Provinciam

450 1997 642 2027 faceremus.
676 1996 801 2034 Vestre,
815 1996 927 2036 igitur,
946 1996 1162 2026 Fraternitati
1178 1996 1387 2036 injungimus
1403 2000 1438 2027 et
1454 1999 1651 2028 mandamus
1667 1998 1826 2038 quatinus

450 2050 526 2070 cum
543 2039 712 2070 celeritate
730 2039 886 2079 possibili,
904 2040 1058 2070 omnibus
1081 2042 1115 2070 et
1139 2040 1277 2079 singulis
1301 2040 1423 2070 nostris
1447 2041 1683 2072 Confratribus
1706 2044 1740 2072 et
1764 2041 1824 2072 Co-

450 2083 618 2123 episcopis,
636 2086 748 2113 nostre
766 2082 1014 2113 Cantuariensis
1031 2083 1174 2113 Ecclesie
1191 2083 1692 2124 Suffraganeis,absenciumque
1708 2095 1825 2115 eorun-

449 2127 537 2164 dem,
556 2127 583 2156 si
600 2126 657 2166 qui
674 2126 811 2163 fuerint,
824 2126 961 2156 Vicariis
979 2126 1206 2164 Generalibus,
1220 2130 1254 2157 et
1270 2137 1384 2157 eorum
1397 2127 1467 2157 loca
1480 2127 1682 2166 tenentibus
1696 2138 1823 2159 necnon

449 2170 589 2201 Custodi
614 2169 870 2209 Spiritualitatis
887 2170 1034 2200 Diocesis
1058 2170 1260 2208 Assavensis,
1286 2170 1370 2200 Sede
1393 2170 1516 2200 ibidem
1535 2174 1680 2209 vacante,
1699 2171 1767 2202 vice
1791 2176 1825 2202 et

447 2213 648 2244 auctoritate
664 2212 794 2250 nostris,
811 2212 953 2243 firmiter
968 2212 1152 2253 injungatis
1170 2216 1208 2243 ut
1231 2213 1294 2253 ipsi
1317 2213 1440 2252 singuli
1463 2224 1539 2244 suos
1561 2214 1714 2245 subditos
1730 2214 1825 2245 indu-

447 2260 525 2287 cant
541 2260 575 2286 et
590 2259 757 2294 moneant,
775 2256 929 2286 inducive
945 2256 1069 2286 faciant
1085 2259 1119 2286 et
1137 2256 1270 2294 moneri,
1291 2259 1329 2287 ut
1346 2257 1512 2296 premissis
1530 2257 1592 2297 piis
1616 2257 1823 2288 oracionibus

447 2300 659 2331 Altissimum
677 2299 900 2339 interpellent,
917 2300 1046 2339 ipsique
1062 2299 1167 2330 nostri
1178 2300 1394 2339 Suffraganei,
1413 2303 1447 2331 et
1463 2301 1563 2331 ceteri
1576 2300 1609 2331 in
1620 2301 1823 2332 Sacerdotali

448 2343 571 2374 Ordine
588 2343 772 2381 constituti,
791 2343 906 2373 Missas
922 2343 1090 2373 celebrent
1105 2343 1138 2373 in
1162 2343 1284 2383 quibus
1307 2343 1472 2374 oraciones
1495 2344 1697 2384 subscriptas
1721 2345 1822 2384 speci-

446 2386 542 2417 aliter
572 2386 709 2423 dicant;
748 2386 998 2426 predicat-iones,
1024 2386 1136 2423 eciam,
1161 2386 1278 2417 diebus
1308 2390 1343 2417 et
1372 2386 1450 2417 locis
1481 2387 1759 2426 competentibus
1788 2391 1823 2419 et

446 2429 669 2470 processiones
691 2429 830 2468 singulis
853 2429 981 2469 quartis
1005 2432 1039 2460 et
1062 2429 1164 2460 sextis
1186 2429 1277 2460 feriis
1299 2429 1433 2468 faciant,
1458 2440 1515 2460 seu
1540 2434 1718 2470 procurent
1741 2431 1821 2469 fieri,

446 2473 575 2513 aliaque
605 2473 657 2512 pie
690 2472 885 2512 placacionis
912 2473 1016 2503 officia
1043 2477 1235 2503 excerceant
1262 2473 1435 2503 humiliter
1457 2476 1492 2503 et
1515 2474 1644 2510 devote,
1669 2477 1708 2504 ut
1732 2474 1823 2504 Deus

446 2521 558 2546 noster
582 2515 811 2555 Omnipotens,
836 2526 951 2546 eorum
974 2515 1126 2555 precibus
1150 2516 1383 2556 complacatus,
1409 2516 1574 2556 Populum
1598 2517 1819 2556 Anglicanum

447 2560 487 2589 de
506 2558 781 2589 tribulacionibus
797 2558 992 2599 hujusmodi
1009 2558 1136 2599 eripiat,
1155 2560 1287 2599 Sueque
1302 2559 1408 2599 gracie
1425 2559 1486 2590 sibi
1504 2562 1629 2600 prestet
1644 2561 1817 2598 auxilium,

447 2606 548 2642 atque
565 2613 582 2632 a
600 2605 839 2642 tempestatum
858 2602 1010 2641 periculis
1027 2606 1061 2632 et
1073 2602 1247 2632 subitanea
1263 2606 1370 2632 morte
1387 2608 1563 2642 preservet,
1578 2603 1646 2633 Sua
1661 2603 1819 2634 ineffabili

446 2647 578 2686 pietate.
621 2645 674 2683 Et,
693 2649 731 2675 ut
748 2648 876 2675 mentes
894 2645 1058 2676 Fidelium
1075 2649 1187 2676 nostre
1205 2646 1375 2676 Provincie
1392 2646 1432 2676 ad
1450 2646 1607 2686 premissa
1623 2647 1817 2687 propensius

446 2689 643 2726 excitentur,
661 2688 816 2718 omnibus
840 2688 1045 2719 Christicolis
1069 2699 1126 2728 per
1149 2689 1273 2720 dictam
1297 2692 1445 2719 nostram
1470 2689 1675 2720 Provinciam
1698 2690 1816 2720 consti-

446 2732 539 2769 tutis,
558 2731 758 2772 depeccatis
781 2731 850 2761 suis
874 2742 947 2761 vere
972 2732 1136 2770 contritis,
1154 2742 1212 2772 pro
1236 2732 1402 2772 premissis
1426 2732 1542 2762 Missas
1565 2732 1816 2771 celebrantibus,

445 2774 687 2814 predicaciones
704 2774 755 2804 vel
775 2775 996 2814 processiones
1013 2775 1222 2813 facientibus,
1240 2779 1300 2805 aut
1316 2775 1393 2815 ipsis
1410 2775 1528 2805 devote
1544 2775 1817 2806 interessentibus

443 2821 475 2848 et
492 2817 675 2856 orantibus,
692 2827 819 2848 necnon
837 2817 901 2848 illis
918 2818 985 2861 qui,
1004 2821 1138 2860 propter
1160 2818 1308 2851 locorum
1333 2818 1528 2851 distanciam
1547 2821 1605 2850 aut
1621 2818 1700 2851 alias
1716 2819 1816 2861 impe-
