1987 3062
337 212 397 254 64
535 221 633 254 THE
670 222 908 255 REGISTER
944 223 1003 255 OF
1044 223 1218 256 BIsHOP
1260 224 1658 260 BRANTYNGHAM.

332 327 407 354 ΑΛ)-
484 327 668 368 proximam
685 330 760 368 post
773 327 911 358 Festum
922 327 1042 358 Sancte
1055 328 1240 368 Scolastice,
1254 329 1410 368 Virginis,
1426 330 1577 370 proximo
1593 333 1676 361 tunc
1691 330 1858 367 futurum,

332 362 436 420 &glo-lli
485 374 585 411 prout
600 372 633 401 in
652 371 891 402 Certificatorio
906 372 983 402 inde
999 372 1087 402 facto
1104 372 1234 411 plenius
1250 373 1442 404 continetur
1458 384 1466 412 3
1484 374 1581 414 cujus
1597 376 1693 404 tenor
1705 374 1746 404 de
1759 372 1859 404 verbo

358 403 374 421 ⁰
389 415 394 420 '
440 414 446 420 ”
483 415 524 445 ad
541 415 679 445 verbum
697 415 850 455 sequitur
865 415 899 445 in
916 415 976 445 hec
992 415 1091 445 verba
1107 426 1160 446 :—

440 459 641 496 Reverendo,
659 461 731 495 etc.,
751 458 935 488 Willelmus
959 458 1127 498 Trevellys
1150 461 1185 489 et
1209 459 1309 498 Hugo
1332 458 1502 498 Bridham,
1522 462 1631 491 vestre
1650 458 1859 491 Cathedralis

482 502 625 532 Ecclesie
642 501 837 532 Exoniensis
855 502 1020 540 Canonici,
1040 512 1058 531 a
1076 502 1281 532 Paternitate
1297 506 1407 533 vestra
1430 504 1609 534 reverenda
1634 502 1859 534 Commissarii

481 545 523 575 ad
539 545 748 585 infrascripta
765 544 950 584 specialiter
962 545 1124 584 deputati,
1137 545 1374 584 obedienciam,
1390 547 1696 577 etc—Mandatum
1709 549 1858 577 vestrum

481 589 700 619 reverendum
729 588 915 628 penultimo
942 588 995 618 die
1022 588 1144 618 mensis
1167 589 1327 626 Januarii,
1354 590 1451 619 Anno
1476 590 1612 620 Domini
1635 589 1857 629 infrascriptO,

481 632 675 672 recepimus,
707 634 857 662 tenorem
889 631 1062 662 continens
1094 631 1567 672 subsequentem,—Thomas,
1601 634 1858 664 etc—Vacante

483 675 683 706 Monasterio
710 675 938 715 Tavystochie,
963 678 1039 713 etc.,
1061 685 1119 715 per
1146 678 1287 705 mortem
1312 676 1459 715 Dompni
1483 676 1645 716 Stephani
1668 677 1709 706 de
1733 677 1857 715 Lange-

481 720 576 758 done,
598 718 710 748 ultimi
726 718 867 748 Abbatis
891 718 1051 757 ejusdem,
1070 721 1103 748 et
1120 719 1267 757 demum,
1286 722 1362 759 post
1386 719 1570 750 Licenciam
1595 719 1730 759 Regiam
1748 720 1781 750 in
1798 719 1859 749 hac

482 765 576 802 parte
592 761 741 792 habitam
758 762 798 791 de
815 761 964 800 eligendo
982 761 1137 792 futurum
1156 762 1329 801 Abbatem,
1349 763 1443 793 Prior
1459 765 1493 793 et
1510 763 1747 794 Commonachi
1770 762 1857 803 ejus-

481 806 557 836 dem
586 805 778 835 Monasterii
805 805 973 844 quendam
1005 805 1167 835 Thomam
1199 805 1373 846 Cullynge,
1399 806 1547 846 ipsorum
1580 806 1793 837 Confratrem
1823 806 1857 836 in

480 849 596 879 eodem
625 848 835 886 Monasterio,
861 848 1019 879 Ordinem
1044 851 1078 879 et
1105 849 1261 888 Regulam
1286 849 1399 880 Sancti
1424 849 1596 880 Benedicti
1619 850 1721 880 tacite
1742 852 1777 880 et
1800 860 1856 880 cx-

480 903 591 932 presse
608 892 802 932 professum,
829 902 885 931 per
910 892 994 921 viam
1021 892 1248 931 compromissi
1266 896 1300 922 et
1317 893 1491 932 Canonice,
1509 896 1549 923 ut
1565 893 1734 930 asseritur,
1753 893 1858 932 elege-

483 939 573 974 runt,
591 939 625 965 et
641 938 742 975 prout
758 935 790 964 in
810 935 950 965 Decreto
966 935 1043 965 inde
1060 935 1148 965 facto
1171 934 1296 966 dicitur
1318 936 1450 975 plenius
1473 936 1658 974 contineri3
1682 947 1741 975 pro
1765 939 1858 976 parte

479 979 576 1019 cujus
594 978 700 1009 Electi
717 978 811 1008 nobis
828 978 943 1008 extitit
959 978 1185 1018 supplicatum
1209 981 1249 1009 ut
1271 979 1313 1009 ad
1338 979 1634 1010 Confirmacionem
1658 979 1855 1020 hujusmodi

480 1023 653 1063 procedere
681 1032 881 1052 curaremus,
929 1022 999 1059 Set,
1025 1032 1066 1052 ne
1093 1032 1150 1062 per
1175 1022 1382 1061 repentinam
1408 1022 1716 1062 Confirmacionem,
1742 1026 1858 1053 contra

478 1066 663 1096 doctrinam
682 1065 844 1105 Apostoli,
864 1065 978 1095 Electo
995 1065 1190 1105 hujusmodi
1213 1075 1331 1096 manus
1354 1076 1518 1106 apponere
1535 1066 1716 1104 videamur,
1730 1066 1860 1097 dilectis

479 1110 563 1147 filiis,
589 1108 727 1140 Officiali
752 1108 983 1138 Archidiaconi
1006 1109 1112 1138 nostri
1136 1109 1293 1139 Tottonie
1316 1112 1351 1140 et
1375 1110 1510 1140 Decano
1533 1108 1764 1151 Tavystochie,
1782 1120 1856 1140 con-

477 1153 623 1193 junctim
639 1155 674 1182 et
689 1151 831 1189 divisim,
849 1152 1002 1182 dedimus
1019 1152 1052 1182 in
1070 1152 1237 1183 mandatis
1254 1153 1294 1182 de
1310 1152 1472 1191 faciendo,
1490 1156 1529 1183 ut
1545 1157 1596 1183 est
1613 1153 1713 1184 moris
1736 1154 1770 1183 in
1784 1153 1857 1184 tali-

479 1197 551 1233 bus,
569 1196 603 1226 in
622 1195 766 1225 Ecclesia
784 1195 975 1225 Monasterii
993 1195 1133 1235 predicti
1159 1195 1457 1235 proclamacionem
1482 1196 1649 1236 publicam
1667 1200 1701 1227 et
1717 1197 1857 1236 solemp-

479 1250 567 1277 nem,
586 1239 675 1269 intra
691 1238 869 1268 Missarum
893 1239 1086 1278 solempnia,
1114 1241 1162 1277 ut,
1187 1239 1214 1269 si
1239 1239 1296 1278 qui
1319 1239 1425 1269 velint
1441 1242 1476 1270 et
1495 1240 1626 1270 valeant
1643 1250 1676 1270 se
1693 1250 1858 1280 opponere

477 1286 592 1313 contra
610 1281 815 1312 Eleccionem
833 1281 938 1321 ipsam
956 1292 1012 1312 seu
1031 1292 1205 1321 personam
1228 1282 1345 1319 Electi,
1366 1283 1587 1323 peremptorie
1604 1286 1638 1313 et
1655 1284 1858 1314 sufficienter

478 1328 691 1365 compareant
707 1334 816 1355 coram
834 1325 935 1363 vobis,
952 1325 986 1355 in
1007 1325 1149 1355 Ecclesia
1165 1328 1279 1356 nostra
1297 1326 1477 1356 Exoniensi
1494 1326 1653 1366 predicta,
1671 1327 1724 1357 die
1741 1327 1859 1357 Martis

482 1369 633 1410 proximo
650 1371 726 1408 post
743 1368 881 1398 Festum
900 1368 1143 1399 Purificacionis
1161 1369 1262 1399 Beate
1286 1369 1389 1399 Mai-ie
1413 1370 1563 1409 proximo
1579 1380 1668 1400 nunc
1685 1370 1854 1408 futurum,

478 1412 702 1453 opposiciones
719 1422 795 1442 suas
812 1411 1007 1452 hujusmodi
1023 1412 1057 1442 in
1074 1412 1180 1442 forma
1196 1412 1280 1452 juris
1296 1413 1508 1452 proposituri,
1523 1416 1557 1443 et
1573 1423 1625 1443 eas
1642 1413 1860 1444 effectualiter

478 1455 695 1497 prosecuturi,
714 1455 921 1495 ulteriusque
940 1455 1059 1486 facturi
1077 1458 1111 1485 et
1128 1455 1303 1495 recepturi,
1321 1466 1397 1486 cum
1414 1456 1666 1487 continuacione
1690 1460 1725 1487 et
1747 1467 1856 1497 proro-

477 1500 611 1540 gacione
626 1499 775 1529 locorum
793 1501 827 1528 et
843 1499 973 1528 dierum
997 1502 1079 1529 tunc
1102 1499 1329 1539 sequencium,
1347 1500 1437 1539 quod
1460 1500 1638 1531 dictaverit
1659 1500 1740 1530 ordo
1763 1499 1857 1540 juris,

480 1544 531 1574 Ad
548 1542 784 1582 recipiendum,
802 1542 915 1581 igitur,
928 1542 1208 1573 Certificatorium
1224 1543 1492 1582 proclamacionis
1506 1543 1661 1583 predicte,
1676 1546 1710 1574 et
1722 1543 1857 1574 audien-

480 1587 572 1624 dum,
597 1585 696 1616 dictis
719 1585 772 1615 die
796 1588 831 1615 et
853 1585 932 1624 loco,
958 1585 1154 1626 hujusmodi
1177 1589 1391 1626 opponentes,
1415 1586 1442 1616 si
1466 1586 1524 1626 qui
1540 1586 1668 1617 fuerint
1691 1589 1725 1617 et
1748 1597 1857 1618 coram

480 1630 572 1660 vobis
602 1628 857 1669 comparuerint,
886 1628 1033 1668 ipsisque
1060 1632 1094 1659 et
1122 1629 1237 1659 Electo
1261 1629 1409 1668 predicto
1439 1629 1544 1668 ipsam
1573 1629 1661 1660 diem
1687 1640 1792 1670 usque
1815 1630 1857 1661 ad

478 1674 575 1704 aliam
593 1675 850 1712 competentem,
867 1675 967 1711 prout
992 1672 1146 1711 expedire
1169 1672 1329 1710 videritis,
1347 1672 1613 1703 continuandum
1630 1676 1665 1703 et
1682 1684 1856 1714 prorogan-

478 1717 590 1753 dum;
625 1719 668 1753 et,
694 1715 728 1745 in
756 1725 832 1745 casu
860 1725 926 1754 quo
950 1715 1035 1745 nulli
1063 1715 1268 1754 oppositores
1295 1715 1492 1755 hujusmodi
1520 1716 1777 1756 comparuerint,
1804 1717 1857 1748 vel

478 1759 577 1790 nichil
596 1762 710 1789 contra
726 1758 868 1788 formam
885 1758 1032 1798 predicte
1049 1758 1231 1788 Eleccionis
1254 1762 1314 1789 aut
1336 1769 1509 1798 personam
1527 1759 1633 1790 Electi
1650 1760 1857 1799 propositum

478 1803 581 1834 fuerit
598 1812 707 1832 coram
730 1801 832 1840 vobis,
857 1801 903 1831 eis
927 1801 1013 1832 viam
1038 1801 1217 1842 quicquam
1242 1802 1447 1841 proponendi
1470 1802 1511 1832 de
1534 1805 1642 1833 cetero
1659 1803 1856 1843 precluden-

479 1848 561 1877 dum
579 1857 586 1883 ;
610 1845 712 1882 vobis,
731 1844 937 1884 conjunctim
954 1847 988 1874 et
1004 1845 1146 1883 divisim,
1160 1846 1201 1875 de
1212 1855 1355 1885 quorum
1368 1845 1673 1885 circumspeccionis
1689 1846 1857 1878 industria

480 1890 612 1930 plenam
642 1888 677 1919 in
708 1888 852 1918 Domino
883 1888 1039 1918 fiduciam
1070 1888 1225 1928 gerimus,
1258 1888 1503 1919 committimus
1534 1889 1621 1919 vices
1651 1892 1791 1928 nostras,
1823 1893 1858 1921 et

478 1938 592 1964 tenore
610 1931 822 1962 Presencium
839 1931 1019 1971 plenariam
1043 1934 1257 1971 potestatem.
1304 1932 1350 1962 Et
1373 1932 1455 1972 quid
1479 1932 1624 1963 feceritis
1639 1932 1674 1963 in
1691 1933 1859 1973 premissis

477 1987 536 2008 nos
564 1975 721 2006 distincte
749 1978 783 2005 et
809 1978 932 2014 aperte,
962 1985 1020 2014 per
1048 1975 1174 2005 Literas
1199 1977 1334 2014 vestras,
1365 1975 1406 2005 ad
1432 1975 1521 2006 diem
1549 1976 1644 2006 Lune
1674 1976 1858 2016 proximam

478 2022 553 2060 post
577 2020 715 2050 Festum
739 2018 890 2057 [Sancte]
914 2018 1100 2057 Scolastice,
1124 2018 1279 2057 Virginis,
1304 2018 1456 2058 proximo
1479 2029 1569 2049 nunc
1598 2019 1764 2059 futurum,
1789 2030 1856 2051 una

477 2073 554 2095 cum
584 2061 824 2093 Certificatorio
852 2061 1122 2102 proclamacionis
1152 2062 1309 2102 predicte,
1334 2064 1369 2093 et
1392 2061 1589 2102 objectibus,
1613 2062 1641 2093 si
1663 2063 1722 2103 qui
1749 2073 1859 2094 coram

478 2107 579 2144 vobis,
608 2108 723 2136 contra
749 2105 891 2135 formam
923 2105 1050 2144 prefate
1083 2105 1265 2136 Eleccionis
1295 2115 1332 2136 ac
1362 2115 1535 2145 personam
1564 2105 1671 2136 Electi
1697 2106 1857 2146 propositi

476 2150 612 2188 fuerint,
637 2148 700 2179 sub
724 2148 830 2188 sigillo
853 2148 989 2186 clausas,
1013 2148 1065 2179 vel
1089 2148 1250 2179 certificet
1272 2148 1327 2179 1116
1343 2151 1492 2179 vestrum
1515 2159 1572 2188 per
1595 2159 1670 2180 suas
1694 2152 1855 2189 patentes,

476 2194 596 2224 harum
624 2192 740 2222 seriem
772 2191 991 2230 continentes,
1024 2192 1082 2232 qui
1113 2202 1246 2231 presens
1278 2192 1480 2222 Mandatum
1510 2192 1613 2223 fuerit
1643 2196 1858 2224 executus.—

476 2238 602 2268 Datum
619 2235 652 2265 in
670 2234 827 2274 Hospicio
850 2237 964 2265 nostro
989 2235 1220 2273 Londoniensi,
1238 2234 1334 2266 xxv¹³0
1357 2234 1410 2265 die
1432 2235 1554 2265 mensis
1577 2235 1738 2274 Januarii,
1755 2236 1854 2267 Anno

476 2279 611 2311 Domini
624 2279 684 2309 M0.
700 2278 829 2310 CCCmo
845 2278 950 2317 lxxxo,
967 2281 1001 2309 et
1014 2278 1277 2310 Consecracionis
1293 2281 1404 2309 nostre
1420 2278 1736 2310 undecima—Post
1748 2280 1855 2320 cujus,

474 2323 620 2364 quidem,
636 2321 859 2361 recepcionem
884 2322 1035 2353 Mandati
1059 2322 1185 2353 Literas
1208 2321 1453 2352 certificatorias
1477 2322 1600 2352 Decani
1623 2322 1852 2362 Tavystochie,

474 2370 582 2398 vestre
610 2365 766 2402 Diocesis,
794 2365 893 2395 verba
923 2365 1107 2405 sequencia,
1136 2375 1241 2405 usque
1272 2365 1313 2395 ad
1341 2365 1454 2395 datam
1480 2364 1659 2395 earundem
1686 2366 1854 2406 inclusive,

474 2410 660 2450 recepimus
698 2407 1224 2446 continentes,—Venerabilibus‚
1256 2411 1329 2445 etc„
1364 2407 1607 2439 Commissariis
1638 2408 1856 2449 infrascriptis

475 2454 626 2485 Decanus
647 2451 875 2491 Tavystochie,
894 2451 1089 2482 Exoniensis
1112 2451 1266 2490 Diocesis,
1291 2451 1524 2489 obedienciam,
1541 2452 1772 2490 reverenciam,
1790 2456 1851 2484 etc.

476 2497 602 2527 Literas
626 2495 777 2535 ejusdem
801 2495 986 2525 Reverendi
1012 2495 1119 2525 Patris
1146 2494 1331 2535 penultimo
1355 2493 1408 2524 die
1432 2494 1554 2524 mensis
1577 2495 1738 2533 Januarii,
1758 2497 1854 2527 Anno

476 2537 611 2570 Domini
633 2538 852 2577 infrascripto,
877 2541 1026 2568 tenorem
1059 2538 1235 2568 verborum
1265 2537 1323 2577 qui
1350 2537 1504 2577 sequitur
1534 2548 1591 2577 per
1614 2538 1724 2568 omnia
1746 2539 1855 2579 recepi

473 2581 889 2619 continentes‚-—Thoma5,
904 2583 974 2619 etc.,
990 2581 1128 2611 Officiali
1145 2580 1374 2611 Archidiaconi
1390 2580 1496 2611 nostri
1508 2581 1664 2611 Tottonie
1674 2591 1710 2611 ac
1724 2582 1855 2613 Decano

474 2627 662 2656 Decanatus
678 2624 904 2663 Tavystochie,
922 2624 1177 2655 eta—Vacante
1200 2634 1305 2663 nuper
1322 2623 1522 2654 Mon-asterio
1538 2624 1766 2664 Tavystochie,
1781 2628 1855 2664 etc,

474 2679 533 2709 per
565 2670 708 2698 mortem
740 2667 885 2706 Dompni
917 2667 1078 2707 Stephani
1116 2666 1346 2706 Langhedone‚
1378 2667 1491 2697 ultimi
1520 2666 1662 2697 Abbatis
1692 2667 1853 2707 ejusdem,

473 2712 644 2752 petitaque
659 2710 823 2740 instanter
839 2713 873 2740 et
896 2713 1034 2749 optenta
1058 2710 1207 2741 Licencia
1232 2710 1331 2749 Regia
1354 2710 1455 2739 alium
1472 2710 1642 2749 ydoneum
1660 2710 1802 2750 eligendi
1818 2711 1852 2742 in

477 2755 641 2785 Abbatem
653 2753 734 2783 dicti
748 2753 939 2783 Monasterii
956 2756 990 2783 et
1006 2753 1186 2791 Pastorem,
1203 2763 1240 2783 ac
1256 2753 1462 2792 congregatis
1473 2753 1687 2791 postmodum
1697 2753 1731 2783 in
1746 2754 1853 2785 Domo

325 2792 375 2818 ¹⁵0¹·
477 2796 661 2837 Capitulari
678 2796 817 2835 predicti
833 2796 1036 2835 Monasterii,
1054 2797 1106 2827 die
1130 2796 1172 2827 ad
1189 2796 1395 2826 Eleccionem
1413 2795 1609 2836 hujusmodi
1624 2796 1853 2828 celebrandam

325 2825 386 2854 63¹³·
475 2841 650 2880 assignata,
668 2839 779 2869 Priore
795 2842 830 2870 et
845 2839 1000 2871 omnibus
1024 2839 1193 2872 Monachis
1216 2839 1319 2881 ipsius
1344 2839 1537 2870 Monasterii
1559 2839 1618 2881 qui
1634 2839 1742 2870 eidem
1760 2839 1851 2871 Elec-
