1987 3062
312 244 405 287 306
522 254 622 287 THE
657 252 896 285 REGISTER
930 252 989 284 OF
1025 252 1201 284 BISHOP
1236 251 1633 285 BRANTYNGHAM.

308 354 385 413 {³37¹}-
417 355 472 393 St
496 353 935 404 Mawgan1nKerrier3
966 353 1115 391 Master
1134 354 1238 391 John
1261 354 1481 404 Landreyn,
1505 354 1567 398 R.‚
1569 376 1622 381 —

311 420 371 446 v01
389 408 554 446 1Licence
570 408 604 439 of
620 419 698 439 non·
690 407 872 438 -residence
895 405 947 437 for
971 407 1067 438 three
1088 417 1193 448 3¹·‚eais
1214 408 1533 448 “contemplacione
1559 403 1839 438 Excellentissimi

461 452 634 492 Principis,
656 451 789 481 Domini
806 450 973 488 Eclwa1d1
994 450 1091 490 Regis
1108 450 1257 490 Anglie”
1274 451 1487 491 (Faringdon,
1505 452 1543 482 18
1560 450 1665 490 July).

308 509 404 573 [0150ἷῦ
418 511 570 556 Exeter,
594 511 650 547 St.
673 509 894 556 Petrock's3
922 510 1138 546 [adenem-a
1157 510 1328 547 Hectoris
1348 510 1511 548 Ecclesie
1531 510 1664 547 Sancti
1688 507 1839 546 Petroci

311 577 368 607 [sol.
471 571 505 601 et
524 564 715 601 Johamzz's
746 563 965 611 chtgsfffl-—ffl

309 609 384 670 321³]
416 618 556 649 Presens
573 617 759 648 Indentura
774 617 864 647 facta
880 617 1007 647 Exonie
1032 616 1096 657 vjto
1119 617 1173 648 die
1196 617 1317 648 mensis
1341 617 1497 657 Augusti,
1521 616 1602 648 A..D
1631 616 1690 647 M0.
1709 616 1839 648 GCCmO

310 645 382 704 ἕως]
460 661 581 701 lxxiijo,
599 661 686 691 intel
702 660 892 690 Johannem
911 661 1009 698 More,
1028 661 1204 691 Rectoiem
1230 661 1372 692 Ecclesie
1396 660 1511 692 Sancti
1537 659 1673 698 Petroci,
1700 659 1838 698 Exonie,

306 711 386 740 τυ5.]
460 715 501 735 ex
517 685 612 744 pai-'te
629 714 704 741 una,
721 706 756 734 et
773 703 963 734 <Iohannem
982 684 1061 744 tif-ay
1066 704 1126 741 fer,
1145 714 1185 734 ex
1200 704 1315 742 altera,
1333 706 1481 735 testatur
1503 703 1604 744 quod,
1623 712 1699 733 curn
1717 703 1839 734 Walte-

460 758 517 778 rus
535 748 650 787 Crysp,
664 746 756 784 leche,
773 756 880 786 nuper
895 746 1020 777 levavit
1035 747 1202 787 quandam
1227 748 1365 778 domum
1381 747 1415 777 in
1433 748 1572 777 Summo
1587 746 1669 777 Vico
1687 745 1841 777 Civitatis

461 790 597 828 Exonie,
621 790 664 820 ad
687 793 928 820 nocumentum
953 790 1097 820 Ecclesie
1120 791 1290 829 predicte;
1316 801 1390 830 que,
1408 790 1555 830 quidem,
1573 790 1692 820 domus
1715 789 1842 820 situata

460 836 513 865 est
535 834 625 864 inter
649 836 883 864 tenementum
899 833 1041 864 Walteri
1066 834 1154 864 Foke
1178 838 1212 864 et
1235 834 1394 864 Willelmi
1419 834 1576 873 Gerveys,
1594 833 1728 864 Civium
1754 833 1843 863 dicte

461 877 625 915 Civitatis,
643 880 678 907 et
694 876 783 906 unde
800 876 970 906 Johannes
988 877 1122 917 Wayfer
1138 877 1309 916 predict-us
1325 887 1414 908 nunc
1431 884 1482 908 est
1506 880 1623 907 tenens
1639 886 1680 906 ex
1696 876 1783 906 dono
1806 879 1841 906 et

459 920 667 951 concessione
683 919 825 959 predicti
844 919 980 950 Walteri
1000 930 1006 957 ;
1030 923 1065 951 et
1081 920 1170 950 uude
1194 920 1355 960 placitum
1377 930 1437 960 per
1462 921 1565 950 Breve
1581 920 1622 950 de
1638 922 1840 950 nocumento

459 964 501 994 ad
517 973 651 1003 presens
668 962 792 1002 pendet
808 962 842 992 in
859 963 959 994 Curia
983 963 1138 994 Civitatis
1161 964 1319 1003 predicte,
1344 964 1385 994 ad
1409 967 1533 994 sectam
1561 962 1710 993 Rectoris
1726 972 1838 1002 supra·

459 1007 552 1044 dicti,
568 1016 684 1037 versus
700 1006 867 1045 predictos
883 1006 902 1037 J
907 1005 1072 1037 ohannem
1090 1007 1225 1047 Wayfer
1241 1011 1276 1038 et
1297 1007 1483 1037 Walterum
1500 1017 1506 1043 ;
1523 1006 1679 1036 noverint
1695 1006 1842 1036 universi

458 1050 547 1090 quod
565 1049 636 1088 (sic)
654 1059 694 1079 ex
710 1059 845 1079 assensu
863 1049 998 1079 Domini
1014 1049 1149 1087 Thome,
1168 1050 1321 1090 Episcopi
1339 1050 1544 1086 Exoniensis,
1562 1049 1640 1080 Loci
1663 1049 1840 1088 ordinarii,

459 1097 494 1124 et
512 1092 732 1123 Dominorum
750 1092 874 1122 Decani
889 1096 924 1123 et
941 1092 1089 1131 Capituli
1112 1093 1257 1123 Ecclesie
1281 1093 1491 1124 Cathedralis
1516 1092 1652 1130 Exonie,
1680 1092 1838 1122 Patrono-

458 1146 535 1167 rum
540 1135 703 1184 ‘ejusdem
721 1135 875 1172 Ecclesie,
899 1135 1070 1175 prefatum
1093 1135 1282 1166 ,Iohannem
1308 1136 1398 1166 More
1422 1135 1596 1173 remisisse,
1614 1135 1787 1174 relaxasse,
1805 1138 1840 1166 et

458 1179 593 1209 omnino
610 1178 764 1218 quietum
781 1178 949 1216 clamasse,
967 1188 1026 1218 pro
1043 1189 1076 1208 se
1093 1182 1157 1209 et
1144 1179 1388 1209 successoiibus
1405 1179 1472 1209 suis
1489 1179 1749 1219 imperpetuum,
1768 1189 1839 1219 pre-

460 1222 549 1252 dicto
566 1222 585 1253 J
590 1221 713 1251 chaum
732 1222 811 1261 Way
816 1221 875 1259 fer,
892 1221 1071 1252 heredibus
1087 1225 1122 1253 et
1134 1222 1310 1262 assignatis
1326 1222 1404 1259 suis,
1417 1232 1549 1253 omnem
1560 1222 1727 1252 accionem
1740 1232 1839 1253 nocu-

459 1265 565 1296 menti
588 1264 732 1295 Ecclesie
746 1275 804 1295 sue
820 1264 968 1304 predicte
984 1265 1030 1295 sic
1046 1265 1127 1296 facti
1151 1276 1210 1305 pro
1234 1263 1301 1295 xxti
1317 1266 1393 1295 libr
1383 1276 1416 1303 ts,
1435 1276 1517 1305 quas
1533 1266 1644 1296 dictus
1669 1266 1688 1296 J
1692 1265 1839 1296 ohannes

458 1308 595 1348 Wayfer
612 1308 742 1348 prefato
758 1308 778 1339 J
783 1308 905 1338 ohanm
922 1308 1014 1339 More
1037 1308 1145 1347 solvit,
1170 1309 1203 1339 in
1228 1309 1497 1339 emendacionem
1525 1307 1668 1339 Ecclesie
1690 1309 1839 1348 predicte

459 1355 494 1383 et
510 1351 703 1382 nocumenti
721 1351 871 1391 predicti.
933 1352 980 1382 Et
1002 1351 1144 1382 ulterius
1168 1352 1278 1383 dictus
1303 1353 1423 1383 Rector
1439 1353 1600 1383 concessit
1615 1355 1650 1383 et
1667 1351 1838 1382 confirma-

460 1395 518 1431 vit,
536 1405 596 1434 pro
621 1404 654 1425 se
670 1398 705 1424 et
721 1394 963 1425 successoribus
986 1395 1054 1425 suis
1078 1395 1336 1435 imperpetuum,
1354 1395 1502 1435 predicto
1526 1395 1671 1426 Johanni
1692 1395 1838 1435 Wayfer,

458 1438 637 1469 heredibus
653 1440 688 1468 et
703 1438 878 1477 assignatis
897 1438 973 1473 suis,
991 1438 1082 1478 quod
1098 1439 1248 1478 predicta
1271 1439 1399 1477 domus,
1425 1442 1465 1470 ut
1488 1439 1521 1469 in
1546 1449 1650 1476 muro,
1670 1438 1835 1477 meremio,

458 1484 493 1512 et
509 1481 664 1512 omnibus
679 1481 721 1511 ad
738 1481 877 1511 eandem
894 1481 1153 1521 pertinentibuS,
1167 1485 1236 1513 stet
1248 1481 1497 1522 imperpetuum
1514 1482 1601 1513 sicut
1618 1482 1715 1512 modo
1732 1480 1814 1513 stat1
1828 1493 1836 1519 3

457 1528 493 1556 et
509 1524 599 1565 quod
615 1524 786 1564 predictus
809 1525 829 1556 J
833 1524 979 1555 ohannes
997 1525 1141 1565 Wayfer,
1166 1525 1302 1556 heredes
1325 1528 1360 1556 et
1382 1525 1541 1565 assignati
1565 1525 1626 1564 sui,
1652 1525 1836 1564 predictam

459 1568 598 1598 domum
627 1567 842 1608 reparabunt,
867 1568 1119 1606 sustentabunt,
1144 1579 1296 1608 reparare
1319 1571 1354 1599 et
1376 1572 1566 1599 sustentare
1596 1568 1777 1607 debebunt,
1802 1568 1835 1599 in

458 1611 566 1642 forma
581 1614 616 1642 et
633 1611 730 1641 modo
747 1622 813 1650 quo
829 1621 918 1642 nunc
934 1614 1012 1649 stat,
1029 1611 1081 1642 vel
1099 1612 1236 1647 meliori,
1256 1612 1412 1652 quociens
1428 1612 1638 1651 reparacione
1654 1615 1689 1643 et
1706 1615 1836 1643 susten-

460 1655 589 1685 tacione
605 1654 799 1694 indiguerit,
816 1654 886 1684 sine
902 1654 1091 1695 calumpnia
1106 1655 1158 1685 sui
1173 1658 1234 1686 aut
1250 1665 1475 1685 successorum
1498 1665 1644 1686 suorum.
1694 1655 1739 1686 Et
1761 1665 1836 1695 pre-

458 1698 569 1728 dictus
592 1697 762 1728 ,Iohannes
787 1698 923 1738 Wayfer
946 1698 1117 1736 concessit,
1141 1708 1201 1738 pro
1224 1708 1270 1734 se,
1296 1698 1474 1729 heredibus
1497 1702 1533 1729 et
1554 1698 1731 1738 assignatis
1754 1698 1832 1735 suis,

459 1741 590 1781 prefato
607 1740 741 1771 Rectori
764 1743 799 1771 et
822 1741 1065 1772 suecessoribus
1088 1742 1156 1771 suis
1182 1741 1377 1772 Rectoribus
1401 1741 1545 1772 Ecclesie
1569 1742 1683 1773 Sancti
1707 1742 1837 1772 Petroci

461 1784 619 1824 predicte,
643 1784 903 1824 imperpetuum,
927 1784 970 1814 ad
992 1785 1254 1815 sustentandum
1278 1785 1495 1816 medietatem
1518 1785 1606 1816 muri
1637 1785 1779 1825 predicti
1801 1785 1836 1815 in

459 1831 556 1858 tanto
573 1832 739 1867 quantum
756 1827 952 1857 meremiuin
969 1827 1088 1858 domus
1103 1827 1252 1867 predicte
1265 1828 1369 1859 fixum
1384 1828 1434 1858 vel
1446 1828 1593 1868 positum
1610 1833 1660 1859 est
1676 1829 1709 1859 in
1722 1828 1836 1859 eodem

458 1880 565 1908 muro,
582 1880 619 1901 ac
635 1870 737 1901 eciam
754 1873 931 1910 gutturam
955 1871 989 1901 in
1012 1870 1222 1910 longitudine
1239 1871 1381 1911 positam
1405 1872 1494 1902 inter
1517 1871 1697 1902 Ecclesiam
1722 1875 1757 1902 et
1779 1871 1835 1902 do-

458 1923 552 1944 mum
569 1913 744 1954 predictas,
761 1913 919 1953 custagiis
942 1914 1092 1953 ejusdem
1117 1914 1137 1944 J
1141 1914 1280 1944 ohannis
1299 1913 1447 1954 WVayfer,
1465 1914 1626 1945 heredum
1642 1918 1677 1945 et
1692 1915 1834 1954 assigna-

458 1959 572 1988 torum
588 1966 734 1987 suorum.
781 1956 821 1987 In
837 1967 980 1996 quorum
1005 1957 1237 1988 testimonium
1260 1957 1367 1997 sigilla
1390 1958 1472 1988 dicti
1496 1958 1647 1988 Rectoris
1663 1962 1698 1989 et
1714 1958 1837 1998 prefati

458 1999 622 2031 ,Iohannis
641 1999 780 2039 Wayfer
794 1999 987 2030 alternatim
1005 2000 1221 2031 Presentibus
1236 2004 1317 2031 sunt
1332 2011 1485 2041 appensa.
1536 2001 1582 2032 Et
1598 2011 1666 2040 nos,
1684 2001 1837 2040 Thomas,

459 2043 650 2083 Episcopus,
667 2053 705 2073 ac
721 2043 874 2073 Decanus
897 2046 932 2074 et
957 2043 1150 2083 Capitulum
1175 2044 1368 2083 supradicti,
1384 2044 1607 2084 approbando,
1631 2044 1836 2084 ratificando,

458 2089 494 2118 et
506 2086 742 2124 confirmando,
756 2096 815 2126 pro
828 2086 922 2117 nobis
935 2089 970 2117 et
982 2086 1223 2117 successoribus
1236 2087 1367 2126 nostris,
1381 2087 1640 2127 imperpetuum,
1655 2088 1839 2119 secundum

458 2139 591 2160 omnem
608 2129 685 2167 vim,
702 2129 854 2167 formam,
872 2132 907 2160 et
922 2129 1080 2161 effectum
1097 2130 1248 2170 superius
1263 2131 1429 2168 recitatos,
1442 2131 1531 2170 parti
1543 2131 1706 2171 presentis
1719 2131 1839 2162 Inden-

457 2176 534 2204 ture
557 2182 657 2212 penes
680 2172 810 2204 dictum
832 2173 1022 2204 ,Iohannem
1047 2173 1182 2214 Wayfer
1204 2174 1391 2205 remanenti
1414 2174 1520 2214 sigilla
1543 2179 1657 2205 nostra
1679 2174 1839 2206 duximus

460 2216 665 2256 apponenda.
726 2216 788 2254 Ita,
806 2218 930 2252 tamen,
954 2216 1043 2256 quod
1067 2214 1178 2247 xxtili.
1196 2217 1328 2256 prefato
1352 2218 1484 2248 Rectori
1507 2218 1624 2256 solute,
1648 2228 1707 2258 per
1730 2218 1838 2249 visum

457 2259 602 2290 duorum
635 2259 877 2290 Canonicorum
909 2260 1054 2290 Ecclesie
1087 2260 1290 2298 Exoniensis,
1323 2260 1405 2291 dicti
1434 2262 1627 2291 nocumenti
1657 2261 1836 2301 repar-acio-

457 2303 556 2333 nibus
571 2302 791 2342 applicentur.
841 2303 885 2334 Et
900 2303 1070 2342 predictus
1087 2303 1107 2334 J
1111 2303 1257 2334 ohannes
1277 2303 1416 2343 &Vayfer
1430 2304 1576 2344 sigillum
1601 2304 1734 2334 Maioris
1751 2305 1837 2336 Civi-

459 2346 540 2377 tatis
557 2346 683 2376 Exonie
700 2345 787 2386 parti
804 2346 967 2386 presentis
984 2346 1169 2377 Indenture
1184 2356 1285 2386 penes
1308 2347 1473 2387 predictos
1494 2348 1627 2378 Patrem
1642 2358 1680 2378 ac
1696 2348 1837 2379 Venera-

457 2389 538 2420 biles
555 2389 651 2420 Viros
667 2393 701 2420 et
720 2390 895 2420 Rectorem
911 2389 1143 2429 supradictum
1159 2390 1347 2421 remanenti
1363 2391 1485 2431 apponi
1501 2391 1702 2430 procuravit.

307 2440 355 2500 {2¹-
417 2443 658 2481 Stokenham
674 2456 684 2490 3
716 2443 862 2481 Contra
891 2443 1095 2489 Vicarz‘um,
1118 2457 1229 2491 super
1247 2457 1322 2481 77οη
1341 2445 1657 2491 resident-iam,—

343 2475 372 2501 b'
416 2497 568 2535 Thomas,
594 2500 669 2534 etc„
688 2497 820 2527 Decano
837 2497 878 2527 de
898 2497 1105 2538 Wodeleghe,
1123 2500 1158 2528 et
1179 2497 1373 2528 Rectoribus
1400 2498 1620 2529 Ecclesiarum
1636 2499 1678 2529 de
1695 2498 1839 2530 Portele-
1875 2501 1878 2503 ’

457 2540 596 2571 mouthe
613 2543 648 2571 et
665 2540 875 2576 Cherletone,
894 2540 1048 2579 salutem,
1066 2540 1228 2571 etc—Ad
1251 2551 1348 2571 aures
1371 2545 1502 2572 nostras
1525 2542 1657 2573 noviter
1672 2541 1744 2582 jam
1767 2552 1838 2582 per-

458 2583 552 2614 venit
569 2583 659 2623 quod
672 2583 836 2613 Dominus
850 2583 869 2614 J
873 2583 1018 2614 ohannes
1034 2584 1129 2623 Pege,
1143 2583 1294 2614 Vicarius
1308 2585 1496 2624 Perpetuus
1512 2585 1655 2615 Ecclesie
1669 2585 1841 2615 Parochia-

455 2626 495 2656 lis
511 2626 552 2656 de
570 2626 785 2663 Stokenham,
805 2626 984 2656 Ecclesiam
1009 2627 1193 2666 predictam
1218 2627 1252 2658 in
1275 2627 1415 2667 singulis
1438 2638 1504 2668 que
1527 2628 1678 2668 ejusdem
1696 2628 1840 2658 Ecclesie

309 2699 320 2718 ¹
344 2699 450 2730 These
466 2700 572 2730 words
589 2710 645 2730 are
668 2700 813 2739 literally
830 2704 907 2731 true
923 2710 1006 2730 even
1022 2711 1107 2736 now,
1177 2700 1195 2715 ‘⁴
1209 2701 1537 2740 imperpetuum‚”to
1545 2701 1604 2732 the
1613 2701 1717 2732 house
1727 2701 1843 2732 reared

351 2742 410 2773 the
434 2742 568 2773 Church
595 2743 695 2783 being
718 2743 788 2774 still
812 2743 1033 2774 encumbered
1057 2746 1108 2774 to·
1177 2743 1220 2783 by
1238 2744 1366 2774 Walter
1384 2745 1490 2784 Crysp
1507 2744 1573 2775 and
1590 2745 1700 2775 leased
1717 2745 1758 2785 by
1772 2744 1841 2775 him
1872 2767 1875 2774 .

351 2785 457 2816 wards
479 2785 538 2816 the
562 2785 653 2825 High
670 2787 784 2817 Street
799 2786 850 2822 (in
867 2786 998 2816 Summo
1022 2785 1110 2824 Vico)
1178 2790 1214 2817 to
1230 2786 1319 2818 ,John
1337 2787 1481 2827 Wayfer‚
1501 2787 1534 2818 in
1554 2788 1645 2819 1373.

350 2828 393 2869 by
411 2838 502 2858 more
520 2828 657 2859 modern
675 2829 853 2868 buildings,
871 2829 904 2859 in
917 2829 1110 2869 succession,
