1987 3062
491 271 781 306 Rnels'rRUM
807 270 1025 304 coMMUN
1034 270 1268 303 E—-ANNO
1295 259 1356 304 5⁰.
1595 260 1619 301 3
1628 260 1653 301 3
1664 261 1684 301 1

156 373 232 432 {³3ss-
264 374 444 424 Poughill
467 374 632 424 (Davom)
652 389 660 421 ;
682 375 807 422 Copia
826 374 954 411 Litere
972 373 1262 422 oblv'yatorz’e,—

157 426 428 466 v01‚'[‚N0verint
444 429 589 459 universi
605 440 675 467 nos,
694 429 877 459 Walter-um
907 429 1011 466 Baret,
1031 429 1210 458 Personam
1234 427 1379 458 Ecclesie
1403 427 1444 457 de
1469 426 1686 466 Poghehulle‚

308 472 341 503 in
358 472 528 503 comitatu
544 473 701 509 Devonie,
716 475 750 502 et
763 472 989 502 Alexandrum
1006 471 1116 508 Merle,
1130 482 1166 502 ac
1179 471 1341 501 Thomam
1355 469 1568 509 Poghehulle,
1582 470 1689 499 teneri

308 519 342 546 et
359 526 416 555 per
433 516 607 546 Presentes
624 516 764 546 firmiter
779 515 917 554 obligari
939 515 1144 553 Reverendo,
1163 518 1235 553 etc,
1253 514 1389 551 Thome,
1410 513 1588 544 Exoniensi
1612 513 1688 553 Epi-

307 569 414 599 scopo,
434 559 467 589 in
493 562 628 590 centum
654 559 745 589 libris
762 559 875 598 legalis
899 561 1042 596 monete,
1067 558 1234 588 solvendis
1260 558 1367 588 eidem
1393 557 1538 588 Domino
1561 557 1688 587 Thome

307 606 384 641 ete„
414 602 464 633 vel
488 613 548 633 suo
573 606 661 632 certo
685 606 855 632 attornato
879 605 1067 642 presentem
1095 602 1239 632 Literam
1263 601 1465 637 ostendenti,
1483 601 1515 630 in
1544 600 1688 630 Ecclesia

309 646 502 676 Cathedrali
522 646 646 676 Exonie
663 646 695 676 in
716 646 813 676 Festo
830 645 1026 676 Nativitatis
1044 645 1157 676 Sancti
1174 645 1338 676 Johannis
1356 644 1518 684 Baptiste,
1538 643 1688 683 proximo

307 689 376 730 jam
392 689 509 720 futuro
527 693 602 729 post
617 690 730 720 datam
749 689 971 726 presencium,
988 689 1112 729 absque
1129 688 1278 719 ulteriori
1292 688 1461 718 dilacione.
1508 688 1560 718 Ad
1575 697 1686 727 quam,

309 733 455 773 quidem,
473 733 675 763 solucionem
699 733 924 773 predictarum
948 736 1084 762 centnm
1108 732 1279 769 librarum,
1303 732 1356 761 die
1379 735 1413 761 et
1436 731 1507 761 loco
1531 731 1689 771 predictis

309 777 453 807 fideliter
479 777 674 815 faciendam,
704 777 790 806 bona
820 776 884 806 fide
916 775 1144 815 promittimus
1168 787 1204 805 ac
1228 775 1330 805 eciam
1355 775 1541 814 obligamus
1565 785 1634 811 nos,
1653 778 1688 804 et

310 830 586 860 unumquemque
616 823 767 850 nostrum
796 819 986 856 insolidum,
1015 819 1151 849 heredes
1180 821 1214 850 et
1242 819 1444 849 Executores
1471 822 1627 855 nost1·os;
1652 828 1689 848 ac

308 863 418 894 omnia
437 864 521 894 bona
537 866 659 901 nostru,
678 864 880 902 ubicumque
900 862 1027 893 fuerint
1042 862 1189 900 inventa,
1214 862 1418 892 districcioni
1442 864 1476 891 ct
1498 862 1686 892 cohercioui

307 906 437 938 Judicis
467 906 877 947 cujuscumque.—Dated
904 909 940 936 at
968 906 1074 946 Clyst,
1108 905 1192 936 “die
1222 905 1316 936 Jovis
1344 905 1377 935 111
1408 905 1506 936 Festo
1533 905 1687 945 Corporis

308 950 432 981 Christi
451 950 467 963 ’⁹
485 950 515 989 [1
535 950 647 989 June]

264 993 509 1034 —Defascmcia
524 993 718 1033 ejusdem,—

263 1037 427 1069 Omnibus
445 1037 570 1068 Christi
586 1036 739 1068 fidelibus
755 1038 796 1068 ad
814 1048 896 1077 quos
913 1047 1045 1077 presens
1063 1036 1232 1076 Scriptum
1251 1035 1438 1075 pervenerit
1451 1046 1519 1073 nos,
1532 1035 1686 1074 Thomas,

306 1083 382 1119 etc„
407 1081 549 1111 salutem
566 1081 600 1111 in
618 1080 989 1111 Domino.—N0veritis
1005 1080 1104 1120 quod,
1122 1080 1200 1110 licet
1217 1079 1383 1110 &valterus
1410 1080 1518 1117 Baret,
1545 1080 1686 1110 Persona

308 1124 451 1155 Ecclesie
464 1125 505 1155 de
522 1124 735 1164 Poghehulle,
752 1125 785 1155 in
805 1124 975 1155 Comitatu
994 1123 1150 1162 Devonie,
1169 1123 1356 1154 Alexander
1370 1123 1482 1159 Merle,
1497 1126 1531 1153 et
1543 1122 1687 1153 Thomas

308 1167 512 1206 Poghehulle
528 1168 623 1198 nobis
640 1171 799 1198 tenentur
822 1168 855 1198 in
883 1171 1019 1198 centum
1043 1167 1135 1197 libris
1159 1167 1244 1197 bone
1268 1170 1302 1196 et
1325 1166 1437 1206 legalis
1461 1170 1602 1202 monete,
1629 1177 1687 1206 per

308 1211 477 1250 quoddam
495 1211 663 1250 Scriptum
681 1211 915 1251 obligatorium
933 1211 1010 1240 inde
1026 1210 1216 1240 confectum
1235 1221 1241 1247 3
1258 1210 1424 1247 volumus,
1442 1212 1566 1247 tamen,
1584 1211 1684 1249 quod,

307 1254 335 1284 si
352 1254 515 1284 Dominus
539 1254 708 1285 ²lohannes
735 1255 839 1292 Hitte,
864 1255 1008 1284 Persona
1034 1254 1176 1284 Ecclesie
1200 1254 1240 1283 de
1266 1253 1450 1284 Churitone
1476 1253 1684 1293 Fythpayne‚

308 1308 417 1328 coram
434 1297 529 1328 nobis
546 1298 666 1336 veniat,
683 1301 717 1328 et
733 1308 767 1328 se
791 1301 893 1338 ponat
909 1298 942 1327 in
958 1297 1066 1337 gracia
1082 1300 1116 1327 et
1132 1297 1348 1337 disposicione
1373 1296 1493 1326 nostris
1510 1297 1543 1326 in
1561 1297 1628 1326 alto
1652 1302 1686 1327 et

309 1341 558 1379 basso,—salvo.
587 1344 710 1379 tamen,
741 1341 902 1371 Beneficio
931 1340 1074 1371 Ecclesie
1101 1351 1159 1370 sne
1192 1340 1461 1379 predicta—quo
1492 1340 1532 1370 ad
1572 1350 1686 1371 omnes

307 1384 454 1415 acciones
470 1395 552 1425 quas
569 1395 643 1423 erga
660 1385 770 1424 ipsum
794 1385 964 1422 habemus,
982 1384 1031 1414 vel
1050 1383 1229 1414 habuimus
1245 1384 1287 1413 de
1303 1386 1375 1413 toto
1395 1387 1544 1422 tempore
1561 1387 1685 1422 nostro,

307 1428 436 1458 racione
453 1428 701 1458 Jurisdiccionis
717 1431 829 1458 nostre
853 1429 894 1458 de
916 1427 991 1468 jure
1009 1427 1059 1457 vel
1083 1426 1325 1457 consuetudine
1349 1427 1389 1456 ad
1408 1437 1466 1456 nos
1487 1430 1685 1466 spectantes,

306 1474 383 1501 ante
399 1471 510 1501 datam
523 1471 741 1502 confeccionis
755 1471 976 1509 Presencium,
994 1474 1028 1501 et
1044 1470 1105 1501 1100
1118 1471 1199 1501 citra
1213 1471 1351 1501 Festum
1365 1470 1477 1501 Sancti
1493 1471 1580 1500 Petri
1597 1471 1687 1510 quod

307 1514 430 1545 dicitur
448 1515 497 1544 Ad
521 1514 659 1545 Vincula
675 1515 826 1554 proximo
840 1514 910 1555 jam
928 1515 1093 1552 futurum,
1112 1524 1147 1544 ac
1165 1514 1320 1544 omnibus
1338 1513 1628 1553 Appellacionibus
1652 1518 1687 1544 et

309 1568 422 1588 earum
448 1558 735 1597 prosecucionibus
759 1558 792 1588 in
817 1558 1085 1598 quibuscumque
1111 1557 1219 1588 Curiis
1242 1557 1416 1587 renunciet
1438 1567 1515 1587 cum
1539 1557 1659 1588 effectu
1679 1569 1686 1595 ;

308 1602 464 1642 quodque
481 1601 568 1631 idem
587 1602 751 1632 Dominus
767 1601 937 1632 Johannes
955 1601 1053 1631 Hitte
1069 1601 1222 1631 remittat
1246 1600 1453 1630 omnimodas
1477 1601 1633 1638 acciones,
1659 1601 1686 1631 si

309 1655 391 1684 quas
416 1645 525 1681 habet,
545 1645 592 1674 vel
613 1645 733 1675 habere
756 1645 877 1684 poterit
894 1645 927 1675 in
944 1645 1110 1683 futurum,
1135 1655 1211 1681 erga
1235 1654 1294 1674 nos
1310 1648 1344 1674 et
1362 1644 1532 1674 ministros
1555 1648 1686 1675 nostros

307 1698 547 1728 quoscumque,
564 1688 695 1719 racione
719 1688 860 1728 alicujus
885 1689 1060 1719 Processus
1084 1698 1142 1718 seu
1168 1687 1384 1718 Execucionis
1408 1698 1465 1726 per
1489 1698 1548 1717 nos
1572 1692 1687 1718 contra

307 1732 451 1762 eundem
483 1732 667 1762 Dominum
694 1731 883 1763 ,Iohannem
916 1732 966 1762 vel
998 1731 1168 1762 ministros
1198 1734 1327 1761 nostros
1354 1731 1531 1767 factorum,
1555 1742 1593 1761 ac
1616 1742 1686 1770 nos,

306 1775 493 1814 familiares,
526 1776 705 1812 ministros,
742 1786 778 1805 ac
810 1775 1035 1805 mnndatarios
1074 1779 1204 1805 nostros
1234 1774 1268 1804 in
1299 1774 1359 1804 hac
1391 1777 1484 1814 parte
1515 1779 1688 1805 conservet

308 1819 443 1848 omnino
475 1819 680 1858 indempnes,
705 1822 783 1849 ante
806 1819 920 1849 datam
944 1818 1161 1849 confeccionis
1186 1818 1420 1856 Presencium;
1449 1818 1538 1858 quod
1562 1822 1688 1849 extunc

309 1862 495 1901 predictum
513 1863 681 1902 Scriptum
699 1862 932 1902 obligatorium
950 1862 1176 1902 predictarum
1190 1865 1327 1892 centum
1351 1861 1510 1891 librarum
1524 1872 1581 1902 pro
1595 1862 1687 1893 nullo

307 1905 480 1944 habeatur,
494 1910 545 1936 set
557 1906 692 1936 omnino
702 1909 812 1937 careat
822 1917 881 1936 suo
895 1906 1005 1946 vigore
1019 1914 1026 1941 ;
1044 1905 1201 1946 alioquin,
1215 1905 1306 1946 quod
1319 1907 1387 1936 stet
1399 1905 1432 1935 in
1446 1915 1506 1935 suo
1518 1905 1690 1937 robore.—

309 1949 418 1980 Dated
435 1952 469 1979 at
487 1949 591 1990 Clyst,
610 1951 629 1980 2
645 1949 743 1980 June.

264 2026 478 2076 Plymouth
494 2038 504 2072 3
533 2026 792 2064 Denuncz'acz'o
821 2026 975 2064 Prioris
1006 2025 1168 2064 Ordinis
1201 2025 1501 2063 Carmelitarum
1530 2026 1575 2063 de
1604 2025 1690 2063 Sut-

319 2083 401 2117 tone
417 2082 537 2128 Juxta
560 2081 874 2126 Plummouth,—-

263 2134 415 2172 Thomas,
433 2137 505 2172 etc.‚
525 2135 655 2165 Decano
672 2135 713 2165 de
738 2135 937 2175 Plimptone,
964 2133 1141 2174 Capeliano
1166 2133 1348 2163 Parochiali
1365 2134 1405 2163 de
1423 2133 1568 2164 Suttone
1590 2133 1689 2174 juxta

305 2177 555 2215 Plummouthe,
573 2181 608 2208 et
623 2178 762 2218 singulis
780 2178 975 2208 Presbiteris
986 2177 1108 2208 Divina
1119 2176 1364 2207 celebrantibus
1381 2177 1515 2215 ibidem,
1533 2177 1687 2213 salutem,

304 2221 793 2252 etc.-—Excommunicatorum
817 2222 953 2252 nomina
976 2220 1112 2260 expedit
1135 2231 1171 2250 ac
1194 2220 1348 2259 congruit
1365 2231 1434 2250 esse
1451 2223 1540 2258 nota,
1558 2223 1598 2251 ut
1614 2221 1686 2260 ipsi,

303 2264 422 2295 rubore
439 2265 578 2303 confusi,
596 2265 637 2295 ad
655 2265 870 2296 Sacrosancte
889 2264 1033 2295 Ecclesie
1055 2264 1229 2304 gremium,
1247 2263 1345 2303 cujus
1363 2273 1421 2303 per
1444 2274 1560 2294 eorum
1584 2264 1684 2294 obsti-

302 2307 430 2338 naciam
449 2307 697 2348 parvipendunt
721 2309 913 2345 Censuram,
939 2311 974 2338 et
998 2306 1288 2338 Reconciliacionis
1312 2307 1465 2345 graciam,
1490 2308 1686 2346 propensius

303 2350 517 2382 inclinentur.
580 2351 676 2390 Cum,
708 2351 832 2392 itaque,
865 2352 981 2382 Frater
1006 2350 1172 2381 Henricus
1196 2348 1350 2387 Suttone,
1376 2350 1500 2379 Ordine
1528 2350 1684 2381 Fratrum

307 2394 574 2432 carmelitarum,
591 2402 631 2425 ut
654 2395 823 2430 asseritur,
841 2395 1020 2435 professus,
1044 2393 1259 2433 Prioremque
1284 2393 1412 2423 Domus
1436 2392 1571 2424 Ordinis
1595 2393 1685 2433 ejus-

303 2437 380 2467 dem
398 2437 431 2467 in
445 2437 532 2467 Villa
544 2437 585 2468 de
599 2438 743 2469 Suttone
759 2439 857 2478 juxta
874 2437 1114 2468 Plummouthe
1131 2436 1255 2466 situ-ate
1267 2446 1302 2466 se
1320 2436 1530 2475 pretendens,
1548 2436 1686 2477 Major-is

306 2480 670 2511 Excommunicacionis
686 2482 861 2512 Sentencia
878 2492 897 2511 a
914 2480 1084 2511 nonnullis
1101 2480 1299 2510 Sanctorum
1318 2480 1456 2509 Patrum
1483 2479 1684 2511 Constituci-

305 2523 433 2562 onibus,
459 2523 595 2563 provide
611 2524 645 2554 in
663 2524 723 2555 hac
746 2529 839 2564 parte
863 2524 961 2554 editis
978 2527 1013 2554 et
1029 2523 1159 2563 publice
1183 2522 1412 2562 promulgatis,
1437 2522 1490 2560 sit,
1515 2526 1549 2553 et
1573 2523 1685 2562 fuerit,

304 2566 374 2606 jam
391 2570 442 2597 est
464 2567 533 2604 diu,
557 2567 628 2607 ipso
652 2568 740 2598 facto
764 2567 1024 2607 dampnabiliter
1046 2566 1230 2603 involutus,
1259 2576 1317 2604 pro
1341 2576 1378 2595 eo
1402 2566 1492 2605 quod
1516 2567 1684 2606 quendam

306 2609 515 2649 Stephanum
540 2610 735 2648 Derneford,
754 2611 795 2641 de
818 2609 1058 2641 Plummcuthe
1082 2608 1242 2649 predicta,
1260 2609 1428 2639 notorium
1447 2609 1685 2648 parochianum

306 2656 467 2690 nostrum,
486 2653 610 2692 absque
626 2653 710 2693 juris
727 2654 925 2684 auctoritate
949 2657 983 2684 et
1006 2653 1150 2689 licencia,
1174 2651 1216 2681 ab
1241 2652 1595 2683 Exeommunicacione
1611 2663 1686 2694 qua,

307 2699 440 2736 propter
454 2696 674 2727 violentarum
686 2707 848 2727 manuum
859 2696 1074 2736 injeccionetn
1088 2695 1121 2725 in
1136 2694 1369 2734 presbiterum,
1381 2695 1492 2726 fuerat
1505 2695 1687 2727 innodatus

308 2739 348 2769 de
374 2738 472 2777 facto,
501 2742 627 2770 temere
649 2740 867 2777 absolvebat3
892 2749 1029 2776 necnon,
1054 2739 1088 2768 in
1111 2738 1467 2768 Excommunicacione
1490 2738 1687 2780 hujusmodi

306 2782 521 2821 pertinaciter
538 2792 757 2822 perseverans,
775 2783 809 2813 in
826 2783 915 2813 dieta
931 2783 1017 2812 Villa
1034 2782 1074 2812 de
1091 2781 1246 2819 Suttone,
1260 2784 1336 2818 etc.,
1351 2781 1408 2811 ubi
1421 2783 1541 2812 morari
1554 2783 1686 2822 dicitur,

307 2825 430 2856 Divina
447 2825 576 2864 publice
592 2826 765 2863 celebrare,
783 2826 885 2857 immo
908 2825 1022 2866 pocius
1046 2824 1260 2864 prophanare,
1277 2824 1434 2865 nequiter
1450 2826 1664 2864 presumebat
1680 2838 1688 2864 3

306 2868 408 2906 vobis,
425 2869 649 2900 communiter
664 2872 699 2900 et
714 2869 858 2905 divisim,
878 2872 954 2907 etc.,
971 2868 1170 2899 mandamus
1187 2866 1349 2908 quatinus
1366 2868 1509 2899 eundem
1534 2868 1687 2901 Fratrem
