1987 3062
248 226 308 269 30
446 232 544 264 THE
580 229 819 263 REGISTER
854 228 913 260 OF
954 227 1129 260 BISHOP
1170 227 1567 261 BRANTYNGHAM.

245 338 320 364 A·D·
397 347 434 368 ac
451 347 517 375 vos,
536 338 570 366 et
587 334 782 374 Capitulum
798 336 958 371 vestrum,
976 332 1140 362 ordinario
1155 331 1230 372 jure
1246 334 1361 363 nostro
1377 331 1594 373 personaliter
1608 330 1773 362 visitanti-

250 371 355 429 ¹373·H
397 381 471 418 bus,
503 382 709 418 compertum
738 388 796 417 per
823 387 879 407 vos
905 376 1019 406 extitit
1045 378 1080 406 et
1104 375 1254 406 delatum
1283 377 1372 416 quod
1398 376 1569 406 Prioratus
1595 376 1637 406 de
1667 374 1773 414 Sully,

246 405 306 430 V⁰¹'
361 424 367 429 '
398 423 548 464 ejusdem
565 421 711 452 Diocesis
727 424 762 451 et
779 419 976 450 Monasterio
993 422 1103 449 vestro
1119 419 1268 458 predicto
1291 419 1490 459 dependens,
1507 421 1641 459 propter
1663 427 1773 448 senec-

393 470 515 503 tutem,
546 465 763 502 debilitatem,
789 466 823 493 et
849 462 1071 503 inpotenciam
1102 462 1225 492 Fratris
1251 462 1415 493 Johannis
1437 463 1623 500 Duraume,
1650 460 1773 492 Prioris

393 510 527 547 ibidem,
545 508 611 539 fuit
627 511 661 538 et
677 511 727 537 est
743 506 893 537 custodia
909 509 943 536 et
958 505 1119 545 regimine
1135 505 1256 536 debitis
1274 505 1307 536 in
1332 505 1561 545 spiritualibus
1578 508 1611 536 et
1627 508 1771 544 tempor-

395 553 502 583 alibus
518 551 721 585 destitutum
749 551 837 580 unde
861 560 929 587 nos,
947 549 1116 579 defectum
1140 548 1344 589 hujusmodi,
1363 549 1450 579 sicut
1472 552 1581 579 cetera
1603 549 1771 588 comperta

393 597 427 627 in
451 595 565 625 eadem
590 594 788 624 Visitacione
805 592 1039 623 reformacione
1062 592 1258 630 indigencia,
1284 592 1462 622 reformare
1486 592 1642 628 volentes,
1672 593 1771 631 prout

393 650 433 669 ex
465 638 571 669 Officii
600 637 713 667 debito
744 639 909 674 tenemur,
943 635 1086 665 eundem
1124 635 1274 665 Fratrem
1305 635 1506 674 Johannem,
1537 635 1695 672 Priorem,
1728 633 1771 664 ad

394 681 632 713 Monasterium
659 683 693 710 et
708 680 891 710 claustrum
915 682 1064 708 vestrum
1088 678 1317 718 Tavystochie,
1338 689 1377 709 ex
1401 679 1515 710 Officio
1538 681 1654 709 nostro
1677 679 1769 708 ante-

393 726 494 762 dicto,
514 725 554 754 de
570 734 729 754 consensu
749 726 856 753 vestro
873 722 1042 752 communi
1065 725 1099 752 et
1121 732 1256 752 assensu
1281 721 1313 752 in
1339 724 1448 752 vestra
1471 722 1668 761 precedente
1690 720 1770 750 sub-

393 768 547 799 missione
570 767 603 797 in
628 778 665 797 ea
688 769 780 806 parte
797 769 832 796 et
847 766 879 796 in
897 765 969 795 aliis
992 776 1050 804 per
1072 775 1131 795 nos
1154 765 1306 803 admissa,
1325 765 1422 805 cujus
1445 765 1552 795 forma
1567 765 1601 795 in
1618 763 1771 803 Registro

394 814 508 842 nostro
520 811 674 840 novimus
688 809 857 846 contineri,
873 808 1078 839 decrevimus
1090 808 1320 846 revocandum,
1336 811 1370 839 et
1382 808 1607 839 revocavimus
1619 807 1654 838 in
1667 817 1770 847 quan-

393 858 466 885 tum
484 854 525 884 ad
542 864 601 883 nos
617 853 779 893 pertinuit
791 852 846 882 illa
862 852 940 882 vice.
989 852 1149 888 Fratrem,
1166 851 1289 892 itaque,
1308 852 1487 882 Ricardum
1504 851 1661 889 Auncelle,
1675 851 1770 881 Com-

392 897 591 928 monachum
619 900 779 933 vestrum,
796 896 829 925 in
856 896 925 925 loco
950 894 1031 924 dicti
1049 895 1175 925 Fratris
1198 895 1361 926 Johannis
1384 895 1540 933 revocati,
1558 894 1634 935 jure
1658 896 1771 924 nostro

392 940 558 971 occasione
585 940 742 979 premissa
768 939 888 969 devoto
913 938 1110 978 prefecimus
1134 938 1168 968 in
1198 938 1354 970 Priorem.
1401 938 1561 976 Quocirca
1583 937 1677 967 vobis
1699 947 1768 976 pre-

394 984 544 1023 cipimus,
564 983 780 1023 injungimus,
798 985 831 1012 et
855 982 1052 1011 mandamus
1066 982 1235 1021 quatinus,
1252 986 1363 1012 amoto
1379 982 1468 1012 dicto
1485 982 1602 1012 Fratre
1618 980 1772 1011 Johanne

395 1028 580 1063 Duraunte,
610 1026 707 1065 juxta
732 1025 872 1055 formam
901 1024 1033 1054 Decreti
1058 1024 1174 1062 nostri,
1200 1035 1218 1055 a
1244 1025 1395 1055 Prioratu
1425 1025 1595 1065 prelibato,
1619 1024 1769 1054 Fratrem

396 1070 574 1100 Ricardum
600 1069 758 1099 Auncelle
782 1068 815 1098 in
837 1067 1037 1108 corporalem
1063 1068 1301 1107 possessionem
1327 1068 1409 1098 dicti
1440 1069 1620 1106 Prioratus,
1644 1067 1677 1097 in
1701 1067 1771 1097 suis

393 1113 524 1153 juribus
554 1115 589 1142 et
618 1111 830 1152 pertinenciis
861 1111 1033 1148 universis,
1068 1114 1168 1151 prout
1198 1111 1373 1149 hactenus,
1402 1114 1497 1142 extra
1519 1121 1632 1142 casum
1658 1113 1771 1141 nostre

394 1155 615 1193 Visitacionis,
631 1155 722 1185 Prior
739 1155 861 1185 ibidem
873 1154 988 1184 induci
1004 1154 1187 1192 consuevit,
1202 1154 1315 1185 debita
1327 1155 1496 1185 celeritate
1512 1154 1625 1185 induci
1641 1154 1771 1184 faciatis

395 1198 593 1229 auctoritate
604 1202 716 1228 nostra
726 1198 787 1228 hac
795 1197 863 1228 vice
874 1198 1061 1234 dumtaxat,
1070 1200 1179 1228 vestro
1190 1198 1292 1228 eciam
1303 1198 1365 1228 sub
1372 1198 1478 1238 sigillo
1490 1208 1497 1236 ;
1508 1198 1665 1228 facientes
1674 1197 1769 1228 Com-

394 1241 590 1272 monachum
610 1244 757 1271 vestrum
775 1251 1021 1281 quemcumque
1037 1240 1160 1271 ibidem
1177 1244 1385 1271 moraturum
1403 1251 1479 1272 cum
1496 1242 1623 1279 eodem,
1638 1251 1674 1271 ac
1690 1240 1771 1271 alios

393 1285 561 1315 Ministros
578 1287 612 1314 et
628 1284 841 1324 parochianos
857 1283 1007 1324 ejusdem
1033 1283 1213 1322 Prioratus,
1232 1294 1289 1314 seu
1316 1284 1536 1315 Ecclesiarum
1561 1285 1603 1314 ad
1624 1284 1767 1314 eundem

394 1328 583 1358 Prioratum
600 1327 853 1367 pertinencium,
872 1327 980 1357 eidem
998 1327 1105 1357 Fratri
1130 1327 1279 1366 Ricardo,
1299 1327 1402 1358 Priori
1426 1328 1584 1367 predicto,
1601 1338 1715 1368 parere
1735 1327 1770 1357 in

391 1371 545 1401 omnibus
569 1374 602 1401 et
623 1370 765 1408 obedire,
783 1373 822 1400 ut
845 1373 896 1400 est
917 1370 1026 1407 moris,
1043 1372 1078 1400 et
1101 1373 1201 1409 prout
1223 1370 1401 1410 expediens
1422 1370 1575 1401 fueritin
1591 1370 1769 1410 premissis.

392 1415 437 1445 Et
457 1414 538 1454 quid
557 1413 700 1444 feceritis
722 1413 756 1443 in
778 1413 945 1452 premissis
968 1423 1036 1451 nos,
1054 1413 1209 1453 expedito
1231 1413 1427 1453 hujusmodi
1448 1414 1591 1453 negocio,
1609 1413 1768 1444 distincte

389 1461 424 1488 et
439 1460 551 1497 aperte
564 1457 749 1487 certificetis
763 1456 834 1496 [per
852 1456 978 1486 Literas
991 1459 1116 1486 vestras
1134 1456 1310 1496 patentes]‚
1324 1457 1538 1488 Presencium
1554 1467 1631 1487 cum
1642 1460 1767 1496 tenore,

391 1501 496 1540 sigillo
513 1500 681 1531 communi
695 1503 804 1530 vestro
817 1502 851 1530 et
864 1498 1012 1539 Capituli
1025 1499 1177 1539 ejusdem
1191 1500 1383 1531 Mon—asterii
1396 1500 1615 1541 consignatas.
1640 1500 1768 1531 Datum

391 1544 479 1584 apud
498 1544 600 1584 Clyst,
618 1542 739 1583 xxviij⁰
754 1543 807 1573 die
823 1543 945 1573 mensis
962 1543 1178 1582 Septembris,
1199 1544 1296 1574 Anno
1313 1544 1449 1574 Domini
1464 1543 1664 1584 supradicto,

347 1598 600 1649 Ciminium,
620 1598 694 1638 the
713 1597 954 1652 Collegiatc
971 1596 1147 1638 Church
1163 1597 1209 1638 of
1226 1613 1234 1649 ;
1260 1598 1328 1638 me
1349 1597 1767 1652 l21recewt0rslm'p‚——

349 1657 472 1686 Master
488 1656 589 1695 Hugh
608 1655 800 1695 Hickelynye
812 1655 1002 1693 exchanged
1021 1655 1184 1686 Benefices
1202 1656 1280 1686 with

348 1700 437 1730 John
460 1699 553 1737 wale,
573 1700 608 1729 R.
626 1699 659 1729 of
683 1699 829 1729 Northill
846 1709 852 1736 ;
878 1699 950 1728 who
967 1709 1031 1728 was
1055 1699 1194 1729 eollated
1220 1699 1269 1738 (at
1292 1698 1411 1739 Clyst),
1429 1700 1468 1729 23
1486 1699 1767 1730 Oct.—Mandate

390 1743 441 1773 for
466 1742 641 1772 Induction
669 1743 815 1772 directed
840 1745 875 1772 to
899 1742 951 1772 Sir
974 1741 1117 1772 Thomas
1142 1743 1276 1782 Draper,
1302 1742 1458 1773 Subdean
1480 1742 1513 1772 οἱ
1540 1743 1672 1780 Exeter,
1699 1744 1764 1773 aud

392 1787 505 1825 Heni-y
523 1786 646 1824 Borage
662 1786 726 1815 and
743 1785 888 1815 Thomas
905 1786 1012 1823 Wace,
1032 1785 1162 1815 Canons
1179 1785 1213 1815 of
1238 1785 1409 1817 Crediton.

347 1840 591 1880 NORTHILL
614 1839 864 1892 [Nm-thille,
891 1839 1015 1892 MS.]‚
1042 1839 1087 1879 R.

349 1897 437 1927 John
459 1897 552 1935 wale,
569 1897 667 1935 clerk,
684 1897 874 1936 exchanged
893 1897 1058 1927 Benefices
1075 1896 1156 1927 with

351 1941 475 1971 Master
503 1940 601 1978 Huyh
626 1940 831 1980 Ilielcelynye,
856 1940 954 1978 clerk,
972 1940 1150 1970 Precentor
1173 1939 1207 1970 of
1230 1939 1415 1978 Crediton3
1440 1940 1513 1971 who
1538 1951 1601 1971 was
1622 1941 1698 1972 inst.
1717 1942 1767 1978 (at

394 1983 512 2024 Clyst),
527 1984 566 2013 23
585 1984 654 2014 Oct.
675 1994 682 2021 3
700 1984 836 2021 Patron,
857 1984 913 2014 the
932 1984 1030 2023 King,
1048 1984 1067 1998 “
1080 1983 1208 2014 racione
1221 1984 1382 2014 Custodie
1398 1987 1485 2014 terre
1502 1987 1536 2014 et
1552 1984 1683 2015 heredis
1699 1985 1763 2015 Ed-

391 2027 491 2057 wardi
503 2028 543 2056 de
561 2027 779 2067 Courtenaye,
796 2027 957 2065 defuncti,
974 2027 1086 2067 quide
1101 2027 1173 2067 ipso
1189 2027 1333 2057 Domino
1348 2028 1434 2066 Rege
1447 2028 1559 2058 tenuit
1575 2028 1608 2058 in
1626 2028 1766 2069 capite.''

235 2076 298 2138 ξξὺ
348 2082 681 2121 BUTTERLEIGH
704 2080 997 2135 [Botcrleghe,
1023 2080 1147 2134 MS.]‚
1173 2081 1219 2122 R.

347 2139 399 2169 Sir
418 2138 526 2169 Robora
549 2137 643 2178 Wyet,
661 2138 822 2178 chaplain,
840 2149 905 2169 was
921 2139 1063 2169 collated
1079 2138 1118 2179 by
1133 2140 1228 2179 lapse,
1247 2139 1286 2169 28
1304 2138 1389 2170 Nov.

347 2193 551 2232 MESHAW
573 2192 862 2245 [Meushathe,
888 2193 931 2232 M
937 2192 1012 2244 Si,
1038 2193 1084 2233 R.

349 2251 400 2281 On
417 2250 474 2280 the
494 2250 703 2289 Resignation
722 2250 756 2280 of

349 2294 401 2323 Sir
416 2293 504 2323 John
522 2293 731 2330 Rokeboume,
749 2293 846 2331 clerk‚
864 2293 971 2324 which
987 2304 1053 2324 was
1074 2294 1230 2334 accepted
1246 2294 1289 2335 by
1309 2295 1367 2325 the
1384 2295 1515 2336 Bishop‚
1529 2296 1569 2326 10
1586 2294 1685 2333 Nov.‚
1700 2296 1718 2310 “
1730 2297 1762 2327 in

392 2336 466 2366 aula
484 2336 633 2366 Rectorie
651 2337 793 2366 Ecclesie
811 2337 1008 2367 Paroehialis
1024 2338 1065 2367 de
1088 2337 1274 2376 Boneleghe
1287 2338 1304 2349 '’
1322 2338 1530 2378 (Bondleiyh)
1533 2362 1669 2377 .....
1694 2350 1763 2379 pre-

391 2379 541 2409 sentibus
569 2379 711 2409 Domino
739 2379 866 2410 Tlioma
893 2380 1024 2418 Warde,
1054 2381 1191 2410 Rectore
1221 2381 1362 2411 Ecclesie
1388 2382 1584 2412 paroehialis
1608 2383 1649 2412 de
1673 2383 1765 2413 West

392 2422 638 2461 XVolryngtone,
651 2422 775 2452 Thoma
790 2423 829 2452 de
843 2423 873 2452 la
885 2423 984 2460 Mere,
998 2428 1032 2453 et
1045 2424 1215 2463 Stephano
1228 2424 1551 2463 Dre'w,’'——certified
1562 2425 1606 2465 by
1620 2425 1764 2456 Thomas

391 2465 608 2504 Cheruebery,
625 2465 737 2504 priest,
754 2466 1048 2506 Notary-Publick,

245 2507 318 2550 AD·
351 2506 404 2537 Sir
427 2507 512 2537 John
540 2508 639 2547 Ely0l,
663 2508 824 2547 chaplain,
850 2519 914 2539 was
941 2509 1020 2540 inst.
1052 2509 1101 2548 (at
1133 2509 1385 2550 Ohudleigh—“
1409 2512 1442 2542 in
1468 2511 1605 2543 Camera
1629 2510 1764 2543 Domini

241 2540 342 2566 1373'4·
391 2550 565 2590 Principali
578 2550 620 2588 ’')‚
640 2552 678 2581 10
695 2552 781 2589 Jan.,
802 2551 921 2584 1373-4
940 2563 947 2590 ;
975 2551 1106 2591 Patron,
1123 2553 1267 2584 Thomas
1283 2554 1324 2584 de
1342 2555 1503 2586 Affetone.

241 2613 675 2666 s01-28-PAva1ssEnr,
700 2616 746 2656 V.

350 2672 401 2701 On
418 2672 474 2701 the
491 2672 590 2702 death
607 2672 640 2702 of

350 2714 402 2744 Sir
417 2714 441 2744 J
443 2714 506 2744 olm
521 2714 681 2752 Scheckcr,

351 2756 496 2787 Riclmrd
512 2757 696 2795 Lam-enee,
714 2758 875 2798 chaplain,
893 2770 957 2790 was
973 2760 1048 2791 inst.
1064 2759 1114 2800 (at
1126 2761 1340 2803 Chudleigh),
1359 2765 1393 2794 1]
1417 2763 1437 2795 J
1441 2774 1491 2795 an.
1509 2774 1518 2801 ,²
1535 2763 1686 2802 Patrons,
1704 2764 1763 2796 the

392 2800 504 2831 Abbat
519 2801 585 2831 and
602 2799 755 2833 convent
771 2802 805 2831 of
828 2802 944 2833 Forde.
