<?xml version="1.0" encoding="UTF-8"?>
<!DOCTYPE html PUBLIC "-//W3C//DTD XHTML 1.0 Transitional//EN"
    "http://www.w3.org/TR/xhtml1/DTD/xhtml1-transitional.dtd">
<html xmlns="http://www.w3.org/1999/xhtml" xml:lang="en" lang="en">
 <head>
  <title>
</title>
<meta http-equiv="Content-Type" content="text/html;charset=utf-8" />
  <meta name='ocr-system' content='tesseract 3.04.00' />
  <meta name='ocr-capabilities' content='ocr_page ocr_carea ocr_par ocr_line ocrx_word'/>
</head>
<body>
  <div class='ocr_page' id='page_1' title='image "./registerofthomas01cathuoft_0409.png"; bbox 0 0 1987 3062; ppageno 0'>
   <div class='ocr_carea' id='block_1_1' title="bbox 461 199 1663 245">
    <p class='ocr_par' dir='ltr' id='par_1_1' title="bbox 461 199 1663 245">
     <span class='ocr_line' id='line_1_1' title="bbox 461 199 1663 245; baseline -0.002 0"><span class='ocrx_word' id='word_1_1' title='bbox 461 211 747 245; x_wconf 82' lang='lat' dir='ltr'>REGISTRUM</span> <span class='ocrx_word' id='word_1_2' title='bbox 784 209 1237 245; x_wconf 77' lang='lat' dir='ltr'>OOMMUNE-ANNO</span> <span class='ocrx_word' id='word_1_3' title='bbox 1278 200 1338 243; x_wconf 85' lang='lat'>8⁰.</span> <span class='ocrx_word' id='word_1_4' title='bbox 1573 199 1663 242; x_wconf 82' lang='lat'>381</span> 
     </span>
    </p>
   </div>
   <div class='ocr_carea' id='block_1_2' title="bbox 125 312 1667 409">
    <p class='ocr_par' dir='ltr' id='par_1_2' title="bbox 125 312 1667 409">
     <span class='ocr_line' id='line_1_2' title="bbox 125 312 1667 346; baseline -0.003 1"><span class='ocrx_word' id='word_1_5' title='bbox 125 314 202 341; x_wconf 81' lang='grc' dir='ltr'><strong>Α-Ὀ-</strong></span> <span class='ocrx_word' id='word_1_6' title='bbox 283 315 497 346; x_wconf 80' lang='lat' dir='ltr'>miseracione</span> <span class='ocrx_word' id='word_1_7' title='bbox 514 315 636 346; x_wconf 83' lang='lat' dir='ltr'>Divina</span> <span class='ocrx_word' id='word_1_8' title='bbox 651 315 756 346; x_wconf 82' lang='lat' dir='ltr'>Tituli</span> <span class='ocrx_word' id='word_1_9' title='bbox 775 315 888 346; x_wconf 84' lang='lat' dir='ltr'>Sancti</span> <span class='ocrx_word' id='word_1_10' title='bbox 905 314 992 346; x_wconf 82' lang='lat' dir='ltr'>Sixti</span> <span class='ocrx_word' id='word_1_11' title='bbox 1008 314 1130 345; x_wconf 76' lang='lat' dir='ltr'>Sancte</span> <span class='ocrx_word' id='word_1_12' title='bbox 1153 314 1303 344; x_wconf 81' lang='lat' dir='ltr'>Romane</span> <span class='ocrx_word' id='word_1_13' title='bbox 1327 313 1472 344; x_wconf 86' lang='lat' dir='ltr'>Ecclesie</span> <span class='ocrx_word' id='word_1_14' title='bbox 1497 312 1667 343; x_wconf 82' lang='lat' dir='ltr'>Presbiter</span> 
     </span>
     <span class='ocr_line' id='line_1_3' title="bbox 126 347 1664 409; baseline -0.003 -19"><span class='ocrx_word' id='word_1_15' title='bbox 126 347 226 409; x_wconf 42' lang='lat'>{733121-</span> <span class='ocrx_word' id='word_1_16' title='bbox 284 359 479 397; x_wconf 84' lang='lat' dir='ltr'>Oardinalis,</span> <span class='ocrx_word' id='word_1_17' title='bbox 496 359 710 399; x_wconf 72' lang='lat' dir='ltr'>dispensavit,</span> <span class='ocrx_word' id='word_1_18' title='bbox 729 359 920 396; x_wconf 85' lang='lat' dir='ltr'>Londoniis,</span> <span class='ocrx_word' id='word_1_19' title='bbox 940 358 1042 389; x_wconf 88' lang='lat' dir='ltr'>tercio</span> <span class='ocrx_word' id='word_1_20' title='bbox 1058 358 1111 388; x_wconf 80' lang='lat' dir='ltr'>die</span> <span class='ocrx_word' id='word_1_21' title='bbox 1129 358 1250 388; x_wconf 77' lang='lat' dir='ltr'>mensis</span> <span class='ocrx_word' id='word_1_22' title='bbox 1268 356 1474 394; x_wconf 81' lang='lat' dir='ltr'>Novembris,</span> <span class='ocrx_word' id='word_1_23' title='bbox 1491 356 1664 387; x_wconf 80' lang='lat' dir='ltr'>Pontifica-</span> 
     </span>
    </p>
   </div>
   <div class='ocr_carea' id='block_1_3' title="bbox 281 400 1206 442">
    <p class='ocr_par' dir='ltr' id='par_1_3' title="bbox 281 400 1206 442">
     <span class='ocr_line' id='line_1_4' title="bbox 281 400 1206 442; baseline -0.002 -8"><span class='ocrx_word' id='word_1_24' title='bbox 281 405 338 434; x_wconf 79' lang='lat' dir='ltr'>tus</span> <span class='ocrx_word' id='word_1_25' title='bbox 355 403 491 433; x_wconf 86' lang='lat' dir='ltr'>Domini</span> <span class='ocrx_word' id='word_1_26' title='bbox 507 403 658 442; x_wconf 79' lang='lat' dir='ltr'>Gregorii</span> <span class='ocrx_word' id='word_1_27' title='bbox 675 403 763 442; x_wconf 82' lang='lat' dir='ltr'>Pape</span> <span class='ocrx_word' id='word_1_28' title='bbox 780 403 828 433; x_wconf 90' lang='lat' dir='ltr'>XI</span> <span class='ocrx_word' id='word_1_29' title='bbox 847 404 943 433; x_wconf 87' lang='lat' dir='ltr'>Anno</span> <span class='ocrx_word' id='word_1_30' title='bbox 959 402 1067 442; x_wconf 85' lang='lat' dir='ltr'>primo</span> <span class='ocrx_word' id='word_1_31' title='bbox 1085 400 1206 440; x_wconf 62' lang='lat'><strong>[1371]</strong></span> 
     </span>
    </p>
   </div>
   <div class='ocr_carea' id='block_1_4' title="bbox 130 456 1666 1151">
    <p class='ocr_par' dir='ltr' id='par_1_4' title="bbox 239 456 1252 507">
     <span class='ocr_line' id='line_1_5' title="bbox 239 456 1252 507; baseline -0.003 -13"><span class='ocrx_word' id='word_1_32' title='bbox 239 457 407 507; x_wconf 85' lang='lat' dir='ltr'>Ohapels</span> <span class='ocrx_word' id='word_1_33' title='bbox 426 456 503 493; x_wconf 82' lang='lat' dir='ltr'>and</span> <span class='ocrx_word' id='word_1_34' title='bbox 525 456 721 494; x_wconf 84' lang='lat' dir='ltr'>Oratories</span> <span class='ocrx_word' id='word_1_35' title='bbox 738 469 747 502; x_wconf 88' lang='lat'>;</span> <span class='ocrx_word' id='word_1_36' title='bbox 777 456 930 493; x_wconf 78' lang='lat' dir='ltr'>Licence</span> <span class='ocrx_word' id='word_1_37' title='bbox 951 463 986 493; x_wconf 81' lang='lat' dir='ltr'>to</span> <span class='ocrx_word' id='word_1_38' title='bbox 1007 456 1252 501; x_wconf 72' lang='lat' dir='ltr'>celebrate,—</span> 
     </span>
    </p>

    <p class='ocr_par' dir='ltr' id='par_1_5' title="bbox 237 508 1664 637">
     <span class='ocr_line' id='line_1_6' title="bbox 237 508 1664 550; baseline -0.003 -9"><span class='ocrx_word' id='word_1_39' title='bbox 237 511 334 548; x_wconf 89' lang='lat' dir='ltr'>Item,</span> <span class='ocrx_word' id='word_1_40' title='bbox 352 511 487 549; x_wconf 83' lang='lat' dir='ltr'><strong>ibidem,</strong></span> <span class='ocrx_word' id='word_1_41' title='bbox 505 510 617 550; x_wconf 70' lang='lat' dir='ltr'>xxvth</span> <span class='ocrx_word' id='word_1_42' title='bbox 633 510 695 547; x_wconf 82' lang='grc'>(118,</span> <span class='ocrx_word' id='word_1_43' title='bbox 712 510 876 540; x_wconf 82' lang='lat' dir='ltr'>Dominus</span> <span class='ocrx_word' id='word_1_44' title='bbox 892 510 1054 541; x_wconf 73' lang='lat' dir='ltr'>concessit</span> <span class='ocrx_word' id='word_1_45' title='bbox 1070 509 1254 540; x_wconf 83' lang='lat' dir='ltr'>Licenciam</span> <span class='ocrx_word' id='word_1_46' title='bbox 1266 508 1413 539; x_wconf 84' lang='lat' dir='ltr'>Roberto</span> <span class='ocrx_word' id='word_1_47' title='bbox 1429 508 1563 539; x_wconf 81' lang='lat' dir='ltr'>Irlancle</span> <span class='ocrx_word' id='word_1_48' title='bbox 1576 508 1664 548; x_wconf 80' lang='lat' dir='ltr'>quod</span> 
     </span>
     <span class='ocr_line' id='line_1_7' title="bbox 281 552 1664 594; baseline -0.002 -9"><span class='ocrx_word' id='word_1_49' title='bbox 281 555 386 594; x_wconf 86' lang='lat' dir='ltr'>possit</span> <span class='ocrx_word' id='word_1_50' title='bbox 402 554 510 585; x_wconf 82' lang='lat' dir='ltr'>facere</span> <span class='ocrx_word' id='word_1_51' title='bbox 526 553 684 584; x_wconf 83' lang='lat' dir='ltr'>celebrari</span> <span class='ocrx_word' id='word_1_52' title='bbox 701 553 823 584; x_wconf 83' lang='lat' dir='ltr'>Divina</span> <span class='ocrx_word' id='word_1_53' title='bbox 840 554 873 583; x_wconf 92' lang='lat' dir='ltr'>in</span> <span class='ocrx_word' id='word_1_54' title='bbox 891 553 1060 593; x_wconf 73' lang='lat' dir='ltr'>presencia</span> <span class='ocrx_word' id='word_1_55' title='bbox 1076 563 1143 591; x_wconf 82' lang='lat' dir='ltr'>sua,</span> <span class='ocrx_word' id='word_1_56' title='bbox 1162 553 1196 583; x_wconf 92' lang='lat' dir='ltr'>in</span> <span class='ocrx_word' id='word_1_57' title='bbox 1222 553 1355 592; x_wconf 76' lang='lat' dir='ltr'>Capella</span> <span class='ocrx_word' id='word_1_58' title='bbox 1372 554 1494 583; x_wconf 76' lang='lat' dir='ltr'>Sancte</span> <span class='ocrx_word' id='word_1_59' title='bbox 1513 552 1607 583; x_wconf 87' lang='lat' dir='ltr'>Clere</span> <span class='ocrx_word' id='word_1_60' title='bbox 1632 553 1664 582; x_wconf 92' lang='lat' dir='ltr'>in</span> 
     </span>
     <span class='ocr_line' id='line_1_8' title="bbox 283 595 1493 637; baseline -0.002 -9"><span class='ocrx_word' id='word_1_61' title='bbox 283 597 442 628; x_wconf 82' lang='lat' dir='ltr'>Parochia</span> <span class='ocrx_word' id='word_1_62' title='bbox 457 598 499 628; x_wconf 90' lang='lat' dir='ltr'>de</span> <span class='ocrx_word' id='word_1_63' title='bbox 514 597 709 628; x_wconf 82' lang='lat' dir='ltr'>Tounstalle</span> <span class='ocrx_word' id='word_1_64' title='bbox 725 608 732 635; x_wconf 81' lang='lat'><em>3</em></span> <span class='ocrx_word' id='word_1_65' title='bbox 756 597 917 637; x_wconf 82' lang='lat' dir='ltr'>quamdiu</span> <span class='ocrx_word' id='word_1_66' title='bbox 937 597 1079 627; x_wconf 87' lang='lat' dir='ltr'>Domino</span> <span class='ocrx_word' id='word_1_67' title='bbox 1095 596 1259 636; x_wconf 73' lang='lat' dir='ltr'>placuerit</span> <span class='ocrx_word' id='word_1_68' title='bbox 1282 595 1493 626; x_wconf 73' lang='lat' dir='ltr'><strong>duraturam.</strong></span> 
     </span>
    </p>

    <p class='ocr_par' dir='ltr' id='par_1_6' title="bbox 130 639 1663 680">
     <span class='ocr_line' id='line_1_9' title="bbox 130 639 1663 680; baseline -0.003 -7"><span class='ocrx_word' id='word_1_69' title='bbox 130 640 218 673; x_wconf 78' lang='lat' dir='ltr'>JUNI-</span> <span class='ocrx_word' id='word_1_70' title='bbox 244 641 340 678; x_wconf 89' lang='lat' dir='ltr'>Item,</span> <span class='ocrx_word' id='word_1_71' title='bbox 358 641 492 680; x_wconf 84' lang='lat' dir='ltr'>ibidem,</span> <span class='ocrx_word' id='word_1_72' title='bbox 510 643 628 672; x_wconf 83' lang='lat' dir='ltr'>octavo</span> <span class='ocrx_word' id='word_1_73' title='bbox 643 640 697 671; x_wconf 85' lang='lat' dir='ltr'>die</span> <span class='ocrx_word' id='word_1_74' title='bbox 720 640 843 671; x_wconf 87' lang='lat' dir='ltr'>mensis</span> <span class='ocrx_word' id='word_1_75' title='bbox 867 641 971 678; x_wconf 84' lang='lat' dir='ltr'>Junii,</span> <span class='ocrx_word' id='word_1_76' title='bbox 990 640 1153 670; x_wconf 77' lang='lat' dir='ltr'>Dominus</span> <span class='ocrx_word' id='word_1_77' title='bbox 1176 640 1338 670; x_wconf 72' lang='lat' dir='ltr'>concessit</span> <span class='ocrx_word' id='word_1_78' title='bbox 1364 639 1548 670; x_wconf 85' lang='lat' dir='ltr'>Licenciam</span> <span class='ocrx_word' id='word_1_79' title='bbox 1576 639 1663 669; x_wconf 88' lang='lat' dir='ltr'>Hen-</span> 
     </span>
    </p>

    <p class='ocr_par' dir='ltr' id='par_1_7' title="bbox 132 682 1666 811">
     <span class='ocr_line' id='line_1_10' title="bbox 132 682 1666 723; baseline -0.003 -7"><span class='ocrx_word' id='word_1_80' title='bbox 132 682 175 701; x_wconf 58' lang='grc' dir='ltr'>υς·</span> <span class='ocrx_word' id='word_1_81' title='bbox 278 685 346 715; x_wconf 84' lang='lat' dir='ltr'>rico</span> <span class='ocrx_word' id='word_1_82' title='bbox 361 685 503 721; x_wconf 75' lang='lat' dir='ltr'>&#39;l&#39;horne,</span> <span class='ocrx_word' id='word_1_83' title='bbox 520 687 556 715; x_wconf 87' lang='lat' dir='ltr'>et</span> <span class='ocrx_word' id='word_1_84' title='bbox 575 684 767 714; x_wconf 83' lang='lat' dir='ltr'>Elizabethe</span> <span class='ocrx_word' id='word_1_85' title='bbox 784 684 857 723; x_wconf 85' lang='lat' dir='ltr'>ejus</span> <span class='ocrx_word' id='word_1_86' title='bbox 881 684 986 721; x_wconf 85' lang='lat' dir='ltr'>uxori,</span> <span class='ocrx_word' id='word_1_87' title='bbox 1003 684 1092 723; x_wconf 75' lang='lat' dir='ltr'>quotl</span> <span class='ocrx_word' id='word_1_88' title='bbox 1109 683 1238 722; x_wconf 87' lang='lat' dir='ltr'>possint</span> <span class='ocrx_word' id='word_1_89' title='bbox 1254 683 1371 720; x_wconf 80' lang='lat' dir='ltr'>facere,</span> <span class='ocrx_word' id='word_1_90' title='bbox 1389 686 1462 721; x_wconf 68' lang='lat' dir='ltr'>etc,</span> <span class='ocrx_word' id='word_1_91' title='bbox 1480 683 1514 712; x_wconf 88' lang='lat' dir='ltr'>in</span> <span class='ocrx_word' id='word_1_92' title='bbox 1532 682 1666 722; x_wconf 78' lang='lat' dir='ltr'>Capella</span> 
     </span>
     <span class='ocr_line' id='line_1_11' title="bbox 280 726 1664 766; baseline -0.001 -8"><span class='ocrx_word' id='word_1_93' title='bbox 280 728 349 759; x_wconf 81' lang='lat' dir='ltr'>sive</span> <span class='ocrx_word' id='word_1_94' title='bbox 365 728 518 760; x_wconf 83' lang='lat' dir='ltr'>Oratorio</span> <span class='ocrx_word' id='word_1_95' title='bbox 535 727 675 758; x_wconf 85' lang='lat' dir='ltr'>Manerii</span> <span class='ocrx_word' id='word_1_96' title='bbox 691 728 873 758; x_wconf 86' lang='lat' dir='ltr'>eorundem</span> <span class='ocrx_word' id='word_1_97' title='bbox 890 727 932 757; x_wconf 89' lang='lat' dir='ltr'>de</span> <span class='ocrx_word' id='word_1_98' title='bbox 948 727 1080 757; x_wconf 83' lang='lat' dir='ltr'>Thorne</span> <span class='ocrx_word' id='word_1_99' title='bbox 1104 727 1137 757; x_wconf 91' lang='lat' dir='ltr'>in</span> <span class='ocrx_word' id='word_1_100' title='bbox 1155 726 1314 757; x_wconf 75' lang='lat' dir='ltr'>Parochia</span> <span class='ocrx_word' id='word_1_101' title='bbox 1338 726 1379 757; x_wconf 89' lang='grc'>(18</span> <span class='ocrx_word' id='word_1_102' title='bbox 1406 726 1664 766; x_wconf 81' lang='lat' dir='ltr'>Haldesworthy</span> 
     </span>
     <span class='ocr_line' id='line_1_12' title="bbox 278 770 1108 811; baseline -0.002 -9"><span class='ocrx_word' id='word_1_103' title='bbox 278 771 509 811; x_wconf 68' lang='lat' dir='ltr'>[Holswnrchy]</span> <span class='ocrx_word' id='word_1_104' title='bbox 526 781 534 808; x_wconf 88' lang='lat'>;</span> <span class='ocrx_word' id='word_1_105' title='bbox 559 781 618 811; x_wconf 84' lang='lat' dir='ltr'>per</span> <span class='ocrx_word' id='word_1_106' title='bbox 634 781 739 801; x_wconf 87' lang='lat' dir='ltr'>unum</span> <span class='ocrx_word' id='word_1_107' title='bbox 756 781 882 801; x_wconf 88' lang='lat' dir='ltr'>annum</span> <span class='ocrx_word' id='word_1_108' title='bbox 898 770 1108 801; x_wconf 71' lang='lat' dir='ltr'>duraturam.</span> 
     </span>
    </p>

    <p class='ocr_par' dir='ltr' id='par_1_8' title="bbox 237 813 1666 977">
     <span class='ocr_line' id='line_1_13' title="bbox 237 813 1665 854; baseline -0.002 -8"><span class='ocrx_word' id='word_1_109' title='bbox 237 815 335 853; x_wconf 90' lang='lat' dir='ltr'>Item,</span> <span class='ocrx_word' id='word_1_110' title='bbox 359 815 493 854; x_wconf 83' lang='lat' dir='ltr'>ibidem,</span> <span class='ocrx_word' id='word_1_111' title='bbox 510 826 598 846; x_wconf 88' lang='lat' dir='ltr'>nono</span> <span class='ocrx_word' id='word_1_112' title='bbox 621 815 684 851; x_wconf 82' lang='lat' dir='ltr'>die,</span> <span class='ocrx_word' id='word_1_113' title='bbox 704 814 867 844; x_wconf 85' lang='lat' dir='ltr'>Dominus</span> <span class='ocrx_word' id='word_1_114' title='bbox 890 814 1052 844; x_wconf 87' lang='lat' dir='ltr'>concessit</span> <span class='ocrx_word' id='word_1_115' title='bbox 1079 813 1263 844; x_wconf 82' lang='lat' dir='ltr'>Licenciam</span> <span class='ocrx_word' id='word_1_116' title='bbox 1286 813 1489 853; x_wconf 79' lang='lat' dir='ltr'>pauperibus</span> <span class='ocrx_word' id='word_1_117' title='bbox 1512 813 1665 853; x_wconf 67' lang='lat' dir='ltr'>Lepi-osis</span> 
     </span>
     <span class='ocr_line' id='line_1_14' title="bbox 280 856 1666 898; baseline -0.001 -9"><span class='ocrx_word' id='word_1_118' title='bbox 280 859 463 898; x_wconf 79' lang='lat' dir='ltr'>Hospitalis</span> <span class='ocrx_word' id='word_1_119' title='bbox 496 859 596 889; x_wconf 83' lang='lat' dir='ltr'>Beate</span> <span class='ocrx_word' id='word_1_120' title='bbox 627 857 730 888; x_wconf 82' lang='lat' dir='ltr'>Marie</span> <span class='ocrx_word' id='word_1_121' title='bbox 764 857 966 898; x_wconf 76' lang='lat' dir='ltr'>Magdalene,</span> <span class='ocrx_word' id='word_1_122' title='bbox 997 857 1098 897; x_wconf 76' lang='lat' dir='ltr'>juxta</span> <span class='ocrx_word' id='word_1_123' title='bbox 1130 857 1379 894; x_wconf 83' lang='lat' dir='ltr'>Plummonthe,</span> <span class='ocrx_word' id='word_1_124' title='bbox 1412 856 1502 897; x_wconf 88' lang='lat' dir='ltr'>quod</span> <span class='ocrx_word' id='word_1_125' title='bbox 1537 857 1666 896; x_wconf 85' lang='lat' dir='ltr'>possint</span> 
     </span>
     <span class='ocr_line' id='line_1_15' title="bbox 280 900 1663 942; baseline -0.002 -9"><span class='ocrx_word' id='word_1_126' title='bbox 280 902 397 940; x_wconf 83' lang='lat' dir='ltr'>facere,</span> <span class='ocrx_word' id='word_1_127' title='bbox 415 905 488 941; x_wconf 74' lang='lat' dir='ltr'>etc,</span> <span class='ocrx_word' id='word_1_128' title='bbox 505 902 540 933; x_wconf 91' lang='lat' dir='ltr'>in</span> <span class='ocrx_word' id='word_1_129' title='bbox 564 901 699 942; x_wconf 84' lang='lat' dir='ltr'>Capella</span> <span class='ocrx_word' id='word_1_130' title='bbox 721 901 809 932; x_wconf 82' lang='lat' dir='ltr'>infra</span> <span class='ocrx_word' id='word_1_131' title='bbox 835 901 1007 941; x_wconf 81' lang='lat' dir='ltr'>Hospitale</span> <span class='ocrx_word' id='word_1_132' title='bbox 1023 901 1213 941; x_wconf 79' lang='lat' dir='ltr'>predictum</span> <span class='ocrx_word' id='word_1_133' title='bbox 1229 900 1354 931; x_wconf 75' lang='lat' dir='ltr'>situata</span> <span class='ocrx_word' id='word_1_134' title='bbox 1372 911 1379 938; x_wconf 69' lang='grc' dir='ltr'><strong><em>ς</em></strong></span> <span class='ocrx_word' id='word_1_135' title='bbox 1410 911 1469 940; x_wconf 86' lang='lat' dir='ltr'>per</span> <span class='ocrx_word' id='word_1_136' title='bbox 1486 910 1592 931; x_wconf 90' lang='lat' dir='ltr'>unum</span> <span class='ocrx_word' id='word_1_137' title='bbox 1609 910 1663 931; x_wconf 88' lang='grc'>311-</span> 
     </span>
     <span class='ocr_line' id='line_1_16' title="bbox 280 947 587 977; baseline 0 -1"><span class='ocrx_word' id='word_1_138' title='bbox 280 956 361 976; x_wconf 90' lang='lat' dir='ltr'>num</span> <span class='ocrx_word' id='word_1_139' title='bbox 380 947 587 977; x_wconf 79' lang='lat' dir='ltr'>duraturam.</span> 
     </span>
    </p>

    <p class='ocr_par' dir='ltr' id='par_1_9' title="bbox 237 987 1666 1151">
     <span class='ocr_line' id='line_1_17' title="bbox 237 987 1664 1028; baseline -0.002 -8"><span class='ocrx_word' id='word_1_140' title='bbox 237 988 335 1027; x_wconf 89' lang='lat' dir='ltr'>Item,</span> <span class='ocrx_word' id='word_1_141' title='bbox 352 989 488 1028; x_wconf 83' lang='lat' dir='ltr'>Exonie,</span> <span class='ocrx_word' id='word_1_142' title='bbox 514 999 557 1020; x_wconf 83' lang='lat' dir='ltr'>xv</span> <span class='ocrx_word' id='word_1_143' title='bbox 580 989 642 1026; x_wconf 85' lang='lat' dir='ltr'>die,</span> <span class='ocrx_word' id='word_1_144' title='bbox 664 988 827 1019; x_wconf 81' lang='lat' dir='ltr'>Dominus</span> <span class='ocrx_word' id='word_1_145' title='bbox 850 988 1012 1018; x_wconf 75' lang='lat' dir='ltr'>concessit</span> <span class='ocrx_word' id='word_1_146' title='bbox 1037 987 1223 1018; x_wconf 82' lang='lat' dir='ltr'>Licenciam</span> <span class='ocrx_word' id='word_1_147' title='bbox 1246 987 1516 1018; x_wconf 73' lang='lat' dir='ltr'>inhabitantibus</span> <span class='ocrx_word' id='word_1_148' title='bbox 1542 987 1664 1018; x_wconf 83' lang='lat' dir='ltr'>Villam</span> 
     </span>
     <span class='ocr_line' id='line_1_18' title="bbox 278 1031 1664 1073; baseline -0.001 -10"><span class='ocrx_word' id='word_1_149' title='bbox 278 1033 320 1063; x_wconf 92' lang='lat' dir='ltr'>de</span> <span class='ocrx_word' id='word_1_150' title='bbox 338 1033 480 1063; x_wconf 82' lang='lat' dir='ltr'>Polruan</span> <span class='ocrx_word' id='word_1_151' title='bbox 497 1033 588 1073; x_wconf 87' lang='lat' dir='ltr'>quod</span> <span class='ocrx_word' id='word_1_152' title='bbox 606 1032 733 1072; x_wconf 88' lang='lat' dir='ltr'>possint</span> <span class='ocrx_word' id='word_1_153' title='bbox 749 1032 866 1070; x_wconf 79' lang='lat' dir='ltr'>facere,</span> <span class='ocrx_word' id='word_1_154' title='bbox 883 1036 957 1069; x_wconf 69' lang='lat' dir='ltr'>etc,</span> <span class='ocrx_word' id='word_1_155' title='bbox 974 1032 1008 1062; x_wconf 88' lang='lat' dir='ltr'>in</span> <span class='ocrx_word' id='word_1_156' title='bbox 1026 1031 1161 1071; x_wconf 81' lang='lat' dir='ltr'>Capella</span> <span class='ocrx_word' id='word_1_157' title='bbox 1178 1031 1293 1062; x_wconf 81' lang='lat' dir='ltr'>Sancti</span> <span class='ocrx_word' id='word_1_158' title='bbox 1317 1031 1500 1062; x_wconf 73' lang='lat' dir='ltr'>Salvatoris</span> <span class='ocrx_word' id='word_1_159' title='bbox 1524 1031 1565 1061; x_wconf 83' lang='lat' dir='ltr'>de</span> <span class='ocrx_word' id='word_1_160' title='bbox 1592 1031 1664 1061; x_wconf 90' lang='lat' dir='ltr'>Pol-</span> 
     </span>
     <span class='ocr_line' id='line_1_19' title="bbox 279 1074 1666 1116; baseline -0.001 -9"><span class='ocrx_word' id='word_1_161' title='bbox 279 1086 374 1114; x_wconf 87' lang='lat' dir='ltr'>ruan,</span> <span class='ocrx_word' id='word_1_162' title='bbox 401 1076 435 1107; x_wconf 89' lang='lat' dir='ltr'>in</span> <span class='ocrx_word' id='word_1_163' title='bbox 464 1076 622 1107; x_wconf 78' lang='lat' dir='ltr'>Parochia</span> <span class='ocrx_word' id='word_1_164' title='bbox 648 1076 688 1106; x_wconf 89' lang='lat' dir='ltr'>de</span> <span class='ocrx_word' id='word_1_165' title='bbox 716 1075 895 1116; x_wconf 79' lang='lat' dir='ltr'>Lanteglos</span> <span class='ocrx_word' id='word_1_166' title='bbox 922 1075 975 1115; x_wconf 78' lang='lat' dir='ltr'>[by</span> <span class='ocrx_word' id='word_1_167' title='bbox 1000 1074 1134 1114; x_wconf 67' lang='lat' dir='ltr'>FoweyL</span> <span class='ocrx_word' id='word_1_168' title='bbox 1159 1075 1193 1105; x_wconf 90' lang='lat' dir='ltr'>in</span> <span class='ocrx_word' id='word_1_169' title='bbox 1218 1075 1387 1114; x_wconf 77' lang='lat' dir='ltr'>presencia</span> <span class='ocrx_word' id='word_1_170' title='bbox 1410 1075 1557 1115; x_wconf 83' lang='lat' dir='ltr'>ipsorum</span> <span class='ocrx_word' id='word_1_171' title='bbox 1577 1084 1583 1111; x_wconf 85' lang='lat'><em>;</em></span> <span class='ocrx_word' id='word_1_172' title='bbox 1607 1085 1666 1115; x_wconf 85' lang='lat' dir='ltr'>per</span> 
     </span>
     <span class='ocr_line' id='line_1_20' title="bbox 281 1119 756 1151; baseline -0.002 -1"><span class='ocrx_word' id='word_1_173' title='bbox 281 1130 387 1151; x_wconf 87' lang='lat' dir='ltr'>unum</span> <span class='ocrx_word' id='word_1_174' title='bbox 405 1130 532 1151; x_wconf 87' lang='lat' dir='ltr'>annum</span> <span class='ocrx_word' id='word_1_175' title='bbox 548 1119 756 1150; x_wconf 84' lang='lat' dir='ltr'>duraturam.</span> 
     </span>
    </p>
   </div>
   <div class='ocr_carea' id='block_1_5' title="bbox 141 1182 1663 1234">
    <p class='ocr_par' dir='ltr' id='par_1_10' title="bbox 141 1182 1663 1234">
     <span class='ocr_line' id='line_1_21' title="bbox 141 1182 1663 1234; baseline -0.001 -13"><span class='ocrx_word' id='word_1_176' title='bbox 141 1182 202 1208; x_wconf 72' lang='lat' dir='ltr'>V01·</span> <span class='ocrx_word' id='word_1_177' title='bbox 240 1184 573 1234; x_wconf 77' lang='lat' dir='ltr'>Testamentary3</span> <span class='ocrx_word' id='word_1_178' title='bbox 619 1183 806 1221; x_wconf 78' lang='lat' dir='ltr'>Probacio</span> <span class='ocrx_word' id='word_1_179' title='bbox 854 1183 1082 1220; x_wconf 74' lang='lat' dir='ltr'>Testamenti</span> <span class='ocrx_word' id='word_1_180' title='bbox 1123 1182 1299 1231; x_wconf 70' lang='lat' dir='ltr'>Huyom‘s</span> <span class='ocrx_word' id='word_1_181' title='bbox 1346 1183 1390 1219; x_wconf 79' lang='lat' dir='ltr'>de</span> <span class='ocrx_word' id='word_1_182' title='bbox 1433 1182 1663 1231; x_wconf 64' lang='lat' dir='ltr'>Courtenags,</span> 
     </span>
    </p>
   </div>
   <div class='ocr_carea' id='block_1_6' title="bbox 0 1216 1666 2850">
    <p class='ocr_par' dir='ltr' id='par_1_11' title="bbox 132 1216 699 1284">
     <span class='ocr_line' id='line_1_22' title="bbox 150 1216 170 1241; baseline 0 0"><span class='ocrx_word' id='word_1_183' title='bbox 150 1216 170 1241; x_wconf 95' lang='grc' dir='ltr'>Ι.</span> 
     </span>
     <span class='ocr_line' id='line_1_23' title="bbox 132 1216 699 1284; baseline -0.004 -8"><span class='ocrx_word' id='word_1_184' title='bbox 132 1216 143 1242; x_wconf 97' lang='lat'>1</span> <span class='ocrx_word' id='word_1_185' title='bbox 178 1218 186 1247; x_wconf 61' lang='grc'>1</span> <span class='ocrx_word' id='word_1_186' title='bbox 288 1237 450 1276; x_wconf 78' lang='lat' dir='ltr'>Comitis</span> <span class='ocrx_word' id='word_1_187' title='bbox 468 1238 699 1284; x_wconf 77' lang='lat' dir='ltr'>Devonz‘e,--</span> 
     </span>
    </p>

    <p class='ocr_par' dir='ltr' id='par_1_12' title="bbox 242 1290 1665 1331">
     <span class='ocr_line' id='line_1_24' title="bbox 242 1290 1665 1331; baseline -0.001 -9"><span class='ocrx_word' id='word_1_188' title='bbox 242 1291 294 1322; x_wconf 80' lang='lat' dir='ltr'>EN</span> <span class='ocrx_word' id='word_1_189' title='bbox 317 1300 358 1322; x_wconf 72' lang='lat' dir='ltr'>LE</span> <span class='ocrx_word' id='word_1_190' title='bbox 373 1300 467 1323; x_wconf 81' lang='lat' dir='ltr'>NOUN</span> <span class='ocrx_word' id='word_1_191' title='bbox 484 1301 531 1323; x_wconf 86' lang='lat' dir='ltr'>DU</span> <span class='ocrx_word' id='word_1_192' title='bbox 549 1293 665 1329; x_wconf 80' lang='lat' dir='ltr'>PIERE,</span> <span class='ocrx_word' id='word_1_193' title='bbox 682 1300 722 1322; x_wconf 85' lang='lat' dir='ltr'>ET</span> <span class='ocrx_word' id='word_1_194' title='bbox 740 1299 786 1321; x_wconf 84' lang='lat' dir='ltr'>DU</span> <span class='ocrx_word' id='word_1_195' title='bbox 804 1291 893 1329; x_wconf 70' lang='lat' dir='ltr'>sz,</span> <span class='ocrx_word' id='word_1_196' title='bbox 918 1299 958 1321; x_wconf 79' lang='lat' dir='ltr'>ET</span> <span class='ocrx_word' id='word_1_197' title='bbox 981 1299 1028 1321; x_wconf 87' lang='lat' dir='ltr'>DU</span> <span class='ocrx_word' id='word_1_198' title='bbox 1053 1291 1156 1322; x_wconf 63' lang='grc'>831111*</span> <span class='ocrx_word' id='word_1_199' title='bbox 1179 1290 1466 1329; x_wconf 76' lang='lat' dir='ltr'>Espm1rz.—Jeo,</span> <span class='ocrx_word' id='word_1_200' title='bbox 1488 1291 1515 1321; x_wconf 89' lang='lat' dir='ltr'><strong>H</strong></span> <span class='ocrx_word' id='word_1_201' title='bbox 1520 1291 1607 1331; x_wconf 82' lang='lat' dir='ltr'>ughe</span> <span class='ocrx_word' id='word_1_202' title='bbox 1624 1291 1665 1321; x_wconf 83' lang='lat' dir='ltr'>de</span> 
     </span>
    </p>

    <p class='ocr_par' dir='ltr' id='par_1_13' title="bbox 286 1334 1664 1376">
     <span class='ocr_line' id='line_1_25' title="bbox 286 1334 1664 1376; baseline -0.002 -9"><span class='ocrx_word' id='word_1_203' title='bbox 286 1335 487 1376; x_wconf 82' lang='lat' dir='ltr'>Courtenay,</span> <span class='ocrx_word' id='word_1_204' title='bbox 506 1336 638 1367; x_wconf 84' lang='lat' dir='ltr'>Counte</span> <span class='ocrx_word' id='word_1_205' title='bbox 653 1335 695 1365; x_wconf 97' lang='grc'>(18</span> <span class='ocrx_word' id='word_1_206' title='bbox 713 1335 920 1372; x_wconf 86' lang='lat' dir='ltr'>Devenscire,</span> <span class='ocrx_word' id='word_1_207' title='bbox 938 1334 1008 1364; x_wconf 76' lang='lat' dir='ltr'>face</span> <span class='ocrx_word' id='word_1_208' title='bbox 1024 1340 1094 1365; x_wconf 79' lang='lat' dir='ltr'>cest</span> <span class='ocrx_word' id='word_1_209' title='bbox 1110 1345 1188 1365; x_wconf 87' lang='lat' dir='ltr'>mon</span> <span class='ocrx_word' id='word_1_210' title='bbox 1205 1335 1412 1371; x_wconf 62' lang='lat' dir='ltr'>Testament,</span> <span class='ocrx_word' id='word_1_211' title='bbox 1437 1344 1476 1364; x_wconf 90' lang='lat' dir='ltr'>en</span> <span class='ocrx_word' id='word_1_212' title='bbox 1502 1345 1556 1364; x_wconf 73' lang='lat' dir='ltr'>ma</span> <span class='ocrx_word' id='word_1_213' title='bbox 1579 1335 1664 1365; x_wconf 88' lang='lat' dir='ltr'>bone</span> 
     </span>
    </p>

    <p class='ocr_par' dir='ltr' id='par_1_14' title="bbox 285 1377 1664 1419">
     <span class='ocr_line' id='line_1_26' title="bbox 285 1377 1664 1419; baseline -0.001 -10"><span class='ocrx_word' id='word_1_214' title='bbox 285 1379 454 1416; x_wconf 88' lang='lat' dir='ltr'>memoire,</span> <span class='ocrx_word' id='word_1_215' title='bbox 475 1379 505 1409; x_wconf 94' lang='lat' dir='ltr'>le</span> <span class='ocrx_word' id='word_1_216' title='bbox 521 1382 621 1419; x_wconf 77' lang='lat' dir='ltr'>quart</span> <span class='ocrx_word' id='word_1_217' title='bbox 636 1379 714 1418; x_wconf 82' lang='lat' dir='ltr'>jour</span> <span class='ocrx_word' id='word_1_218' title='bbox 730 1379 848 1415; x_wconf 76' lang='lat' dir='ltr'>Daust,</span> <span class='ocrx_word' id='word_1_219' title='bbox 865 1378 918 1408; x_wconf 86' lang='lat' dir='ltr'>lan</span> <span class='ocrx_word' id='word_1_220' title='bbox 944 1378 997 1408; x_wconf 87' lang='lat' dir='ltr'>del</span> <span class='ocrx_word' id='word_1_221' title='bbox 1014 1378 1230 1408; x_wconf 76' lang='lat' dir='ltr'>Incarna-cion</span> <span class='ocrx_word' id='word_1_222' title='bbox 1254 1381 1368 1408; x_wconf 85' lang='lat' dir='ltr'>nostre</span> <span class='ocrx_word' id='word_1_223' title='bbox 1393 1377 1536 1417; x_wconf 73' lang='lat' dir='ltr'>seignur</span> <span class='ocrx_word' id='word_1_224' title='bbox 1558 1378 1664 1408; x_wconf 74' lang='lat' dir='ltr'>Jhesu</span> 
     </span>
    </p>

    <p class='ocr_par' dir='ltr' id='par_1_15' title="bbox 288 1421 1664 1461">
     <span class='ocr_line' id='line_1_27' title="bbox 288 1421 1664 1461; baseline -0.001 -9"><span class='ocrx_word' id='word_1_225' title='bbox 288 1422 378 1453; x_wconf 85' lang='lat' dir='ltr'>Crist</span> <span class='ocrx_word' id='word_1_226' title='bbox 395 1422 484 1452; x_wconf 88' lang='lat' dir='ltr'>Mille</span> <span class='ocrx_word' id='word_1_227' title='bbox 503 1422 586 1453; x_wconf 86' lang='lat' dir='ltr'>CCC</span> <span class='ocrx_word' id='word_1_228' title='bbox 603 1422 691 1460; x_wconf 82' lang='lat' dir='ltr'>lxxv,</span> <span class='ocrx_word' id='word_1_229' title='bbox 709 1431 750 1452; x_wconf 88' lang='lat' dir='ltr'>en</span> <span class='ocrx_word' id='word_1_230' title='bbox 766 1424 856 1452; x_wconf 82' lang='lat' dir='ltr'>ceste</span> <span class='ocrx_word' id='word_1_231' title='bbox 878 1431 1020 1451; x_wconf 81' lang='lat' dir='ltr'>manere.</span> <span class='ocrx_word' id='word_1_232' title='bbox 1068 1421 1265 1461; x_wconf 79' lang='lat' dir='ltr'>Adeprimes</span> <span class='ocrx_word' id='word_1_233' title='bbox 1287 1421 1342 1461; x_wconf 91' lang='grc'>380</span> <span class='ocrx_word' id='word_1_234' title='bbox 1366 1421 1477 1451; x_wconf 86' lang='lat' dir='ltr'>devise</span> <span class='ocrx_word' id='word_1_235' title='bbox 1502 1421 1622 1452; x_wconf 87' lang='lat' dir='ltr'>malme</span> <span class='ocrx_word' id='word_1_236' title='bbox 1645 1432 1664 1452; x_wconf 85' lang='lat' dir='ltr'>a</span> 
     </span>
    </p>

    <p class='ocr_par' dir='ltr' id='par_1_16' title="bbox 285 1465 1664 1503">
     <span class='ocr_line' id='line_1_28' title="bbox 285 1465 1664 1503; baseline 0.001 -8"><span class='ocrx_word' id='word_1_237' title='bbox 285 1465 381 1503; x_wconf 87' lang='lat' dir='ltr'>Dien,</span> <span class='ocrx_word' id='word_1_238' title='bbox 399 1476 477 1496; x_wconf 91' lang='lat' dir='ltr'>mon</span> <span class='ocrx_word' id='word_1_239' title='bbox 494 1465 667 1503; x_wconf 84' lang='lat' dir='ltr'>Creatour,</span> <span class='ocrx_word' id='word_1_240' title='bbox 685 1468 720 1495; x_wconf 90' lang='lat' dir='ltr'>et</span> <span class='ocrx_word' id='word_1_241' title='bbox 735 1475 754 1494; x_wconf 85' lang='lat' dir='ltr'>a.</span> <span class='ocrx_word' id='word_1_242' title='bbox 769 1468 882 1495; x_wconf 86' lang='lat' dir='ltr'>nostre</span> <span class='ocrx_word' id='word_1_243' title='bbox 901 1465 1005 1494; x_wconf 86' lang='lat' dir='ltr'>Dame</span> <span class='ocrx_word' id='word_1_244' title='bbox 1023 1465 1118 1495; x_wconf 84' lang='lat' dir='ltr'>Seint</span> <span class='ocrx_word' id='word_1_245' title='bbox 1140 1465 1252 1502; x_wconf 80' lang='lat' dir='ltr'>Marie,</span> <span class='ocrx_word' id='word_1_246' title='bbox 1279 1468 1313 1496; x_wconf 89' lang='lat' dir='ltr'>et</span> <span class='ocrx_word' id='word_1_247' title='bbox 1335 1475 1354 1494; x_wconf 84' lang='lat' dir='ltr'>a</span> <span class='ocrx_word' id='word_1_248' title='bbox 1378 1468 1456 1495; x_wconf 85' lang='lat' dir='ltr'>touz</span> <span class='ocrx_word' id='word_1_249' title='bbox 1480 1465 1527 1495; x_wconf 87' lang='lat' dir='ltr'>les</span> <span class='ocrx_word' id='word_1_250' title='bbox 1552 1465 1664 1496; x_wconf 83' lang='lat' dir='ltr'>Seintz</span> 
     </span>
    </p>

    <p class='ocr_par' dir='ltr' id='par_1_17' title="bbox 285 1508 1663 1549">
     <span class='ocr_line' id='line_1_29' title="bbox 285 1508 1663 1549; baseline 0.001 -10"><span class='ocrx_word' id='word_1_251' title='bbox 285 1508 328 1539; x_wconf 89' lang='lat' dir='ltr'>de</span> <span class='ocrx_word' id='word_1_252' title='bbox 345 1509 499 1549; x_wconf 76' lang='lat' dir='ltr'>Parad5s‚</span> <span class='ocrx_word' id='word_1_253' title='bbox 513 1513 548 1539; x_wconf 90' lang='lat' dir='ltr'>et</span> <span class='ocrx_word' id='word_1_254' title='bbox 565 1519 640 1539; x_wconf 89' lang='lat' dir='ltr'>mon</span> <span class='ocrx_word' id='word_1_255' title='bbox 658 1519 753 1548; x_wconf 87' lang='lat' dir='ltr'>corps</span> <span class='ocrx_word' id='word_1_256' title='bbox 769 1508 881 1538; x_wconf 72' lang='lat' dir='ltr'>destre</span> <span class='ocrx_word' id='word_1_257' title='bbox 897 1511 1029 1539; x_wconf 80' lang='lat' dir='ltr'>enterre</span> <span class='ocrx_word' id='word_1_258' title='bbox 1046 1518 1085 1538; x_wconf 92' lang='lat' dir='ltr'>en</span> <span class='ocrx_word' id='word_1_259' title='bbox 1096 1508 1209 1547; x_wconf 79' lang='lat' dir='ltr'>leglise</span> <span class='ocrx_word' id='word_1_260' title='bbox 1223 1508 1388 1548; x_wconf 74' lang='lat' dir='ltr'>parochia]</span> <span class='ocrx_word' id='word_1_261' title='bbox 1403 1509 1448 1538; x_wconf 83' lang='lat' dir='ltr'>du</span> <span class='ocrx_word' id='word_1_262' title='bbox 1461 1508 1663 1540; x_wconf 82' lang='lat' dir='ltr'>Tuvertone.</span> 
     </span>
    </p>

    <p class='ocr_par' dir='ltr' id='par_1_18' title="bbox 287 1551 1664 1592">
     <span class='ocr_line' id='line_1_30' title="bbox 287 1551 1664 1592; baseline 0 -10"><span class='ocrx_word' id='word_1_263' title='bbox 287 1552 333 1583; x_wconf 92' lang='lat' dir='ltr'>Et</span> <span class='ocrx_word' id='word_1_264' title='bbox 349 1552 495 1592; x_wconf 78' lang='lat' dir='ltr'>adonqes</span> <span class='ocrx_word' id='word_1_265' title='bbox 510 1552 563 1592; x_wconf 86' lang='grc'>380</span> <span class='ocrx_word' id='word_1_266' title='bbox 580 1552 677 1582; x_wconf 79' lang='lat' dir='ltr'>voille</span> <span class='ocrx_word' id='word_1_267' title='bbox 693 1562 733 1592; x_wconf 86' lang='lat' dir='ltr'>qe</span> <span class='ocrx_word' id='word_1_268' title='bbox 750 1562 819 1582; x_wconf 88' lang='lat' dir='ltr'>mes</span> <span class='ocrx_word' id='word_1_269' title='bbox 835 1551 946 1582; x_wconf 86' lang='lat' dir='ltr'>dettes</span> <span class='ocrx_word' id='word_1_270' title='bbox 962 1552 1070 1582; x_wconf 79' lang='lat' dir='ltr'>soient</span> <span class='ocrx_word' id='word_1_271' title='bbox 1085 1552 1245 1591; x_wconf 72' lang='lat' dir='ltr'>aequites.</span> <span class='ocrx_word' id='word_1_272' title='bbox 1296 1552 1340 1582; x_wconf 90' lang='lat' dir='ltr'>Et</span> <span class='ocrx_word' id='word_1_273' title='bbox 1362 1551 1416 1591; x_wconf 88' lang='grc'>380</span> <span class='ocrx_word' id='word_1_274' title='bbox 1439 1552 1537 1582; x_wconf 79' lang='lat' dir='ltr'>voille</span> <span class='ocrx_word' id='word_1_275' title='bbox 1553 1562 1593 1591; x_wconf 89' lang='lat' dir='ltr'>qe</span> <span class='ocrx_word' id='word_1_276' title='bbox 1611 1562 1664 1582; x_wconf 89' lang='lat' dir='ltr'>ma</span> 
     </span>
    </p>

    <p class='ocr_par' dir='ltr' id='par_1_19' title="bbox 285 1594 1664 1636">
     <span class='ocr_line' id='line_1_31' title="bbox 285 1594 1664 1636; baseline 0 -10"><span class='ocrx_word' id='word_1_277' title='bbox 285 1595 458 1636; x_wconf 82' lang='lat' dir='ltr'>sepulture</span> <span class='ocrx_word' id='word_1_278' title='bbox 473 1605 515 1626; x_wconf 90' lang='lat' dir='ltr'>ne</span> <span class='ocrx_word' id='word_1_279' title='bbox 531 1595 596 1626; x_wconf 84' lang='lat' dir='ltr'>soit</span> <span class='ocrx_word' id='word_1_280' title='bbox 611 1599 726 1635; x_wconf 79' lang='lat' dir='ltr'>atrope</span> <span class='ocrx_word' id='word_1_281' title='bbox 742 1595 908 1634; x_wconf 82' lang='lat' dir='ltr'>graundes</span> <span class='ocrx_word' id='word_1_282' title='bbox 925 1598 1084 1634; x_wconf 81' lang='lat' dir='ltr'>costages.</span> <span class='ocrx_word' id='word_1_283' title='bbox 1134 1596 1176 1625; x_wconf 76' lang='lat' dir='ltr'>Et</span> <span class='ocrx_word' id='word_1_284' title='bbox 1200 1594 1254 1634; x_wconf 86' lang='lat' dir='ltr'>jeo</span> <span class='ocrx_word' id='word_1_285' title='bbox 1279 1595 1375 1625; x_wconf 82' lang='lat' dir='ltr'>voille</span> <span class='ocrx_word' id='word_1_286' title='bbox 1392 1605 1432 1635; x_wconf 89' lang='lat' dir='ltr'>qe</span> <span class='ocrx_word' id='word_1_287' title='bbox 1449 1595 1540 1625; x_wconf 78' lang='lat' dir='ltr'>nulle</span> <span class='ocrx_word' id='word_1_288' title='bbox 1556 1595 1664 1626; x_wconf 78' lang='lat' dir='ltr'>chival</span> 
     </span>
    </p>

    <p class='ocr_par' dir='ltr' id='par_1_20' title="bbox 284 1638 1663 1678">
     <span class='ocr_line' id='line_1_32' title="bbox 284 1638 1663 1678; baseline 0 -9"><span class='ocrx_word' id='word_1_289' title='bbox 284 1649 326 1669; x_wconf 91' lang='lat' dir='ltr'>ne</span> <span class='ocrx_word' id='word_1_290' title='bbox 349 1642 449 1678; x_wconf 83' lang='lat' dir='ltr'>gentz</span> <span class='ocrx_word' id='word_1_291' title='bbox 471 1649 580 1669; x_wconf 86' lang='lat' dir='ltr'>armes</span> <span class='ocrx_word' id='word_1_292' title='bbox 606 1649 648 1669; x_wconf 90' lang='lat' dir='ltr'>ne</span> <span class='ocrx_word' id='word_1_293' title='bbox 671 1639 779 1669; x_wconf 79' lang='lat' dir='ltr'>soient</span> <span class='ocrx_word' id='word_1_294' title='bbox 805 1638 1001 1678; x_wconf 83' lang='lat' dir='ltr'>apparailles</span> <span class='ocrx_word' id='word_1_295' title='bbox 1028 1638 1140 1669; x_wconf 83' lang='lat' dir='ltr'>destre</span> <span class='ocrx_word' id='word_1_296' title='bbox 1165 1638 1264 1669; x_wconf 85' lang='lat' dir='ltr'>offert</span> <span class='ocrx_word' id='word_1_297' title='bbox 1290 1649 1355 1678; x_wconf 89' lang='lat' dir='ltr'>pur</span> <span class='ocrx_word' id='word_1_298' title='bbox 1380 1648 1456 1677; x_wconf 78' lang='lat' dir='ltr'>moy</span> <span class='ocrx_word' id='word_1_299' title='bbox 1485 1649 1663 1669; x_wconf 84' lang='lat' dir='ltr'>namenees</span> 
     </span>
    </p>

    <p class='ocr_par' dir='ltr' id='par_1_21' title="bbox 284 1681 1663 1722">
     <span class='ocr_line' id='line_1_33' title="bbox 284 1681 1663 1722; baseline 0.001 -10"><span class='ocrx_word' id='word_1_300' title='bbox 284 1682 409 1713; x_wconf 83' lang='lat' dir='ltr'>devant</span> <span class='ocrx_word' id='word_1_301' title='bbox 425 1693 503 1713; x_wconf 89' lang='lat' dir='ltr'>mon</span> <span class='ocrx_word' id='word_1_302' title='bbox 519 1692 623 1722; x_wconf 84' lang='lat' dir='ltr'>corps.</span> <span class='ocrx_word' id='word_1_303' title='bbox 671 1683 715 1712; x_wconf 89' lang='lat' dir='ltr'>Et</span> <span class='ocrx_word' id='word_1_304' title='bbox 728 1681 784 1721; x_wconf 90' lang='lat' dir='ltr'>jeo</span> <span class='ocrx_word' id='word_1_305' title='bbox 800 1682 898 1712; x_wconf 91' lang='lat' dir='ltr'>voille</span> <span class='ocrx_word' id='word_1_306' title='bbox 913 1692 932 1712; x_wconf 82' lang='lat' dir='ltr'>a</span> <span class='ocrx_word' id='word_1_307' title='bbox 950 1692 1026 1712; x_wconf 91' lang='lat' dir='ltr'>mon</span> <span class='ocrx_word' id='word_1_308' title='bbox 1039 1685 1232 1712; x_wconf 89' lang='lat' dir='ltr'>enterment</span> <span class='ocrx_word' id='word_1_309' title='bbox 1247 1692 1287 1722; x_wconf 83' lang='lat' dir='ltr'>qe</span> <span class='ocrx_word' id='word_1_310' title='bbox 1302 1682 1356 1722; x_wconf 84' lang='lat' dir='ltr'>jeo</span> <span class='ocrx_word' id='word_1_311' title='bbox 1369 1692 1428 1721; x_wconf 80' lang='lat' dir='ltr'>eye</span> <span class='ocrx_word' id='word_1_312' title='bbox 1441 1682 1529 1712; x_wconf 78' lang='lat' dir='ltr'>deux</span> <span class='ocrx_word' id='word_1_313' title='bbox 1540 1683 1663 1722; x_wconf 88' lang='lat' dir='ltr'>cierges</span> 
     </span>
    </p>

    <p class='ocr_par' dir='ltr' id='par_1_22' title="bbox 283 1725 1664 1766">
     <span class='ocr_line' id='line_1_34' title="bbox 283 1725 1664 1766; baseline 0 -10"><span class='ocrx_word' id='word_1_314' title='bbox 283 1728 405 1756; x_wconf 88' lang='lat' dir='ltr'>entour</span> <span class='ocrx_word' id='word_1_315' title='bbox 422 1736 523 1756; x_wconf 87' lang='lat' dir='ltr'>moun</span> <span class='ocrx_word' id='word_1_316' title='bbox 544 1735 648 1766; x_wconf 88' lang='lat' dir='ltr'>corps,</span> <span class='ocrx_word' id='word_1_317' title='bbox 663 1728 698 1756; x_wconf 88' lang='lat' dir='ltr'>et</span> <span class='ocrx_word' id='word_1_318' title='bbox 710 1725 853 1756; x_wconf 85' lang='lat' dir='ltr'>chescun</span> <span class='ocrx_word' id='word_1_319' title='bbox 870 1725 977 1764; x_wconf 85' lang='lat' dir='ltr'>cierge</span> <span class='ocrx_word' id='word_1_320' title='bbox 993 1725 1033 1755; x_wconf 90' lang='lat' dir='ltr'>de</span> <span class='ocrx_word' id='word_1_321' title='bbox 1050 1725 1137 1765; x_wconf 76' lang='lat' dir='ltr'>cynk</span> <span class='ocrx_word' id='word_1_322' title='bbox 1155 1725 1261 1763; x_wconf 83' lang='lat' dir='ltr'>livres,</span> <span class='ocrx_word' id='word_1_323' title='bbox 1280 1736 1357 1755; x_wconf 78' lang='lat' dir='ltr'>sanz</span> <span class='ocrx_word' id='word_1_324' title='bbox 1373 1728 1470 1756; x_wconf 79' lang='lat' dir='ltr'>autre</span> <span class='ocrx_word' id='word_1_325' title='bbox 1486 1726 1664 1756; x_wconf 79' lang='lat' dir='ltr'>luminarie</span> 
     </span>
    </p>

    <p class='ocr_par' dir='ltr' id='par_1_23' title="bbox 283 1768 1664 1809">
     <span class='ocr_line' id='line_1_35' title="bbox 283 1768 1664 1809; baseline 0 -10"><span class='ocrx_word' id='word_1_326' title='bbox 283 1773 406 1799; x_wconf 87' lang='lat' dir='ltr'>entour</span> <span class='ocrx_word' id='word_1_327' title='bbox 422 1770 497 1800; x_wconf 90' lang='lat' dir='ltr'>moi.</span> <span class='ocrx_word' id='word_1_328' title='bbox 548 1770 590 1800; x_wconf 81' lang='lat' dir='ltr'>Et</span> <span class='ocrx_word' id='word_1_329' title='bbox 612 1769 666 1809; x_wconf 89' lang='grc'>380</span> <span class='ocrx_word' id='word_1_330' title='bbox 689 1769 801 1799; x_wconf 74' lang='lat' dir='ltr'>devise</span> <span class='ocrx_word' id='word_1_331' title='bbox 816 1779 835 1799; x_wconf 87' lang='lat' dir='ltr'>a</span> <span class='ocrx_word' id='word_1_332' title='bbox 850 1769 882 1799; x_wconf 84' lang='lat' dir='ltr'>la</span> <span class='ocrx_word' id='word_1_333' title='bbox 899 1769 1052 1798; x_wconf 82' lang='lat' dir='ltr'>Measone</span> <span class='ocrx_word' id='word_1_334' title='bbox 1069 1769 1110 1799; x_wconf 90' lang='grc'>(18</span> <span class='ocrx_word' id='word_1_335' title='bbox 1134 1768 1242 1799; x_wconf 87' lang='lat' dir='ltr'>Forde</span> <span class='ocrx_word' id='word_1_336' title='bbox 1265 1769 1364 1809; x_wconf 81' lang='lat' dir='ltr'>dysze</span> <span class='ocrx_word' id='word_1_337' title='bbox 1387 1769 1495 1800; x_wconf 81' lang='lat' dir='ltr'>livres.</span> <span class='ocrx_word' id='word_1_338' title='bbox 1543 1770 1588 1800; x_wconf 84' lang='lat' dir='ltr'>Et</span> <span class='ocrx_word' id='word_1_339' title='bbox 1610 1769 1664 1809; x_wconf 88' lang='lat' dir='ltr'>jeo</span> 
     </span>
    </p>

    <p class='ocr_par' dir='ltr' id='par_1_24' title="bbox 283 1812 1663 1852">
     <span class='ocr_line' id='line_1_36' title="bbox 283 1812 1663 1852; baseline 0 -9"><span class='ocrx_word' id='word_1_340' title='bbox 283 1812 394 1843; x_wconf 85' lang='lat' dir='ltr'>devise</span> <span class='ocrx_word' id='word_1_341' title='bbox 410 1823 429 1843; x_wconf 86' lang='lat' dir='ltr'>a</span> <span class='ocrx_word' id='word_1_342' title='bbox 444 1813 475 1843; x_wconf 84' lang='lat' dir='ltr'>la</span> <span class='ocrx_word' id='word_1_343' title='bbox 491 1812 645 1843; x_wconf 74' lang='lat' dir='ltr'>Measone</span> <span class='ocrx_word' id='word_1_344' title='bbox 661 1812 702 1843; x_wconf 86' lang='lat' dir='ltr'>de</span> <span class='ocrx_word' id='word_1_345' title='bbox 719 1812 887 1852; x_wconf 77' lang='lat' dir='ltr'>Couwyke</span> <span class='ocrx_word' id='word_1_346' title='bbox 904 1816 981 1843; x_wconf 89' lang='lat' dir='ltr'>cent</span> <span class='ocrx_word' id='word_1_347' title='bbox 997 1812 1119 1842; x_wconf 89' lang='lat' dir='ltr'>souldz.</span> <span class='ocrx_word' id='word_1_348' title='bbox 1154 1812 1252 1849; x_wconf 83' lang='lat' dir='ltr'>Item,</span> <span class='ocrx_word' id='word_1_349' title='bbox 1264 1813 1339 1842; x_wconf 84' lang='lat' dir='ltr'>ales</span> <span class='ocrx_word' id='word_1_350' title='bbox 1355 1812 1463 1843; x_wconf 79' lang='lat' dir='ltr'>Friers</span> <span class='ocrx_word' id='word_1_351' title='bbox 1478 1813 1663 1843; x_wconf 84' lang='lat' dir='ltr'>Prechours</span> 
     </span>
    </p>

    <p class='ocr_par' dir='ltr' id='par_1_25' title="bbox 284 1855 1664 1896">
     <span class='ocr_line' id='line_1_37' title="bbox 284 1855 1664 1896; baseline 0 -10"><span class='ocrx_word' id='word_1_352' title='bbox 284 1856 465 1887; x_wconf 82' lang='lat' dir='ltr'>Dexcestre</span> <span class='ocrx_word' id='word_1_353' title='bbox 492 1856 598 1896; x_wconf 74' lang='lat' dir='ltr'>cynke</span> <span class='ocrx_word' id='word_1_354' title='bbox 621 1866 739 1887; x_wconf 86' lang='lat' dir='ltr'>marcz.</span> <span class='ocrx_word' id='word_1_355' title='bbox 796 1856 893 1893; x_wconf 88' lang='lat' dir='ltr'>Item,</span> <span class='ocrx_word' id='word_1_356' title='bbox 918 1866 936 1886; x_wconf 87' lang='lat' dir='ltr'>a</span> <span class='ocrx_word' id='word_1_357' title='bbox 959 1855 1007 1886; x_wconf 89' lang='lat' dir='ltr'>les</span> <span class='ocrx_word' id='word_1_358' title='bbox 1032 1856 1141 1886; x_wconf 78' lang='lat' dir='ltr'>Friers</span> <span class='ocrx_word' id='word_1_359' title='bbox 1165 1856 1321 1886; x_wconf 87' lang='lat' dir='ltr'>Menours</span> <span class='ocrx_word' id='word_1_360' title='bbox 1350 1856 1530 1887; x_wconf 79' lang='lat' dir='ltr'>Dexcestre</span> <span class='ocrx_word' id='word_1_361' title='bbox 1557 1856 1664 1896; x_wconf 82' lang='lat' dir='ltr'>cynke</span> 
     </span>
    </p>

    <p class='ocr_par' dir='ltr' id='par_1_26' title="bbox 284 1899 1663 1940">
     <span class='ocr_line' id='line_1_38' title="bbox 284 1899 1663 1940; baseline 0 -10"><span class='ocrx_word' id='word_1_362' title='bbox 284 1909 402 1930; x_wconf 86' lang='lat' dir='ltr'>marcz.</span> <span class='ocrx_word' id='word_1_363' title='bbox 449 1900 547 1938; x_wconf 85' lang='lat' dir='ltr'>Item,</span> <span class='ocrx_word' id='word_1_364' title='bbox 563 1899 617 1940; x_wconf 87' lang='lat' dir='ltr'>jeo</span> <span class='ocrx_word' id='word_1_365' title='bbox 633 1899 744 1930; x_wconf 76' lang='lat' dir='ltr'>devise</span> <span class='ocrx_word' id='word_1_366' title='bbox 759 1909 778 1930; x_wconf 84' lang='lat' dir='ltr'>a</span> <span class='ocrx_word' id='word_1_367' title='bbox 795 1899 971 1939; x_wconf 77' lang='lat' dir='ltr'>Margrete,</span> <span class='ocrx_word' id='word_1_368' title='bbox 990 1909 1041 1929; x_wconf 81' lang='grc'>1113</span> <span class='ocrx_word' id='word_1_369' title='bbox 1060 1899 1240 1930; x_wconf 84' lang='lat' dir='ltr'>treschiere</span> <span class='ocrx_word' id='word_1_370' title='bbox 1255 1900 1458 1939; x_wconf 83' lang='lat' dir='ltr'>compaigne,</span> <span class='ocrx_word' id='word_1_371' title='bbox 1484 1903 1562 1930; x_wconf 86' lang='lat' dir='ltr'>tout</span> <span class='ocrx_word' id='word_1_372' title='bbox 1587 1910 1663 1930; x_wconf 85' lang='lat' dir='ltr'>mon</span> 
     </span>
    </p>

    <p class='ocr_par' dir='ltr' id='par_1_27' title="bbox 286 1942 1665 1983">
     <span class='ocr_line' id='line_1_39' title="bbox 286 1942 1665 1983; baseline 0 -10"><span class='ocrx_word' id='word_1_373' title='bbox 286 1942 420 1982; x_wconf 87' lang='lat' dir='ltr'>Chapel,</span> <span class='ocrx_word' id='word_1_374' title='bbox 447 1943 663 1974; x_wconf 81' lang='lat' dir='ltr'>cestassavoir</span> <span class='ocrx_word' id='word_1_375' title='bbox 686 1953 739 1973; x_wconf 86' lang='lat' dir='ltr'>ma</span> <span class='ocrx_word' id='word_1_376' title='bbox 762 1943 875 1981; x_wconf 85' lang='lat' dir='ltr'>croise,</span> <span class='ocrx_word' id='word_1_377' title='bbox 899 1953 1084 1980; x_wconf 79' lang='lat' dir='ltr'>encencerS,</span> <span class='ocrx_word' id='word_1_378' title='bbox 1107 1942 1335 1982; x_wconf 80' lang='lat' dir='ltr'>chaundelers,</span> <span class='ocrx_word' id='word_1_379' title='bbox 1364 1953 1408 1973; x_wconf 91' lang='lat' dir='ltr'>un</span> <span class='ocrx_word' id='word_1_380' title='bbox 1438 1943 1573 1973; x_wconf 84' lang='lat' dir='ltr'>vesselle</span> <span class='ocrx_word' id='word_1_381' title='bbox 1600 1954 1665 1983; x_wconf 81' lang='lat' dir='ltr'>pur</span> 
     </span>
    </p>

    <p class='ocr_par' dir='ltr' id='par_1_28' title="bbox 283 1986 1663 2025">
     <span class='ocr_line' id='line_1_40' title="bbox 283 1986 1663 2025; baseline 0 -9"><span class='ocrx_word' id='word_1_382' title='bbox 283 1996 352 2016; x_wconf 83' lang='lat' dir='ltr'>ewe</span> <span class='ocrx_word' id='word_1_383' title='bbox 368 1986 515 2025; x_wconf 88' lang='lat' dir='ltr'>benette,</span> <span class='ocrx_word' id='word_1_384' title='bbox 532 1990 567 2017; x_wconf 91' lang='lat' dir='ltr'>et</span> <span class='ocrx_word' id='word_1_385' title='bbox 583 1990 662 2018; x_wconf 83' lang='lat' dir='ltr'>touz</span> <span class='ocrx_word' id='word_1_386' title='bbox 680 1997 748 2016; x_wconf 78' lang='lat' dir='ltr'>mes</span> <span class='ocrx_word' id='word_1_387' title='bbox 764 1989 972 2017; x_wconf 87' lang='lat' dir='ltr'>vestementz</span> <span class='ocrx_word' id='word_1_388' title='bbox 995 1990 1030 2017; x_wconf 90' lang='lat' dir='ltr'>et</span> <span class='ocrx_word' id='word_1_389' title='bbox 1052 1986 1161 2024; x_wconf 87' lang='lat' dir='ltr'>livres,</span> <span class='ocrx_word' id='word_1_390' title='bbox 1186 1989 1221 2016; x_wconf 89' lang='lat' dir='ltr'>et</span> <span class='ocrx_word' id='word_1_391' title='bbox 1245 1989 1322 2017; x_wconf 81' lang='lat' dir='ltr'>tout</span> <span class='ocrx_word' id='word_1_392' title='bbox 1346 1997 1479 2016; x_wconf 83' lang='lat' dir='ltr'>manere</span> <span class='ocrx_word' id='word_1_393' title='bbox 1502 1987 1544 2016; x_wconf 89' lang='grc'>(18</span> <span class='ocrx_word' id='word_1_394' title='bbox 1567 1997 1663 2017; x_wconf 82' lang='lat' dir='ltr'>orne-</span> 
     </span>
    </p>

    <p class='ocr_par' dir='ltr' id='par_1_29' title="bbox 284 2029 1664 2070">
     <span class='ocr_line' id='line_1_41' title="bbox 284 2029 1664 2070; baseline 0 -10"><span class='ocrx_word' id='word_1_395' title='bbox 284 2032 398 2060; x_wconf 90' lang='lat' dir='ltr'>mentz</span> <span class='ocrx_word' id='word_1_396' title='bbox 421 2030 636 2070; x_wconf 87' lang='lat' dir='ltr'>qappendent</span> <span class='ocrx_word' id='word_1_397' title='bbox 651 2040 670 2060; x_wconf 89' lang='lat' dir='ltr'>a</span> <span class='ocrx_word' id='word_1_398' title='bbox 686 2040 740 2060; x_wconf 84' lang='lat' dir='ltr'>ma</span> <span class='ocrx_word' id='word_1_399' title='bbox 756 2029 807 2060; x_wconf 89' lang='lat' dir='ltr'>dit</span> <span class='ocrx_word' id='word_1_400' title='bbox 825 2029 991 2069; x_wconf 82' lang='lat' dir='ltr'>Chapelle,</span> <span class='ocrx_word' id='word_1_401' title='bbox 1009 2029 1130 2069; x_wconf 81' lang='lat' dir='ltr'>forpris</span> <span class='ocrx_word' id='word_1_402' title='bbox 1147 2029 1289 2060; x_wconf 86' lang='lat' dir='ltr'>certeins</span> <span class='ocrx_word' id='word_1_403' title='bbox 1305 2029 1403 2060; x_wconf 89' lang='lat' dir='ltr'>livres</span> <span class='ocrx_word' id='word_1_404' title='bbox 1420 2041 1460 2070; x_wconf 92' lang='lat' dir='ltr'>qe</span> <span class='ocrx_word' id='word_1_405' title='bbox 1483 2030 1536 2070; x_wconf 85' lang='grc'>380</span> <span class='ocrx_word' id='word_1_406' title='bbox 1553 2030 1664 2060; x_wconf 77' lang='lat' dir='ltr'>devise</span> 
     </span>
    </p>

    <p class='ocr_par' dir='ltr' id='par_1_30' title="bbox 284 2073 1664 2113">
     <span class='ocr_line' id='line_1_42' title="bbox 284 2073 1664 2113; baseline 0.001 -10"><span class='ocrx_word' id='word_1_407' title='bbox 284 2083 303 2103; x_wconf 89' lang='lat' dir='ltr'>a</span> <span class='ocrx_word' id='word_1_408' title='bbox 318 2083 388 2103; x_wconf 90' lang='lat' dir='ltr'>mes</span> <span class='ocrx_word' id='word_1_409' title='bbox 402 2073 574 2104; x_wconf 84' lang='lat' dir='ltr'>enfauntz.</span> <span class='ocrx_word' id='word_1_410' title='bbox 621 2073 718 2111; x_wconf 89' lang='lat' dir='ltr'>Item,</span> <span class='ocrx_word' id='word_1_411' title='bbox 735 2073 789 2113; x_wconf 86' lang='lat' dir='ltr'>jeo</span> <span class='ocrx_word' id='word_1_412' title='bbox 812 2073 923 2103; x_wconf 89' lang='lat' dir='ltr'>devise</span> <span class='ocrx_word' id='word_1_413' title='bbox 946 2083 965 2103; x_wconf 86' lang='grc'>3,</span> <span class='ocrx_word' id='word_1_414' title='bbox 988 2083 1042 2103; x_wconf 83' lang='grc'>1113</span> <span class='ocrx_word' id='word_1_415' title='bbox 1065 2073 1136 2103; x_wconf 79' lang='lat' dir='ltr'>dite</span> <span class='ocrx_word' id='word_1_416' title='bbox 1158 2073 1338 2103; x_wconf 88' lang='lat' dir='ltr'>treschiere</span> <span class='ocrx_word' id='word_1_417' title='bbox 1359 2075 1551 2113; x_wconf 48' lang='lat' dir='ltr'>compa-igne</span> <span class='ocrx_word' id='word_1_418' title='bbox 1568 2077 1664 2104; x_wconf 86' lang='lat' dir='ltr'>toute</span> 
     </span>
    </p>

    <p class='ocr_par' dir='ltr' id='par_1_31' title="bbox 285 2116 1663 2156">
     <span class='ocr_line' id='line_1_43' title="bbox 285 2116 1663 2156; baseline 0.001 -10"><span class='ocrx_word' id='word_1_419' title='bbox 285 2126 339 2146; x_wconf 83' lang='lat' dir='ltr'>ma</span> <span class='ocrx_word' id='word_1_420' title='bbox 355 2116 460 2147; x_wconf 87' lang='lat' dir='ltr'>vessel</span> <span class='ocrx_word' id='word_1_421' title='bbox 475 2116 625 2156; x_wconf 83' lang='lat' dir='ltr'>dargent.</span> <span class='ocrx_word' id='word_1_422' title='bbox 676 2116 774 2154; x_wconf 86' lang='lat' dir='ltr'>Item,</span> <span class='ocrx_word' id='word_1_423' title='bbox 790 2116 844 2156; x_wconf 86' lang='lat' dir='ltr'>jeo</span> <span class='ocrx_word' id='word_1_424' title='bbox 860 2116 970 2147; x_wconf 86' lang='lat' dir='ltr'>devise</span> <span class='ocrx_word' id='word_1_425' title='bbox 986 2126 1005 2146; x_wconf 84' lang='lat' dir='ltr'>a</span> <span class='ocrx_word' id='word_1_426' title='bbox 1024 2117 1176 2155; x_wconf 84' lang='lat' dir='ltr'>William,</span> <span class='ocrx_word' id='word_1_427' title='bbox 1196 2127 1273 2147; x_wconf 88' lang='lat' dir='ltr'>mon</span> <span class='ocrx_word' id='word_1_428' title='bbox 1296 2117 1496 2147; x_wconf 85' lang='lat' dir='ltr'>treshonure</span> <span class='ocrx_word' id='word_1_429' title='bbox 1513 2117 1578 2155; x_wconf 89' lang='lat' dir='ltr'>fitz,</span> <span class='ocrx_word' id='word_1_430' title='bbox 1599 2127 1663 2147; x_wconf 86' lang='lat' dir='ltr'>une</span> 
     </span>
    </p>

    <p class='ocr_par' dir='ltr' id='par_1_32' title="bbox 285 2159 1663 2199">
     <span class='ocr_line' id='line_1_44' title="bbox 285 2159 1663 2199; baseline 0 -9"><span class='ocrx_word' id='word_1_431' title='bbox 285 2159 448 2190; x_wconf 81' lang='lat' dir='ltr'>fermaille</span> <span class='ocrx_word' id='word_1_432' title='bbox 463 2170 524 2190; x_wconf 91' lang='lat' dir='ltr'>ove</span> <span class='ocrx_word' id='word_1_433' title='bbox 546 2160 661 2190; x_wconf 85' lang='lat' dir='ltr'>saffers</span> <span class='ocrx_word' id='word_1_434' title='bbox 677 2164 712 2190; x_wconf 88' lang='lat' dir='ltr'>et</span> <span class='ocrx_word' id='word_1_435' title='bbox 729 2160 844 2199; x_wconf 83' lang='lat' dir='ltr'>perles,</span> <span class='ocrx_word' id='word_1_436' title='bbox 862 2170 922 2190; x_wconf 84' lang='lat' dir='ltr'>ove</span> <span class='ocrx_word' id='word_1_437' title='bbox 945 2170 991 2190; x_wconf 86' lang='lat' dir='ltr'>un</span> <span class='ocrx_word' id='word_1_438' title='bbox 1015 2160 1106 2199; x_wconf 85' lang='lat' dir='ltr'>poire</span> <span class='ocrx_word' id='word_1_439' title='bbox 1130 2160 1171 2190; x_wconf 91' lang='lat' dir='ltr'>de</span> <span class='ocrx_word' id='word_1_440' title='bbox 1195 2160 1427 2191; x_wconf 84' lang='lat' dir='ltr'>Paternosters</span> <span class='ocrx_word' id='word_1_441' title='bbox 1451 2160 1492 2190; x_wconf 86' lang='lat' dir='ltr'>de</span> <span class='ocrx_word' id='word_1_442' title='bbox 1511 2160 1663 2191; x_wconf 74' lang='lat' dir='ltr'>laumbre</span> 
     </span>
    </p>

    <p class='ocr_par' dir='ltr' id='par_1_33' title="bbox 286 2203 1664 2244">
     <span class='ocr_line' id='line_1_45' title="bbox 286 2203 1664 2244; baseline 0.001 -11"><span class='ocrx_word' id='word_1_443' title='bbox 286 2203 440 2233; x_wconf 86' lang='lat' dir='ltr'>blaunke.</span> <span class='ocrx_word' id='word_1_444' title='bbox 488 2204 585 2242; x_wconf 89' lang='lat' dir='ltr'>Item,</span> <span class='ocrx_word' id='word_1_445' title='bbox 602 2204 656 2244; x_wconf 83' lang='lat' dir='ltr'>jeo</span> <span class='ocrx_word' id='word_1_446' title='bbox 679 2203 790 2233; x_wconf 87' lang='lat' dir='ltr'>devise</span> <span class='ocrx_word' id='word_1_447' title='bbox 813 2213 832 2233; x_wconf 82' lang='lat' dir='ltr'>a</span> <span class='ocrx_word' id='word_1_448' title='bbox 856 2203 1032 2242; x_wconf 82' lang='lat' dir='ltr'>Margrete,</span> <span class='ocrx_word' id='word_1_449' title='bbox 1057 2213 1111 2233; x_wconf 86' lang='lat' dir='ltr'>ma</span> <span class='ocrx_word' id='word_1_450' title='bbox 1133 2203 1208 2240; x_wconf 89' lang='lat' dir='ltr'>fille,</span> <span class='ocrx_word' id='word_1_451' title='bbox 1233 2213 1311 2233; x_wconf 86' lang='lat' dir='ltr'>mon</span> <span class='ocrx_word' id='word_1_452' title='bbox 1334 2208 1459 2243; x_wconf 80' lang='lat' dir='ltr'>graunt</span> <span class='ocrx_word' id='word_1_453' title='bbox 1482 2204 1606 2243; x_wconf 85' lang='lat' dir='ltr'>primer</span> <span class='ocrx_word' id='word_1_454' title='bbox 1629 2207 1664 2234; x_wconf 88' lang='lat' dir='ltr'>et</span> 
     </span>
    </p>

    <p class='ocr_par' dir='ltr' id='par_1_34' title="bbox 286 2246 1663 2287">
     <span class='ocr_line' id='line_1_46' title="bbox 286 2246 1663 2287; baseline 0.001 -11"><span class='ocrx_word' id='word_1_455' title='bbox 286 2246 361 2277; x_wconf 85' lang='lat' dir='ltr'>vint</span> <span class='ocrx_word' id='word_1_456' title='bbox 375 2246 484 2277; x_wconf 86' lang='lat' dir='ltr'>livres.</span> <span class='ocrx_word' id='word_1_457' title='bbox 534 2246 632 2284; x_wconf 83' lang='lat' dir='ltr'>Item,</span> <span class='ocrx_word' id='word_1_458' title='bbox 648 2257 667 2277; x_wconf 86' lang='lat' dir='ltr'>a</span> <span class='ocrx_word' id='word_1_459' title='bbox 687 2246 889 2284; x_wconf 85' lang='lat' dir='ltr'>Elizabethe,</span> <span class='ocrx_word' id='word_1_460' title='bbox 907 2256 961 2276; x_wconf 83' lang='lat' dir='ltr'>ma</span> <span class='ocrx_word' id='word_1_461' title='bbox 977 2246 1053 2283; x_wconf 90' lang='lat' dir='ltr'>fille,</span> <span class='ocrx_word' id='word_1_462' title='bbox 1074 2257 1139 2277; x_wconf 88' lang='lat' dir='ltr'>une</span> <span class='ocrx_word' id='word_1_463' title='bbox 1162 2246 1244 2277; x_wconf 85' lang='lat' dir='ltr'>livre</span> <span class='ocrx_word' id='word_1_464' title='bbox 1267 2247 1467 2287; x_wconf 70' lang='lat' dir='ltr'>Fraunceys,</span> <span class='ocrx_word' id='word_1_465' title='bbox 1487 2257 1528 2287; x_wconf 91' lang='lat' dir='ltr'>qe</span> <span class='ocrx_word' id='word_1_466' title='bbox 1543 2247 1663 2287; x_wconf 78' lang='lat' dir='ltr'>javoye</span> 
     </span>
    </p>

    <p class='ocr_par' dir='ltr' id='par_1_35' title="bbox 286 2289 1661 2329">
     <span class='ocr_line' id='line_1_47' title="bbox 286 2289 1661 2329; baseline 0.001 -10"><span class='ocrx_word' id='word_1_467' title='bbox 286 2289 328 2319; x_wconf 90' lang='lat' dir='ltr'>de</span> <span class='ocrx_word' id='word_1_468' title='bbox 353 2289 511 2320; x_wconf 82' lang='lat' dir='ltr'>Katerine</span> <span class='ocrx_word' id='word_1_469' title='bbox 534 2289 576 2320; x_wconf 87' lang='lat' dir='ltr'>de</span> <span class='ocrx_word' id='word_1_470' title='bbox 600 2290 801 2328; x_wconf 86' lang='lat' dir='ltr'>Bukelonde,</span> <span class='ocrx_word' id='word_1_471' title='bbox 826 2295 861 2320; x_wconf 84' lang='lat' dir='ltr'>et</span> <span class='ocrx_word' id='word_1_472' title='bbox 883 2293 969 2329; x_wconf 84' lang='lat' dir='ltr'>vynt</span> <span class='ocrx_word' id='word_1_473' title='bbox 991 2289 1099 2320; x_wconf 81' lang='lat' dir='ltr'>livres.</span> <span class='ocrx_word' id='word_1_474' title='bbox 1148 2290 1245 2328; x_wconf 84' lang='lat' dir='ltr'>Item,</span> <span class='ocrx_word' id='word_1_475' title='bbox 1269 2300 1288 2319; x_wconf 85' lang='lat' dir='ltr'>a</span> <span class='ocrx_word' id='word_1_476' title='bbox 1314 2290 1484 2328; x_wconf 86' lang='lat' dir='ltr'>Katerine,</span> <span class='ocrx_word' id='word_1_477' title='bbox 1511 2300 1564 2320; x_wconf 89' lang='lat' dir='ltr'>ma</span> <span class='ocrx_word' id='word_1_478' title='bbox 1585 2290 1661 2328; x_wconf 88' lang='lat' dir='ltr'>fille,</span> 
     </span>
    </p>

    <p class='ocr_par' dir='ltr' id='par_1_36' title="bbox 289 2333 1662 2373">
     <span class='ocr_line' id='line_1_48' title="bbox 289 2333 1662 2373; baseline 0.001 -11"><span class='ocrx_word' id='word_1_479' title='bbox 289 2342 368 2362; x_wconf 88' lang='lat' dir='ltr'>mon</span> <span class='ocrx_word' id='word_1_480' title='bbox 392 2336 515 2370; x_wconf 85' lang='lat' dir='ltr'>sauter,</span> <span class='ocrx_word' id='word_1_481' title='bbox 540 2342 581 2373; x_wconf 89' lang='lat' dir='ltr'>qe</span> <span class='ocrx_word' id='word_1_482' title='bbox 604 2333 696 2364; x_wconf 81' lang='lat' dir='ltr'>feust</span> <span class='ocrx_word' id='word_1_483' title='bbox 719 2343 737 2363; x_wconf 86' lang='lat' dir='ltr'>a</span> <span class='ocrx_word' id='word_1_484' title='bbox 761 2343 815 2364; x_wconf 84' lang='lat' dir='ltr'>ma</span> <span class='ocrx_word' id='word_1_485' title='bbox 837 2336 941 2363; x_wconf 85' lang='lat' dir='ltr'>aunte</span> <span class='ocrx_word' id='word_1_486' title='bbox 965 2333 1006 2363; x_wconf 89' lang='lat' dir='ltr'>de</span> <span class='ocrx_word' id='word_1_487' title='bbox 1031 2333 1146 2371; x_wconf 85' lang='lat' dir='ltr'>Mules,</span> <span class='ocrx_word' id='word_1_488' title='bbox 1172 2336 1207 2363; x_wconf 90' lang='lat' dir='ltr'>et</span> <span class='ocrx_word' id='word_1_489' title='bbox 1230 2335 1316 2373; x_wconf 84' lang='lat' dir='ltr'>vynt</span> <span class='ocrx_word' id='word_1_490' title='bbox 1340 2333 1447 2363; x_wconf 85' lang='lat' dir='ltr'>livres.</span> <span class='ocrx_word' id='word_1_491' title='bbox 1499 2333 1585 2364; x_wconf 89' lang='lat' dir='ltr'>Item</span> <span class='ocrx_word' id='word_1_492' title='bbox 1608 2333 1662 2373; x_wconf 83' lang='lat' dir='ltr'>jeo</span> 
     </span>
    </p>

    <p class='ocr_par' dir='ltr' id='par_1_37' title="bbox 289 2375 1661 2416">
     <span class='ocr_line' id='line_1_49' title="bbox 289 2375 1661 2416; baseline 0.001 -11"><span class='ocrx_word' id='word_1_493' title='bbox 289 2375 401 2406; x_wconf 84' lang='lat' dir='ltr'>devise</span> <span class='ocrx_word' id='word_1_494' title='bbox 416 2386 436 2406; x_wconf 88' lang='lat' dir='ltr'>a</span> <span class='ocrx_word' id='word_1_495' title='bbox 452 2375 614 2416; x_wconf 85' lang='lat' dir='ltr'>Philippe,</span> <span class='ocrx_word' id='word_1_496' title='bbox 631 2387 709 2407; x_wconf 89' lang='lat' dir='ltr'>mou</span> <span class='ocrx_word' id='word_1_497' title='bbox 729 2376 796 2414; x_wconf 89' lang='lat' dir='ltr'>fitz,</span> <span class='ocrx_word' id='word_1_498' title='bbox 821 2380 899 2407; x_wconf 90' lang='lat' dir='ltr'>cent</span> <span class='ocrx_word' id='word_1_499' title='bbox 922 2386 1038 2406; x_wconf 85' lang='lat' dir='ltr'>marcz.</span> <span class='ocrx_word' id='word_1_500' title='bbox 1086 2376 1186 2413; x_wconf 83' lang='lat' dir='ltr'>Item,</span> <span class='ocrx_word' id='word_1_501' title='bbox 1211 2375 1265 2415; x_wconf 87' lang='lat' dir='ltr'>jeo</span> <span class='ocrx_word' id='word_1_502' title='bbox 1288 2376 1400 2406; x_wconf 87' lang='lat' dir='ltr'>devise</span> <span class='ocrx_word' id='word_1_503' title='bbox 1422 2387 1442 2406; x_wconf 85' lang='grc'>3</span> <span class='ocrx_word' id='word_1_504' title='bbox 1465 2377 1565 2415; x_wconf 88' lang='lat' dir='ltr'>Piers,</span> <span class='ocrx_word' id='word_1_505' title='bbox 1584 2387 1661 2407; x_wconf 88' lang='lat' dir='ltr'>mon</span> 
     </span>
    </p>

    <p class='ocr_par' dir='ltr' id='par_1_38' title="bbox 288 2418 1661 2460">
     <span class='ocr_line' id='line_1_50' title="bbox 288 2418 1661 2460; baseline 0.001 -11"><span class='ocrx_word' id='word_1_506' title='bbox 288 2418 357 2453; x_wconf 85' lang='lat' dir='ltr'>fitz,</span> <span class='ocrx_word' id='word_1_507' title='bbox 381 2421 458 2449; x_wconf 84' lang='lat' dir='ltr'>cent</span> <span class='ocrx_word' id='word_1_508' title='bbox 484 2429 603 2450; x_wconf 86' lang='lat' dir='ltr'>marcz.</span> <span class='ocrx_word' id='word_1_509' title='bbox 653 2419 750 2457; x_wconf 82' lang='lat' dir='ltr'>Item,</span> <span class='ocrx_word' id='word_1_510' title='bbox 779 2430 798 2450; x_wconf 88' lang='lat' dir='ltr'>a</span> <span class='ocrx_word' id='word_1_511' title='bbox 825 2429 880 2449; x_wconf 85' lang='lat' dir='ltr'>ma</span> <span class='ocrx_word' id='word_1_512' title='bbox 907 2419 1018 2457; x_wconf 88' lang='lat' dir='ltr'>Niece,</span> <span class='ocrx_word' id='word_1_513' title='bbox 1047 2419 1150 2449; x_wconf 78' lang='lat' dir='ltr'>Dame</span> <span class='ocrx_word' id='word_1_514' title='bbox 1176 2419 1371 2449; x_wconf 84' lang='lat' dir='ltr'>Elizabethe</span> <span class='ocrx_word' id='word_1_515' title='bbox 1400 2420 1602 2460; x_wconf 72' lang='lat' dir='ltr'>Conrtenay,</span> <span class='ocrx_word' id='word_1_516' title='bbox 1620 2420 1661 2450; x_wconf 90' lang='lat' dir='ltr'>de</span> 
     </span>
    </p>

    <p class='ocr_par' dir='ltr' id='par_1_39' title="bbox 0 2461 1666 2850">
     <span class='ocr_line' id='line_1_51' title="bbox 0 2461 1663 2502; baseline 0.001 -10"><span class='ocrx_word' id='word_1_517' title='bbox 0 2493 3 2496; x_wconf 84' lang='grc'>,</span> <span class='ocrx_word' id='word_1_518' title='bbox 291 2461 511 2501; x_wconf 67' lang='lat' dir='ltr'>szonleghe,</span> <span class='ocrx_word' id='word_1_519' title='bbox 525 2462 632 2502; x_wconf 78' lang='lat' dir='ltr'>cynke</span> <span class='ocrx_word' id='word_1_520' title='bbox 648 2472 766 2493; x_wconf 84' lang='lat' dir='ltr'>marcz.</span> <span class='ocrx_word' id='word_1_521' title='bbox 800 2463 897 2498; x_wconf 83' lang='lat' dir='ltr'>Item,</span> <span class='ocrx_word' id='word_1_522' title='bbox 914 2462 968 2502; x_wconf 90' lang='grc'>380</span> <span class='ocrx_word' id='word_1_523' title='bbox 984 2462 1095 2492; x_wconf 85' lang='lat' dir='ltr'>devise</span> <span class='ocrx_word' id='word_1_524' title='bbox 1111 2472 1130 2492; x_wconf 89' lang='lat' dir='ltr'>a</span> <span class='ocrx_word' id='word_1_525' title='bbox 1146 2462 1217 2492; x_wconf 83' lang='lat' dir='ltr'>Sire</span> <span class='ocrx_word' id='word_1_526' title='bbox 1234 2462 1361 2493; x_wconf 86' lang='lat' dir='ltr'>Robert</span> <span class='ocrx_word' id='word_1_527' title='bbox 1378 2463 1584 2493; x_wconf 78' lang='lat' dir='ltr'>Sambourne</span> <span class='ocrx_word' id='word_1_528' title='bbox 1598 2473 1663 2494; x_wconf 93' lang='lat' dir='ltr'>une</span> 
     </span>
     <span class='ocr_line' id='line_1_52' title="bbox 0 2505 1664 2545; baseline 0.002 -11"><span class='ocrx_word' id='word_1_529' title='bbox 0 2521 4 2540; x_wconf 73' lang='grc' dir='ltr'>ι</span> <span class='ocrx_word' id='word_1_530' title='bbox 290 2505 377 2535; x_wconf 89' lang='lat' dir='ltr'>bolle</span> <span class='ocrx_word' id='word_1_531' title='bbox 393 2505 544 2545; x_wconf 82' lang='lat' dir='ltr'>dargent,</span> <span class='ocrx_word' id='word_1_532' title='bbox 562 2515 622 2536; x_wconf 89' lang='lat' dir='ltr'>ove</span> <span class='ocrx_word' id='word_1_533' title='bbox 638 2515 703 2536; x_wconf 91' lang='lat' dir='ltr'>une</span> <span class='ocrx_word' id='word_1_534' title='bbox 719 2506 847 2536; x_wconf 86' lang='lat' dir='ltr'>coverle</span> <span class='ocrx_word' id='word_1_535' title='bbox 870 2506 1022 2545; x_wconf 82' lang='lat' dir='ltr'>(largent.</span> <span class='ocrx_word' id='word_1_536' title='bbox 1073 2505 1170 2541; x_wconf 88' lang='lat' dir='ltr'>Item,</span> <span class='ocrx_word' id='word_1_537' title='bbox 1195 2505 1248 2545; x_wconf 89' lang='grc'>380</span> <span class='ocrx_word' id='word_1_538' title='bbox 1271 2505 1383 2536; x_wconf 80' lang='lat' dir='ltr'>devise</span> <span class='ocrx_word' id='word_1_539' title='bbox 1405 2516 1425 2536; x_wconf 85' lang='lat' dir='ltr'>a</span> <span class='ocrx_word' id='word_1_540' title='bbox 1448 2507 1519 2537; x_wconf 78' lang='grc'>8118</span> <span class='ocrx_word' id='word_1_541' title='bbox 1537 2507 1664 2538; x_wconf 83' lang='lat' dir='ltr'>Robert</span> 
     </span>
     <span class='ocr_line' id='line_1_53' title="bbox 0 2548 1661 2588; baseline 0.001 -10"><span class='ocrx_word' id='word_1_542' title='bbox 0 2565 2 2567; x_wconf 96' lang='lat'>·</span> <span class='ocrx_word' id='word_1_543' title='bbox 295 2548 539 2588; x_wconf 76' lang='lat' dir='ltr'>Vaggescombe</span> <span class='ocrx_word' id='word_1_544' title='bbox 554 2548 655 2588; x_wconf 89' lang='lat' dir='ltr'>dysze</span> <span class='ocrx_word' id='word_1_545' title='bbox 671 2559 788 2579; x_wconf 82' lang='lat' dir='ltr'>marcz.</span> <span class='ocrx_word' id='word_1_546' title='bbox 840 2549 936 2586; x_wconf 85' lang='lat' dir='ltr'>Item,</span> <span class='ocrx_word' id='word_1_547' title='bbox 961 2559 980 2578; x_wconf 89' lang='grc'>3</span> <span class='ocrx_word' id='word_1_548' title='bbox 1004 2548 1075 2579; x_wconf 83' lang='grc'>8118</span> <span class='ocrx_word' id='word_1_549' title='bbox 1092 2548 1238 2579; x_wconf 83' lang='lat' dir='ltr'>William</span> <span class='ocrx_word' id='word_1_550' title='bbox 1264 2549 1413 2579; x_wconf 87' lang='lat' dir='ltr'>Poutone</span> <span class='ocrx_word' id='word_1_551' title='bbox 1437 2552 1514 2580; x_wconf 88' lang='lat' dir='ltr'>cent</span> <span class='ocrx_word' id='word_1_552' title='bbox 1537 2550 1661 2581; x_wconf 85' lang='lat' dir='ltr'>souldz.</span> 
     </span>
     <span class='ocr_line' id='line_1_54' title="bbox 1 2591 1664 2633; baseline 0.002 -13"><span class='ocrx_word' id='word_1_553' title='bbox 1 2625 5 2631; x_wconf 36' lang='lat'><strong>¹</strong></span> <span class='ocrx_word' id='word_1_554' title='bbox 292 2591 391 2625; x_wconf 84' lang='lat' dir='ltr'>Item,</span> <span class='ocrx_word' id='word_1_555' title='bbox 411 2601 430 2621; x_wconf 86' lang='lat' dir='ltr'>a</span> <span class='ocrx_word' id='word_1_556' title='bbox 446 2591 590 2622; x_wconf 85' lang='lat' dir='ltr'>Richard</span> <span class='ocrx_word' id='word_1_557' title='bbox 608 2592 703 2622; x_wconf 88' lang='lat' dir='ltr'>Seint</span> <span class='ocrx_word' id='word_1_558' title='bbox 719 2592 828 2623; x_wconf 72' lang='lat' dir='ltr'>,Johan</span> <span class='ocrx_word' id='word_1_559' title='bbox 845 2592 933 2622; x_wconf 87' lang='lat' dir='ltr'>disze</span> <span class='ocrx_word' id='word_1_560' title='bbox 950 2602 1068 2622; x_wconf 86' lang='lat' dir='ltr'>marcz.</span> <span class='ocrx_word' id='word_1_561' title='bbox 1118 2592 1217 2630; x_wconf 87' lang='lat' dir='ltr'>Item,</span> <span class='ocrx_word' id='word_1_562' title='bbox 1233 2602 1252 2622; x_wconf 87' lang='lat' dir='ltr'>a</span> <span class='ocrx_word' id='word_1_563' title='bbox 1270 2592 1413 2622; x_wconf 82' lang='lat' dir='ltr'>Richard</span> <span class='ocrx_word' id='word_1_564' title='bbox 1430 2593 1574 2633; x_wconf 81' lang='lat' dir='ltr'>Hydone</span> <span class='ocrx_word' id='word_1_565' title='bbox 1586 2596 1664 2623; x_wconf 88' lang='lat' dir='ltr'>cent</span> 
     </span>
     <span class='ocr_line' id='line_1_55' title="bbox 1 2632 1664 2675; baseline 0.001 -10"><span class='ocrx_word' id='word_1_566' title='bbox 1 2635 5 2673; x_wconf 78' lang='lat' dir='ltr'>l</span> <span class='ocrx_word' id='word_1_567' title='bbox 290 2632 414 2665; x_wconf 80' lang='lat' dir='ltr'>souldz.</span> <span class='ocrx_word' id='word_1_568' title='bbox 465 2634 562 2672; x_wconf 87' lang='lat' dir='ltr'>Item,</span> <span class='ocrx_word' id='word_1_569' title='bbox 579 2645 598 2665; x_wconf 82' lang='lat' dir='ltr'>a</span> <span class='ocrx_word' id='word_1_570' title='bbox 613 2635 748 2666; x_wconf 86' lang='lat' dir='ltr'>Villiam</span> <span class='ocrx_word' id='word_1_571' title='bbox 766 2635 891 2675; x_wconf 89' lang='lat' dir='ltr'>Wyche</span> <span class='ocrx_word' id='word_1_572' title='bbox 907 2638 1076 2674; x_wconf 87' lang='lat' dir='ltr'>quaraunt</span> <span class='ocrx_word' id='word_1_573' title='bbox 1092 2634 1214 2665; x_wconf 78' lang='lat' dir='ltr'>souldz.</span> <span class='ocrx_word' id='word_1_574' title='bbox 1263 2635 1359 2673; x_wconf 81' lang='lat' dir='ltr'>Item,</span> <span class='ocrx_word' id='word_1_575' title='bbox 1377 2646 1395 2665; x_wconf 87' lang='grc'>3</span> <span class='ocrx_word' id='word_1_576' title='bbox 1412 2636 1519 2666; x_wconf 74' lang='grc' dir='ltr'>ι1011311</span> <span class='ocrx_word' id='word_1_577' title='bbox 1545 2637 1664 2667; x_wconf 85' lang='lat' dir='ltr'>Barett</span> 
     </span>
     <span class='ocr_line' id='line_1_56' title="bbox 291 2677 1664 2717; baseline 0.002 -10"><span class='ocrx_word' id='word_1_578' title='bbox 291 2680 461 2717; x_wconf 82' lang='lat' dir='ltr'>quaraunt</span> <span class='ocrx_word' id='word_1_579' title='bbox 476 2677 598 2708; x_wconf 89' lang='lat' dir='ltr'>souldz.</span> <span class='ocrx_word' id='word_1_580' title='bbox 646 2678 744 2716; x_wconf 88' lang='lat' dir='ltr'>Item,</span> <span class='ocrx_word' id='word_1_581' title='bbox 761 2688 780 2708; x_wconf 92' lang='lat' dir='ltr'>a</span> <span class='ocrx_word' id='word_1_582' title='bbox 795 2679 814 2708; x_wconf 77' lang='lat' dir='ltr'>J</span> <span class='ocrx_word' id='word_1_583' title='bbox 819 2678 905 2708; x_wconf 82' lang='lat' dir='ltr'>ohan</span> <span class='ocrx_word' id='word_1_584' title='bbox 919 2677 1049 2708; x_wconf 87' lang='lat' dir='ltr'>Okham</span> <span class='ocrx_word' id='word_1_585' title='bbox 1063 2680 1231 2717; x_wconf 79' lang='lat' dir='ltr'>quaraunt</span> <span class='ocrx_word' id='word_1_586' title='bbox 1241 2678 1365 2709; x_wconf 86' lang='lat' dir='ltr'>souldz.</span> <span class='ocrx_word' id='word_1_587' title='bbox 1412 2679 1514 2717; x_wconf 87' lang='lat' dir='ltr'>Item,</span> <span class='ocrx_word' id='word_1_588' title='bbox 1524 2689 1543 2709; x_wconf 88' lang='lat' dir='ltr'>a</span> <span class='ocrx_word' id='word_1_589' title='bbox 1554 2680 1572 2710; x_wconf 81' lang='lat' dir='ltr'><strong>J</strong></span> <span class='ocrx_word' id='word_1_590' title='bbox 1577 2679 1664 2710; x_wconf 86' lang='lat' dir='ltr'>ohan</span> 
     </span>
     <span class='ocr_line' id='line_1_57' title="bbox 293 2721 1665 2760; baseline 0.002 -10"><span class='ocrx_word' id='word_1_591' title='bbox 293 2721 406 2751; x_wconf 83' lang='lat' dir='ltr'>Oxene</span> <span class='ocrx_word' id='word_1_592' title='bbox 421 2723 590 2760; x_wconf 75' lang='lat' dir='ltr'>quaraunt</span> <span class='ocrx_word' id='word_1_593' title='bbox 603 2721 717 2751; x_wconf 85' lang='lat' dir='ltr'>souldz</span> <span class='ocrx_word' id='word_1_594' title='bbox 733 2724 768 2752; x_wconf 92' lang='lat' dir='ltr'>et</span> <span class='ocrx_word' id='word_1_595' title='bbox 784 2721 866 2752; x_wconf 89' lang='lat' dir='ltr'>trois</span> <span class='ocrx_word' id='word_1_596' title='bbox 882 2721 923 2751; x_wconf 93' lang='lat' dir='ltr'>de</span> <span class='ocrx_word' id='word_1_597' title='bbox 940 2731 1010 2751; x_wconf 88' lang='lat' dir='ltr'>mes</span> <span class='ocrx_word' id='word_1_598' title='bbox 1027 2721 1195 2751; x_wconf 88' lang='lat' dir='ltr'>meillours</span> <span class='ocrx_word' id='word_1_599' title='bbox 1211 2731 1345 2760; x_wconf 86' lang='lat' dir='ltr'>gonnes.</span> <span class='ocrx_word' id='word_1_600' title='bbox 1392 2721 1489 2760; x_wconf 87' lang='lat' dir='ltr'>Item,</span> <span class='ocrx_word' id='word_1_601' title='bbox 1503 2733 1522 2753; x_wconf 80' lang='lat' dir='ltr'>a</span> <span class='ocrx_word' id='word_1_602' title='bbox 1541 2723 1665 2753; x_wconf 87' lang='lat' dir='ltr'>Henrie</span> 
     </span>
     <span class='ocr_line' id='line_1_58' title="bbox 2 2756 1665 2804; baseline 0.002 -11"><span class='ocrx_word' id='word_1_603' title='bbox 2 2756 7 2793; x_wconf 84' lang='lat' dir='ltr'>l</span> <span class='ocrx_word' id='word_1_604' title='bbox 290 2763 332 2794; x_wconf 87' lang='lat' dir='ltr'>de</span> <span class='ocrx_word' id='word_1_605' title='bbox 348 2764 498 2794; x_wconf 79' lang='lat' dir='ltr'>Burtone</span> <span class='ocrx_word' id='word_1_606' title='bbox 516 2767 685 2804; x_wconf 86' lang='lat' dir='ltr'>quaraunt</span> <span class='ocrx_word' id='word_1_607' title='bbox 700 2764 826 2794; x_wconf 89' lang='lat' dir='ltr'>souldz.</span> <span class='ocrx_word' id='word_1_608' title='bbox 864 2764 962 2801; x_wconf 89' lang='lat' dir='ltr'>Item,</span> <span class='ocrx_word' id='word_1_609' title='bbox 973 2774 992 2794; x_wconf 86' lang='lat' dir='ltr'>a</span> <span class='ocrx_word' id='word_1_610' title='bbox 1009 2764 1100 2794; x_wconf 87' lang='lat' dir='ltr'>Piers</span> <span class='ocrx_word' id='word_1_611' title='bbox 1117 2764 1290 2795; x_wconf 83' lang='lat' dir='ltr'>Falewelle</span> <span class='ocrx_word' id='word_1_612' title='bbox 1305 2765 1394 2795; x_wconf 82' lang='lat' dir='ltr'>deux</span> <span class='ocrx_word' id='word_1_613' title='bbox 1411 2775 1528 2797; x_wconf 82' lang='lat' dir='ltr'>marcz.</span> <span class='ocrx_word' id='word_1_614' title='bbox 1576 2766 1665 2796; x_wconf 88' lang='lat' dir='ltr'>Item</span> 
     </span>
     <span class='ocr_line' id='line_1_59' title="bbox 288 2806 1666 2850; baseline 0.003 -13"><span class='ocrx_word' id='word_1_615' title='bbox 288 2817 308 2838; x_wconf 84' lang='lat' dir='ltr'>a</span> <span class='ocrx_word' id='word_1_616' title='bbox 323 2806 478 2848; x_wconf 83' lang='lat' dir='ltr'>Rychard</span> <span class='ocrx_word' id='word_1_617' title='bbox 494 2806 656 2849; x_wconf 83' lang='lat' dir='ltr'>Danyelle</span> <span class='ocrx_word' id='word_1_618' title='bbox 671 2807 760 2838; x_wconf 86' lang='lat' dir='ltr'>deux</span> <span class='ocrx_word' id='word_1_619' title='bbox 776 2817 894 2839; x_wconf 85' lang='lat' dir='ltr'>marcz.</span> <span class='ocrx_word' id='word_1_620' title='bbox 942 2807 1042 2847; x_wconf 87' lang='lat' dir='ltr'>Item,</span> <span class='ocrx_word' id='word_1_621' title='bbox 1061 2817 1080 2838; x_wconf 84' lang='lat' dir='ltr'>a</span> <span class='ocrx_word' id='word_1_622' title='bbox 1097 2807 1223 2839; x_wconf 88' lang='lat' dir='ltr'>Henrie</span> <span class='ocrx_word' id='word_1_623' title='bbox 1245 2807 1276 2838; x_wconf 88' lang='grc'>18</span> <span class='ocrx_word' id='word_1_624' title='bbox 1294 2811 1410 2849; x_wconf 87' lang='lat' dir='ltr'>porter</span> <span class='ocrx_word' id='word_1_625' title='bbox 1432 2813 1518 2850; x_wconf 76' lang='lat' dir='ltr'>vynt</span> <span class='ocrx_word' id='word_1_626' title='bbox 1541 2809 1666 2841; x_wconf 76' lang='lat' dir='ltr'>souldz.</span> 
     </span>
    </p>
   </div>
  </div>
 </body>
</html>
