1987 3062
104 302 176 329 AD.

105 335 176 363 1380.

103 369 198 399 Vffl.L

96 994 171 1012 CEM-

95 1028 161 1046 BER.

90 2389 164 2415 Ad)

89 2425 165 2449 1380-

88 2458 129 2482 SL

87 2491 186 2523 JANU-

88 2532 190 2550 amus.

439 210 724 244 REGISTRUM
750 209 1207 244 coMMUNE—-ANNO
1239 198 1328 241 11⁰.
1537 198 1629 240 439

253 304 496 346 Trewynnarde
528 307 640 338 fautor
669 307 751 338 dicti
777 306 940 338 ,Iohannis
964 306 999 337 in
1026 306 1223 347 hujusmodi
1251 305 1339 336 facto
1362 303 1631 345 nephandissimo

252 349 375 388 extitit,
393 354 493 390 prout
509 350 551 381 ad
567 353 714 381 nostram
733 351 940 381 audienciam
957 350 1085 381 notorie
1099 350 1168 390 jam
1187 349 1347 389 pervenit,
1367 352 1402 379 et
1425 348 1487 379 hoc
1509 351 1561 378 est
1584 347 1631 377 ita

251 393 420 423 notorium
448 393 482 424 in
510 394 665 424 Partibus
692 395 781 434 quod
808 394 900 424 nulla
932 394 1055 434 poterit
1086 392 1358 433 tergiversacione
1385 391 1506 428 celari3
1538 390 1632 420 vobis

252 436 506 474 committimus,
525 440 598 475 etc.‚
616 438 774 477 quatinus
802 438 930 468 dictum
952 438 1114 477 Rogerum
1132 435 1377 476 Trewynnarde
1395 435 1630 475 premissorum

250 479 416 510 occasione
439 481 766 511 excommunicatum
790 481 987 511 nominatim
1010 481 1056 511 sic
1079 480 1181 510 fuisse
1205 483 1239 510 et
1262 489 1331 509 esse
1354 477 1572 515 denuncietis,
1598 479 1632 507 et

252 522 446 553 denunciari
476 523 612 561 faciatis,
645 524 678 554 in
710 524 864 554 omnibus
894 535 931 554 ac
962 534 1020 564 per
1049 523 1161 554 omnia
1191 523 1278 554 sicut
1309 521 1501 553 denunciari
1526 521 1632 551 facere

250 565 379 596 debetis
396 566 583 606 predictum
600 567 788 598 Johannem
805 568 986 605 Browdrer,
1004 567 1144 607 ejusque
1165 566 1350 606 complices,
1368 564 1579 601 consiliarios,
1597 566 1632 594 et

250 607 397 640 fautores
414 610 447 640 in
464 620 501 640 ea
525 613 618 650 parte
641 621 879 651 quoscumque,
896 611 995 651 juxta
1021 610 1096 648 vim,
1113 611 1264 646 formam,
1283 612 1317 640 et
1334 609 1488 639 effectum
1506 608 1630 638 Litera-

250 661 326 682 rum
343 656 532 683 nostrarum
550 654 641 684 vobis
658 655 830 694 nuperime
847 655 1047 684 directarum
1063 665 1071 691 ;
1096 664 1178 694 quas
1195 654 1248 684 hic
1264 652 1549 683 haberi-volumus
1573 662 1632 691 pro

250 695 549 727 insertis.—Dated
565 700 600 728 at
617 697 878 738 Northampton‚
899 699 937 728 13
955 698 1040 728 Nov.

207 754 456 805 Chnlmleigl}
485 754 793 808 [Chulmeleghe,
817 754 928 808 Ms.]‚
953 757 1013 793 Sir
1033 756 1138 794 John
1159 756 1302 802 Broun,
1326 756 1442 801 R,—

206 808 342 840 Licence
366 810 400 840 of
423 811 681 849 non-residence,
715 811 778 841 “et
806 811 847 841 de
875 810 1078 841 dimittendo
1112 810 1293 841 Ecclesiam
1325 820 1419 839 suam
1448 809 1631 849 predictam

247 852 289 882 ad
320 853 450 884 firmam
482 864 540 892 per
573 865 679 884 unum
714 865 851 892 annum,
887 854 1172 893 contemplacione
1208 853 1345 884 Domini
1386 853 1559 891 [Willelmi
1591 853 1632 883 dc

251 896 465 936 Courtenay],
484 897 725 928 Londoniensis
743 898 898 938 Episcopi
912 897 929 909 ''
948 897 1224 937 (Northampton,
1251 899 1289 928 16
1309 896 1416 936 Now).

149 968 157 972 ·
206 955 664 1007 Letters-Dimissory,—

205 1009 508 1092 PhlilZpDKy)lyowe,
527 1011 673 1050 accolite,
699 1011 768 1042 “ad
793 1012 931 1043 Sacrum
956 1011 1224 1043 Subdiaconatus
1248 1011 1408 1042 Ordinem
1423 1010 1441 1022 ”
1468 1010 1632 1049 (London,

341 1065 384 1085 ec.
404 1078 410 1085 .

202 1115 529 1165 Testamentary,
558 1115 797 1163 Approbacz'o
832 1115 1058 1153 Testamenti
1094 1115 1144 1153 W.
1170 1115 1420 1159 Todewortlce,
1447 1114 1636 1153 Canom'ca'

258 1169 494 1215 Eaconiensis,
520 1169 706 1218 C'zcriersue
729 1169 1023 1207 Cautum-densis
1043 1170 1298 1215 Advocati,—

204 1223 302 1261 Item,
321 1223 510 1261 Londoniis,
531 1223 587 1263 xvj
606 1223 658 1253 die
676 1224 798 1254 mensis
822 1224 1023 1261 Decembris,
1041 1223 1262 1263 approbatum
1286 1223 1352 1253 fuit
1376 1223 1631 1253 Testamentum

248 1266 398 1305 Magistri
416 1267 570 1296 Willelmi
587 1267 814 1305 Todeworthe,
834 1267 990 1297 Canonici
1009 1267 1205 1297 Exoniensis
1230 1266 1396 1306 Curieque
1416 1267 1631 1297 Cantuarien-

246 1309 289 1339 sis
319 1310 490 1347 Advocati,
521 1310 709 1347 Londoniis,
739 1311 902 1348 defuncti,
935 1311 997 1340 sub
1029 1311 1090 1341 hac
1120 1310 1227 1340 forma
1258 1310 1633 1348 verborum,—Presens

249 1352 512 1389 Testamentum,
535 1364 643 1384 coram
669 1354 806 1384 Officiali
833 1354 931 1385 Cui-ie
961 1353 1210 1384 Cantnariensis
1238 1353 1420 1384 Londoniis
1444 1353 1632 1392 probatum,

249 1405 358 1426 coram
376 1396 480 1433 nobis,
498 1396 633 1434 Thoma,
651 1400 726 1433 etc„
744 1397 776 1427 in
796 1397 952 1437 Hospicio
969 1400 1082 1427 nostro
1101 1396 1333 1433 Londoniensi,
1352 1396 1407 1436 xvj
1434 1397 1487 1427 die
1511 1397 1633 1427 mensis

248 1439 448 1478 Decembris,
468 1440 505 1469 A.
516 1440 550 1470 D.
571 1440 631 1470 M0.
648 1440 776 1471 CCCuw
792 1440 927 1479 Inuum,
941 1441 1008 1470 fuit
1024 1440 1243 1477 insinuatum,
1258 1443 1292 1470 et
1311 1451 1366 1479 per
1383 1450 1451 1477 nos,
1465 1443 1588 1480 quaten
1596 1451 1632 1470 us

248 1492 306 1521 per
335 1482 514 1513 Officialem
541 1483 729 1522 predictum
758 1484 935 1523 probatum
965 1484 1089 1521 extitit,
1118 1484 1362 1523 approbatum3
1394 1494 1431 1513 ac
1458 1484 1633 1514 commissa

245 1525 313 1555 fuit
330 1536 386 1564 per
403 1536 461 1556 nos
486 1526 731 1557 Executoribus
755 1527 788 1557 in
814 1527 1008 1567 hujusmodi
1033 1527 1249 1557 Testamento
1266 1526 1446 1557 nominatis
1464 1527 1630 1558 Adminjsa

248 1568 351 1599 ‘tracio
379 1569 530 1599 omnium
555 1570 720 1600 bonorum
743 1570 939 1610 hujusmodi
963 1571 1217 1601 Testamentum
1242 1570 1516 1600 concernencium
1540 1573 1574 1601 et
1598 1570 1631 1601 in

245 1615 358 1642 nostra
381 1612 621 1643 Jurisdiccione
639 1613 842 1653 ubicumque
859 1613 1087 1651 existencium,
1105 1614 1137 1643 in
1163 1613 1276 1644 debita
1298 1613 1383 1653 juris
1406 1613 1522 1644 forma.
1570 1615 1630 1644 Re-

245 1658 341 1695 cepto
358 1655 449 1695 prius
460 1656 501 1686 ab
513 1656 635 1686 eisdem
651 1657 904 1695 Executoribns,
919 1660 954 1688 et
970 1667 1084 1687 eorum
1098 1657 1247 1696 singulis,
1263 1657 1422 1696 corporali
1438 1657 1631 1697 juramento

246 1699 287 1728 de
304 1699 391 1729 fideli
410 1699 600 1730 Inventario
617 1710 716 1738 super
732 1701 887 1731 omnibus
912 1701 1006 1731 bonis
1022 1700 1109 1731 infra
1132 1704 1263 1731 nostras
1288 1700 1468 1731 Civitatem
1495 1704 1528 1731 et
1553 1701 1629 1731 Dio-

245 1742 343 1772 cesim
362 1743 488 1773 Exonie
505 1743 736 1781 existentibus,
755 1744 943 1783 predictum
967 1744 1221 1774 Testamentum
1247 1743 1533 1782 concernentibus,
1552 1745 1629 1775 faci-

245 1786 340 1824 endo,
357 1786 519 1826 nobisque
535 1786 618 1817 citra
634 1787 773 1818 Festum
789 1787 1070 1818 Annunciacionis
1088 1788 1189 1818 Beate
1206 1787 1309 1818 Mai-ie
1320 1787 1466 1827 Virginis
1479 1788 1629 1827 proximo

244 1828 401 1860 futurum
418 1830 551 1860 realiter
569 1830 767 1862 exhibendo.

202 1887 358 1926 Letters
378 1889 666 1940 Dimissory‚—

200 1942 309 1973 David
327 1943 424 1981 Bolis,
571 1947 582 2003 ὶ

199 1986 312 2026 Henry
328 1986 552 2026 Hornebroke,
569 2004 583 2066 5
599 1988 750 2027 deacons,
765 1988 826 2019 “ad
840 1989 954 2020 Sacros
969 1988 1212 2020 presbiteratus
1227 1989 1388 2020 Ordines''
1403 1989 1506 2028 (same
1520 1989 1621 2026 date).

200 2029 344 2060 Vincent
359 2030 473 2069 Troyt,

198 2071 289 2103 John
305 2073 506 2114 Treverbyn‚
523 2074 668 2112 accolite,
687 2075 704 2089 “
719 2075 760 2105 ad
778 2085 892 2106 omnes
909 2076 1025 2107 Sacros
1043 2076 1184 2107 Ordines
1199 2077 1215 2088 ’³
1234 2076 1399 2115 (London,
1419 2076 1456 2108 17
1476 2077 1543 2107 Dec
1558 2077 1577 2115 ).

199 2115 342 2146 Thomas
359 2117 588 2156 Smythetone,
635 2119 798 2156 accolites,
847 2119 865 2133 “
881 2120 923 2150 ad
969 2120 1084 2150 Sacros
1130 2120 1399 2151 Subdiaconatus
1445 2120 1586 2151 Ordines
1605 2121 1623 2132 '’

199 2159 343 2190 Richard
354 2160 459 2198 Tuon,
679 2162 843 2200 (London,
873 2164 912 2193 18
938 2163 1042 2201 Dec).

199 2202 360 2233 Benedict
378 2203 530 2243 Boleghe,

198 2245 340 2276 Rich-ard
359 2246 529 2287 Kyttmve,

197 2289 286 2319 John
304 2289 453 2328 Pellowe,
471 2290 571 2327 clerk,
592 2291 609 2304 ‘²
622 2292 663 2321 ad
680 2302 794 2322 omnes
811 2292 968 2331 Minores,
987 2295 1021 2324 et
1037 2293 1140 2324 eciam
1157 2293 1197 2323 ad
1215 2293 1331 2324 Sacros
1355 2293 1621 2325 Subdiaconatus

242 2335 276 2363 et
293 2333 497 2364 Diaconatus
515 2334 655 2365 Ordines
669 2335 686 2347 ’'
705 2335 808 2373 (same
825 2335 927 2374 date).

198 2391 447 2430 Confessions
462 2406 471 2439 3
492 2393 840 2439 Penz'tencz'arz'e‚—

196 2446 293 2485 Item,
313 2446 503 2485 Londmfiis,
524 2446 620 2477 xxvto
636 2448 689 2478 die
712 2449 873 2487 Januarfi,
899 2449 1058 2490 Magister
1082 2450 1269 2481 XVillelmus
1294 2451 1455 2489 Beauson,
1485 2451 1619 2483 Ordinis

239 2490 503 2528 Carmelitarum,
519 2491 676 2531 Magister
686 2491 719 2522 in
733 2493 830 2523 Sacra
844 2493 975 2532 Pagina,
989 2493 1108 2524 habuit
1119 2494 1392 2525 Commissionem
1404 2495 1444 2525 de
1452 2496 1618 2525 audiendo

239 2533 477 2571 Confessiones,
503 2537 581 2571 etc„
608 2535 711 2565 eciam
738 2535 772 2566 in
800 2536 930 2566 casibus
955 2537 1139 2575 reservatis,
1167 2541 1312 2578 quatuor
1342 2539 1383 2568 de
1413 2538 1619 2578 gravioribus

237 2576 365 2607 casibus
381 2576 559 2608 dumtaxat
575 2579 720 2618 exceptis
739 2589 746 2613 ;
764 2590 822 2619 per
839 2590 943 2610 unum
959 2590 1085 2610 annum
1102 2581 1308 2612 duraturam.

196 2620 294 2656 Item,
326 2619 449 2650 eisdem
480 2620 534 2650 die
557 2623 591 2651 et
614 2621 693 2660 loco,
718 2622 884 2653 Dominus
908 2623 1074 2654 Robertus
1098 2624 1374 2662 Haukesworthe,
1401 2625 1552 2655 Vicarius
1576 2625 1617 2655 de

239 2663 392 2703 Kyrtone
409 2663 600 2703 [On-editonL
617 2664 737 2696 habuit
754 2666 1029 2697 Commissionem
1046 2678 1104 2706 pro
1122 2668 1328 2708 parochianis
1351 2669 1430 2707 suis,
1455 2668 1558 2699 eciam
1581 2668 1615 2699 in

237 2706 367 2737 casibus
383 2707 566 2745 reservatis,
587 2710 627 2738 ut
642 2708 675 2738 in
688 2708 794 2739 forma
811 2720 818 2749 3
835 2710 1006 2750 quamdiu,
1021 2713 1082 2741 etc.

194 2767 509 2816 Sequestrations
522 2780 533 2815 3
553 2767 749 2807 Mandata
768 2770 813 2807 de
831 2771 1164 2819 sequestrando,—

546 2205 560 2275 Ξ
577 2226 693 2265 clerks,
715 2227 733 2241 “
745 2227 787 2257 ad
804 2237 918 2258 omnes
936 2228 1080 2258 Minores
1098 2228 1238 2259 Ordines
1253 2228 1270 2240 '²
1289 2227 1392 2267 (same
1408 2228 1509 2267 date).
