<?xml version="1.0" encoding="UTF-8"?>
<!DOCTYPE html PUBLIC "-//W3C//DTD XHTML 1.0 Transitional//EN"
    "http://www.w3.org/TR/xhtml1/DTD/xhtml1-transitional.dtd">
<html xmlns="http://www.w3.org/1999/xhtml" xml:lang="en" lang="en">
 <head>
  <title>
</title>
<meta http-equiv="Content-Type" content="text/html;charset=utf-8" />
  <meta name='ocr-system' content='tesseract 3.04.00' />
  <meta name='ocr-capabilities' content='ocr_page ocr_carea ocr_par ocr_line ocrx_word'/>
</head>
<body>
  <div class='ocr_page' id='page_1' title='image "./registerofthomas01cathuoft_0377.png"; bbox 0 0 1987 3062; ppageno 0'>
   <div class='ocr_carea' id='block_1_1' title="bbox 125 334 230 430">
    <p class='ocr_par' dir='ltr' id='par_1_1' title="bbox 125 334 230 430">
     <span class='ocr_line' id='line_1_1' title="bbox 125 334 202 360; baseline 0 0"><span class='ocrx_word' id='word_1_1' title='bbox 125 334 202 360; x_wconf 87' lang='lat' dir='ltr'>A.D.</span> 
     </span>
     <span class='ocr_line' id='line_1_2' title="bbox 127 369 202 394; baseline -0.013 0"><span class='ocrx_word' id='word_1_2' title='bbox 127 369 202 394; x_wconf 75' lang='lat'>1374.</span> 
     </span>
     <span class='ocr_line' id='line_1_3' title="bbox 130 401 230 430; baseline 0 -3"><span class='ocrx_word' id='word_1_3' title='bbox 130 401 191 427; x_wconf 83' lang='lat' dir='ltr'>Vol.</span> <span class='ocrx_word' id='word_1_4' title='bbox 206 402 230 430; x_wconf 76' lang='grc' dir='ltr'>Ι.</span> 
     </span>
    </p>
   </div>
   <div class='ocr_carea' id='block_1_2' title="bbox 131 2668 236 2793">
    <p class='ocr_par' dir='ltr' id='par_1_2' title="bbox 131 2668 233 2760">
     <span class='ocr_line' id='line_1_4' title="bbox 133 2668 232 2701; baseline 0 -8"><span class='ocrx_word' id='word_1_5' title='bbox 133 2668 232 2701; x_wconf 57' lang='lat' dir='ltr'>Lam·-</span> 
     </span>
     <span class='ocr_line' id='line_1_5' title="bbox 132 2709 233 2726; baseline 0 0"><span class='ocrx_word' id='word_1_6' title='bbox 132 2709 233 2726; x_wconf 63' lang='lat' dir='ltr'>amus.</span> 
     </span>
     <span class='ocr_line' id='line_1_6' title="bbox 131 2735 210 2760; baseline -0.013 0"><span class='ocrx_word' id='word_1_7' title='bbox 131 2735 210 2760; x_wconf 70' lang='lat' dir='ltr'>AD.</span> 
     </span>
    </p>

    <p class='ocr_par' dir='ltr' id='par_1_3' title="bbox 133 2768 236 2793">
     <span class='ocr_line' id='line_1_7' title="bbox 133 2768 236 2793; baseline 0 0"><span class='ocrx_word' id='word_1_8' title='bbox 133 2768 236 2793; x_wconf 77' lang='lat'>1374-5.</span> 
     </span>
    </p>
   </div>
   <div class='ocr_carea' id='block_1_3' title="bbox 453 217 1662 264">
    <p class='ocr_par' dir='ltr' id='par_1_4' title="bbox 453 217 1662 264">
     <span class='ocr_line' id='line_1_8' title="bbox 453 217 1662 264; baseline -0.004 0"><span class='ocrx_word' id='word_1_9' title='bbox 453 230 738 264; x_wconf 80' lang='lat' dir='ltr'><strong>REGISTRUM</strong></span> <span class='ocrx_word' id='word_1_10' title='bbox 775 227 1229 263; x_wconf 81' lang='lat' dir='ltr'><strong>GOMMUNE——ANNO</strong></span> <span class='ocrx_word' id='word_1_11' title='bbox 1267 218 1324 261; x_wconf 90' lang='lat'>5⁰.</span> <span class='ocrx_word' id='word_1_12' title='bbox 1572 217 1662 259; x_wconf 83' lang='lat'>351</span> 
     </span>
    </p>
   </div>
   <div class='ocr_carea' id='block_1_4' title="bbox 238 335 1665 687">
    <p class='ocr_par' dir='ltr' id='par_1_5' title="bbox 240 335 964 381">
     <span class='ocr_line' id='line_1_9' title="bbox 240 335 964 381; baseline -0.001 -9"><span class='ocrx_word' id='word_1_13' title='bbox 240 336 436 373; x_wconf 83' lang='lat' dir='ltr'>Oratories</span> <span class='ocrx_word' id='word_1_14' title='bbox 452 349 461 381; x_wconf 82' lang='lat'><em>3</em></span> <span class='ocrx_word' id='word_1_15' title='bbox 490 335 644 372; x_wconf 75' lang='lat' dir='ltr'>Licence</span> <span class='ocrx_word' id='word_1_16' title='bbox 665 342 700 372; x_wconf 76' lang='lat' dir='ltr'>to</span> <span class='ocrx_word' id='word_1_17' title='bbox 720 335 964 380; x_wconf 72' lang='lat' dir='ltr'>celebrate,—</span> 
     </span>
    </p>

    <p class='ocr_par' dir='ltr' id='par_1_6' title="bbox 240 385 1665 515">
     <span class='ocr_line' id='line_1_10' title="bbox 240 385 1664 428; baseline -0.004 -8"><span class='ocrx_word' id='word_1_18' title='bbox 240 390 339 426; x_wconf 83' lang='lat' dir='ltr'>Item,</span> <span class='ocrx_word' id='word_1_19' title='bbox 356 389 492 426; x_wconf 86' lang='lat' dir='ltr'>ibidem,</span> <span class='ocrx_word' id='word_1_20' title='bbox 509 388 589 428; x_wconf 78' lang='lat' dir='ltr'>iiijto</span> <span class='ocrx_word' id='word_1_21' title='bbox 605 388 668 423; x_wconf 80' lang='lat' dir='ltr'>die,</span> <span class='ocrx_word' id='word_1_22' title='bbox 686 389 850 419; x_wconf 81' lang='lat' dir='ltr'>Dominus</span> <span class='ocrx_word' id='word_1_23' title='bbox 866 388 1027 419; x_wconf 86' lang='lat' dir='ltr'>concessit</span> <span class='ocrx_word' id='word_1_24' title='bbox 1042 387 1209 418; x_wconf 80' lang='lat' dir='ltr'>Willehno</span> <span class='ocrx_word' id='word_1_25' title='bbox 1226 386 1400 426; x_wconf 77' lang='lat' dir='ltr'>Uppehey,</span> <span class='ocrx_word' id='word_1_26' title='bbox 1417 390 1451 416; x_wconf 87' lang='lat' dir='ltr'>et</span> <span class='ocrx_word' id='word_1_27' title='bbox 1469 385 1542 425; x_wconf 83' lang='lat' dir='ltr'>ejus</span> <span class='ocrx_word' id='word_1_28' title='bbox 1559 386 1664 423; x_wconf 80' lang='lat' dir='ltr'>uxori,</span> 
     </span>
     <span class='ocr_line' id='line_1_11' title="bbox 283 429 1665 471; baseline -0.003 -8"><span class='ocrx_word' id='word_1_29' title='bbox 283 433 468 463; x_wconf 83' lang='lat' dir='ltr'>Licenciam</span> <span class='ocrx_word' id='word_1_30' title='bbox 499 432 590 471; x_wconf 78' lang='lat' dir='ltr'>quod</span> <span class='ocrx_word' id='word_1_31' title='bbox 620 432 759 471; x_wconf 88' lang='lat' dir='ltr'>possint,</span> <span class='ocrx_word' id='word_1_32' title='bbox 784 436 858 468; x_wconf 86' lang='lat' dir='ltr'>etc.‚</span> <span class='ocrx_word' id='word_1_33' title='bbox 893 432 928 462; x_wconf 91' lang='lat' dir='ltr'>in</span> <span class='ocrx_word' id='word_1_34' title='bbox 966 431 1099 470; x_wconf 82' lang='lat' dir='ltr'>Capella</span> <span class='ocrx_word' id='word_1_35' title='bbox 1133 430 1274 460; x_wconf 87' lang='lat' dir='ltr'>Manerii</span> <span class='ocrx_word' id='word_1_36' title='bbox 1305 430 1347 460; x_wconf 88' lang='lat' dir='ltr'>de</span> <span class='ocrx_word' id='word_1_37' title='bbox 1378 429 1543 469; x_wconf 75' lang='lat' dir='ltr'>Uppehey</span> <span class='ocrx_word' id='word_1_38' title='bbox 1577 429 1665 459; x_wconf 85' lang='lat' dir='ltr'>infra</span> 
     </span>
     <span class='ocr_line' id='line_1_12' title="bbox 281 474 1230 515; baseline -0.003 -9"><span class='ocrx_word' id='word_1_39' title='bbox 281 476 473 506; x_wconf 87' lang='lat' dir='ltr'>Parochiam</span> <span class='ocrx_word' id='word_1_40' title='bbox 491 476 532 505; x_wconf 85' lang='lat' dir='ltr'>de</span> <span class='ocrx_word' id='word_1_41' title='bbox 548 475 762 506; x_wconf 77' lang='lat' dir='ltr'>Axeminstre</span> <span class='ocrx_word' id='word_1_42' title='bbox 781 485 788 510; x_wconf 83' lang='grc'>;</span> <span class='ocrx_word' id='word_1_43' title='bbox 811 475 972 515; x_wconf 82' lang='lat' dir='ltr'><strong>quamdiu</strong></span> <span class='ocrx_word' id='word_1_44' title='bbox 998 474 1149 511; x_wconf 90' lang='lat' dir='ltr'>Domino,</span> <span class='ocrx_word' id='word_1_45' title='bbox 1166 477 1230 504; x_wconf 88' lang='lat' dir='ltr'>ete.</span> 
     </span>
    </p>

    <p class='ocr_par' dir='ltr' id='par_1_7' title="bbox 238 515 1663 687">
     <span class='ocr_line' id='line_1_13' title="bbox 238 515 1662 559; baseline -0.003 -10"><span class='ocrx_word' id='word_1_46' title='bbox 238 519 336 556; x_wconf 86' lang='lat' dir='ltr'>Item,</span> <span class='ocrx_word' id='word_1_47' title='bbox 360 519 480 559; x_wconf 84' lang='lat' dir='ltr'>quinto</span> <span class='ocrx_word' id='word_1_48' title='bbox 503 519 565 556; x_wconf 86' lang='lat' dir='ltr'>die,</span> <span class='ocrx_word' id='word_1_49' title='bbox 591 519 755 548; x_wconf 85' lang='lat' dir='ltr'>Dominus</span> <span class='ocrx_word' id='word_1_50' title='bbox 785 519 947 548; x_wconf 71' lang='lat' dir='ltr'>concessit</span> <span class='ocrx_word' id='word_1_51' title='bbox 977 517 1141 548; x_wconf 82' lang='lat' dir='ltr'>Willelmo</span> <span class='ocrx_word' id='word_1_52' title='bbox 1167 515 1374 556; x_wconf 77' lang='lat' dir='ltr'>Brighleghe.</span> <span class='ocrx_word' id='word_1_53' title='bbox 1401 519 1435 546; x_wconf 84' lang='lat' dir='ltr'>et</span> <span class='ocrx_word' id='word_1_54' title='bbox 1460 515 1533 556; x_wconf 82' lang='lat' dir='ltr'>ejus</span> <span class='ocrx_word' id='word_1_55' title='bbox 1558 516 1662 553; x_wconf 87' lang='lat' dir='ltr'>uxori,</span> 
     </span>
     <span class='ocr_line' id='line_1_14' title="bbox 282 559 1663 602; baseline -0.003 -9"><span class='ocrx_word' id='word_1_56' title='bbox 282 563 468 593; x_wconf 86' lang='lat' dir='ltr'>Licenciam</span> <span class='ocrx_word' id='word_1_57' title='bbox 484 562 574 602; x_wconf 83' lang='lat' dir='ltr'>quod</span> <span class='ocrx_word' id='word_1_58' title='bbox 590 562 623 592; x_wconf 91' lang='lat' dir='ltr'>in</span> <span class='ocrx_word' id='word_1_59' title='bbox 643 562 742 592; x_wconf 87' lang='lat' dir='ltr'>Festo</span> <span class='ocrx_word' id='word_1_60' title='bbox 759 562 874 592; x_wconf 83' lang='lat' dir='ltr'>Sancti</span> <span class='ocrx_word' id='word_1_61' title='bbox 891 561 1043 592; x_wconf 76' lang='lat' dir='ltr'>Nicholai</span> <span class='ocrx_word' id='word_1_62' title='bbox 1059 564 1094 591; x_wconf 91' lang='lat' dir='ltr'>et</span> <span class='ocrx_word' id='word_1_63' title='bbox 1110 560 1183 590; x_wconf 84' lang='lat' dir='ltr'>aliis</span> <span class='ocrx_word' id='word_1_64' title='bbox 1201 559 1418 598; x_wconf 73' lang='lat' dir='ltr'>temporibus,</span> <span class='ocrx_word' id='word_1_65' title='bbox 1436 559 1469 589; x_wconf 89' lang='lat' dir='ltr'>in</span> <span class='ocrx_word' id='word_1_66' title='bbox 1496 559 1663 598; x_wconf 80' lang='lat' dir='ltr'>presencia</span> 
     </span>
     <span class='ocr_line' id='line_1_15' title="bbox 281 602 1662 644; baseline -0.002 -8"><span class='ocrx_word' id='word_1_67' title='bbox 281 616 397 636; x_wconf 88' lang='lat' dir='ltr'>eorum</span> <span class='ocrx_word' id='word_1_68' title='bbox 416 605 466 635; x_wconf 72' lang='lat' dir='ltr'>vel</span> <span class='ocrx_word' id='word_1_69' title='bbox 482 615 598 635; x_wconf 87' lang='lat' dir='ltr'>eorum</span> <span class='ocrx_word' id='word_1_70' title='bbox 621 605 770 641; x_wconf 86' lang='lat' dir='ltr'>alterius,</span> <span class='ocrx_word' id='word_1_71' title='bbox 789 605 916 644; x_wconf 77' lang='lat' dir='ltr'>possint</span> <span class='ocrx_word' id='word_1_72' title='bbox 935 605 1054 634; x_wconf 78' lang='lat' dir='ltr'>Divina</span> <span class='ocrx_word' id='word_1_73' title='bbox 1071 604 1179 634; x_wconf 83' lang='lat' dir='ltr'>facere</span> <span class='ocrx_word' id='word_1_74' title='bbox 1195 603 1353 634; x_wconf 83' lang='lat' dir='ltr'>celebrari</span> <span class='ocrx_word' id='word_1_75' title='bbox 1369 602 1403 632; x_wconf 87' lang='lat' dir='ltr'>in</span> <span class='ocrx_word' id='word_1_76' title='bbox 1421 602 1555 642; x_wconf 80' lang='lat' dir='ltr'>Capella</span> <span class='ocrx_word' id='word_1_77' title='bbox 1572 613 1662 633; x_wconf 87' lang='lat' dir='ltr'>man-</span> 
     </span>
     <span class='ocr_line' id='line_1_16' title="bbox 280 647 1357 687; baseline -0.002 -8"><span class='ocrx_word' id='word_1_78' title='bbox 280 649 381 679; x_wconf 85' lang='lat' dir='ltr'>sionis</span> <span class='ocrx_word' id='word_1_79' title='bbox 403 649 585 679; x_wconf 85' lang='lat' dir='ltr'>eorundem</span> <span class='ocrx_word' id='word_1_80' title='bbox 601 649 636 678; x_wconf 88' lang='lat' dir='ltr'>in</span> <span class='ocrx_word' id='word_1_81' title='bbox 654 648 813 678; x_wconf 79' lang='lat' dir='ltr'>Parochia</span> <span class='ocrx_word' id='word_1_82' title='bbox 828 648 870 678; x_wconf 81' lang='lat' dir='ltr'>de</span> <span class='ocrx_word' id='word_1_83' title='bbox 887 647 1060 678; x_wconf 85' lang='lat' dir='ltr'>Mortehoo</span> <span class='ocrx_word' id='word_1_84' title='bbox 1076 657 1082 685; x_wconf 84' lang='lat'>3</span> <span class='ocrx_word' id='word_1_85' title='bbox 1106 647 1277 687; x_wconf 82' lang='lat' dir='ltr'>quamdiu,</span> <span class='ocrx_word' id='word_1_86' title='bbox 1294 651 1357 677; x_wconf 86' lang='lat' dir='ltr'>ete.</span> 
     </span>
    </p>
   </div>
   <div class='ocr_carea' id='block_1_5' title="bbox 238 701 1665 1013">
    <p class='ocr_par' dir='ltr' id='par_1_8' title="bbox 238 701 1184 750">
     <span class='ocr_line' id='line_1_17' title="bbox 238 701 1184 750; baseline -0.002 -11"><span class='ocrx_word' id='word_1_87' title='bbox 238 704 486 740; x_wconf 80' lang='lat' dir='ltr'>Confessions</span> <span class='ocrx_word' id='word_1_88' title='bbox 502 716 512 749; x_wconf 78' lang='lat'>3</span> <span class='ocrx_word' id='word_1_89' title='bbox 542 703 606 739; x_wconf 75' lang='lat' dir='ltr'>Ad</span> <span class='ocrx_word' id='word_1_90' title='bbox 627 703 841 750; x_wconf 71' lang='lat' dir='ltr'>elz&#39;yendum</span> <span class='ocrx_word' id='word_1_91' title='bbox 863 701 1184 749; x_wconf 64' lang='lat' dir='ltr'>Corzfessorem,—</span> 
     </span>
    </p>

    <p class='ocr_par' dir='ltr' id='par_1_9' title="bbox 238 753 1665 1013">
     <span class='ocr_line' id='line_1_18' title="bbox 238 753 1663 794; baseline -0.003 -7"><span class='ocrx_word' id='word_1_92' title='bbox 238 757 336 794; x_wconf 84' lang='lat' dir='ltr'>Item,</span> <span class='ocrx_word' id='word_1_93' title='bbox 352 756 486 793; x_wconf 79' lang='lat' dir='ltr'>ibidem,</span> <span class='ocrx_word' id='word_1_94' title='bbox 503 756 619 787; x_wconf 87' lang='lat' dir='ltr'>eodem</span> <span class='ocrx_word' id='word_1_95' title='bbox 638 756 700 793; x_wconf 86' lang='lat' dir='ltr'>die,</span> <span class='ocrx_word' id='word_1_96' title='bbox 724 756 887 786; x_wconf 88' lang='lat' dir='ltr'>Dominus</span> <span class='ocrx_word' id='word_1_97' title='bbox 903 755 1065 785; x_wconf 70' lang='lat' dir='ltr'>concessit</span> <span class='ocrx_word' id='word_1_98' title='bbox 1084 754 1268 785; x_wconf 87' lang='lat' dir='ltr'>Licenciam</span> <span class='ocrx_word' id='word_1_99' title='bbox 1285 754 1428 784; x_wconf 88' lang='lat' dir='ltr'>Domino</span> <span class='ocrx_word' id='word_1_100' title='bbox 1445 753 1517 784; x_wconf 84' lang='lat' dir='ltr'>Ade</span> <span class='ocrx_word' id='word_1_101' title='bbox 1534 754 1663 794; x_wconf 66' lang='lat' dir='ltr'>Robyn,</span> 
     </span>
     <span class='ocr_line' id='line_1_19' title="bbox 280 797 1662 840; baseline -0.002 -10"><span class='ocrx_word' id='word_1_102' title='bbox 280 800 449 840; x_wconf 84' lang='lat' dir='ltr'>capellano</span> <span class='ocrx_word' id='word_1_103' title='bbox 465 800 506 830; x_wconf 91' lang='lat' dir='ltr'>de</span> <span class='ocrx_word' id='word_1_104' title='bbox 535 799 667 829; x_wconf 76' lang='lat' dir='ltr'>Dulond</span> <span class='ocrx_word' id='word_1_105' title='bbox 691 799 894 837; x_wconf 76' lang='lat' dir='ltr'>[Dowland],</span> <span class='ocrx_word' id='word_1_106' title='bbox 912 798 1002 838; x_wconf 83' lang='lat' dir='ltr'>quod</span> <span class='ocrx_word' id='word_1_107' title='bbox 1026 798 1131 837; x_wconf 87' lang='lat' dir='ltr'>possit</span> <span class='ocrx_word' id='word_1_108' title='bbox 1154 798 1215 828; x_wconf 89' lang='lat' dir='ltr'>sibi</span> <span class='ocrx_word' id='word_1_109' title='bbox 1239 797 1361 837; x_wconf 81' lang='lat' dir='ltr'>eligere</span> <span class='ocrx_word' id='word_1_110' title='bbox 1384 797 1553 837; x_wconf 72' lang='lat' dir='ltr'>ydoneum</span> <span class='ocrx_word' id='word_1_111' title='bbox 1579 798 1662 828; x_wconf 91' lang='lat' dir='ltr'>Con-</span> 
     </span>
     <span class='ocr_line' id='line_1_20' title="bbox 280 841 1662 882; baseline -0.002 -9"><span class='ocrx_word' id='word_1_112' title='bbox 280 844 439 874; x_wconf 78' lang='lat' dir='ltr'>fessorem</span> <span class='ocrx_word' id='word_1_113' title='bbox 457 843 498 873; x_wconf 89' lang='lat' dir='ltr'>ad</span> <span class='ocrx_word' id='word_1_114' title='bbox 514 842 722 873; x_wconf 86' lang='lat' dir='ltr'>audiendum</span> <span class='ocrx_word' id='word_1_115' title='bbox 738 843 842 882; x_wconf 87' lang='lat' dir='ltr'>ipsius</span> <span class='ocrx_word' id='word_1_116' title='bbox 860 841 1120 879; x_wconf 80' lang='lat' dir='ltr'>Confessionem,</span> <span class='ocrx_word' id='word_1_117' title='bbox 1137 845 1173 871; x_wconf 89' lang='lat' dir='ltr'>et</span> <span class='ocrx_word' id='word_1_118' title='bbox 1196 851 1256 881; x_wconf 88' lang='lat' dir='ltr'>pro</span> <span class='ocrx_word' id='word_1_119' title='bbox 1279 841 1463 871; x_wconf 76' lang='lat' dir='ltr'>commissis</span> <span class='ocrx_word' id='word_1_120' title='bbox 1486 841 1662 881; x_wconf 82' lang='lat' dir='ltr'>injungen-</span> 
     </span>
     <span class='ocr_line' id='line_1_21' title="bbox 281 884 1665 926; baseline -0.001 -10"><span class='ocrx_word' id='word_1_121' title='bbox 281 887 363 917; x_wconf 80' lang='lat' dir='ltr'>‹lum</span> <span class='ocrx_word' id='word_1_122' title='bbox 382 886 584 926; x_wconf 82' lang='lat' dir='ltr'>penitencias</span> <span class='ocrx_word' id='word_1_123' title='bbox 600 886 763 916; x_wconf 76' lang='lat' dir='ltr'>salutares</span> <span class='ocrx_word' id='word_1_124' title='bbox 781 897 789 922; x_wconf 89' lang='lat'>;</span> <span class='ocrx_word' id='word_1_125' title='bbox 814 896 952 923; x_wconf 89' lang='lat' dir='ltr'>necnon,</span> <span class='ocrx_word' id='word_1_126' title='bbox 971 885 1013 915; x_wconf 88' lang='lat' dir='ltr'>ad</span> <span class='ocrx_word' id='word_1_127' title='bbox 1036 884 1277 915; x_wconf 83' lang='lat' dir='ltr'>absolvendum</span> <span class='ocrx_word' id='word_1_128' title='bbox 1295 884 1439 914; x_wconf 87' lang='lat' dir='ltr'>eundem</span> <span class='ocrx_word' id='word_1_129' title='bbox 1455 884 1497 914; x_wconf 90' lang='lat' dir='ltr'>de</span> <span class='ocrx_word' id='word_1_130' title='bbox 1521 884 1665 924; x_wconf 86' lang='lat' dir='ltr'>peccatis</span> 
     </span>
     <span class='ocr_line' id='line_1_22' title="bbox 281 927 1664 969; baseline -0.001 -9"><span class='ocrx_word' id='word_1_131' title='bbox 281 930 350 960; x_wconf 84' lang='lat' dir='ltr'>suis</span> <span class='ocrx_word' id='word_1_132' title='bbox 366 940 424 969; x_wconf 87' lang='lat' dir='ltr'>per</span> <span class='ocrx_word' id='word_1_133' title='bbox 440 930 551 969; x_wconf 86' lang='lat' dir='ltr'>ipsum</span> <span class='ocrx_word' id='word_1_134' title='bbox 567 929 735 967; x_wconf 76' lang='lat' dir='ltr'>confessis,</span> <span class='ocrx_word' id='word_1_135' title='bbox 753 929 896 959; x_wconf 80' lang='lat' dir='ltr'>casubus</span> <span class='ocrx_word' id='word_1_136' title='bbox 920 928 1064 959; x_wconf 92' lang='lat' dir='ltr'>Domino</span> <span class='ocrx_word' id='word_1_137' title='bbox 1087 928 1265 959; x_wconf 79' lang='lat' dir='ltr'>reservatis</span> <span class='ocrx_word' id='word_1_138' title='bbox 1288 927 1469 958; x_wconf 74' lang='lat' dir='ltr'>dumtaxat</span> <span class='ocrx_word' id='word_1_139' title='bbox 1492 928 1639 968; x_wconf 76' lang='lat' dir='ltr'>exceptis</span> <span class='ocrx_word' id='word_1_140' title='bbox 1657 937 1664 964; x_wconf 88' lang='lat'>;</span> 
     </span>
     <span class='ocr_line' id='line_1_23' title="bbox 282 973 708 1013; baseline 0 -10"><span class='ocrx_word' id='word_1_141' title='bbox 282 984 341 1013; x_wconf 86' lang='lat' dir='ltr'>per</span> <span class='ocrx_word' id='word_1_142' title='bbox 356 984 483 1004; x_wconf 86' lang='lat' dir='ltr'>anuum</span> <span class='ocrx_word' id='word_1_143' title='bbox 498 973 708 1003; x_wconf 71' lang='lat' dir='ltr'>duraturam.</span> 
     </span>
    </p>
   </div>
   <div class='ocr_carea' id='block_1_6' title="bbox 237 1033 1452 1125">
    <p class='ocr_par' dir='ltr' id='par_1_10' title="bbox 237 1033 1452 1125">
     <span class='ocr_line' id='line_1_24' title="bbox 237 1033 695 1082; baseline -0.004 -12"><span class='ocrx_word' id='word_1_144' title='bbox 237 1033 695 1082; x_wconf 85' lang='lat' dir='ltr'>Letters-Dimissory,—</span> 
     </span>
     <span class='ocr_line' id='line_1_25' title="bbox 243 1085 1452 1125; baseline -0.002 -8"><span class='ocrx_word' id='word_1_145' title='bbox 243 1087 333 1118; x_wconf 78' lang='lat' dir='ltr'>John</span> <span class='ocrx_word' id='word_1_146' title='bbox 352 1087 442 1125; x_wconf 83' lang='lat' dir='ltr'>Dire,</span> <span class='ocrx_word' id='word_1_147' title='bbox 459 1087 605 1125; x_wconf 84' lang='lat' dir='ltr'>accolite‚</span> <span class='ocrx_word' id='word_1_148' title='bbox 625 1086 696 1116; x_wconf 83' lang='lat' dir='ltr'>“ad</span> <span class='ocrx_word' id='word_1_149' title='bbox 713 1096 827 1116; x_wconf 90' lang='lat' dir='ltr'>omnes</span> <span class='ocrx_word' id='word_1_150' title='bbox 845 1086 962 1117; x_wconf 85' lang='lat' dir='ltr'>Sacros</span> <span class='ocrx_word' id='word_1_151' title='bbox 980 1085 1121 1116; x_wconf 76' lang='lat' dir='ltr'>Ordines</span> <span class='ocrx_word' id='word_1_152' title='bbox 1135 1085 1153 1096; x_wconf 88' lang='lat'>⁷&#39;</span> <span class='ocrx_word' id='word_1_153' title='bbox 1172 1085 1291 1125; x_wconf 63' lang='lat' dir='ltr'>(Clyst,</span> <span class='ocrx_word' id='word_1_154' title='bbox 1313 1085 1331 1115; x_wconf 91' lang='lat'>9</span> <span class='ocrx_word' id='word_1_155' title='bbox 1350 1085 1452 1121; x_wconf 67' lang='lat' dir='ltr'>Dec).</span> 
     </span>
    </p>
   </div>
   <div class='ocr_carea' id='block_1_7' title="bbox 239 1146 1665 1801">
    <p class='ocr_par' dir='ltr' id='par_1_11' title="bbox 239 1146 962 1192">
     <span class='ocr_line' id='line_1_26' title="bbox 239 1146 962 1192; baseline -0.003 -9"><span class='ocrx_word' id='word_1_156' title='bbox 239 1147 436 1184; x_wconf 82' lang='lat' dir='ltr'>Oratories</span> <span class='ocrx_word' id='word_1_157' title='bbox 454 1160 463 1192; x_wconf 76' lang='lat'><em>3</em></span> <span class='ocrx_word' id='word_1_158' title='bbox 491 1146 644 1183; x_wconf 77' lang='lat' dir='ltr'>Licence</span> <span class='ocrx_word' id='word_1_159' title='bbox 664 1152 701 1182; x_wconf 76' lang='lat' dir='ltr'>to</span> <span class='ocrx_word' id='word_1_160' title='bbox 719 1146 962 1190; x_wconf 71' lang='lat' dir='ltr'>celebrate,—</span> 
     </span>
    </p>

    <p class='ocr_par' dir='ltr' id='par_1_12' title="bbox 240 1198 1664 1325">
     <span class='ocr_line' id='line_1_27' title="bbox 240 1198 1663 1238; baseline -0.002 -7"><span class='ocrx_word' id='word_1_161' title='bbox 240 1201 339 1238; x_wconf 73' lang='lat' dir='ltr'>Item,</span> <span class='ocrx_word' id='word_1_162' title='bbox 356 1200 490 1237; x_wconf 87' lang='lat' dir='ltr'>ibidem,</span> <span class='ocrx_word' id='word_1_163' title='bbox 509 1203 546 1230; x_wconf 51' lang='grc' dir='ltr'>,πθ</span> <span class='ocrx_word' id='word_1_164' title='bbox 562 1200 626 1234; x_wconf 80' lang='lat' dir='ltr'>die,</span> <span class='ocrx_word' id='word_1_165' title='bbox 643 1200 808 1229; x_wconf 86' lang='lat' dir='ltr'>Dominus</span> <span class='ocrx_word' id='word_1_166' title='bbox 825 1198 987 1229; x_wconf 80' lang='lat' dir='ltr'>concessit</span> <span class='ocrx_word' id='word_1_167' title='bbox 1004 1198 1153 1236; x_wconf 85' lang='lat' dir='ltr'>Isabelle,</span> <span class='ocrx_word' id='word_1_168' title='bbox 1165 1198 1281 1228; x_wconf 82' lang='lat' dir='ltr'>relicte</span> <span class='ocrx_word' id='word_1_169' title='bbox 1295 1198 1315 1228; x_wconf 84' lang='lat' dir='ltr'><strong>J</strong></span> <span class='ocrx_word' id='word_1_170' title='bbox 1318 1198 1458 1228; x_wconf 87' lang='lat' dir='ltr'>ohannis</span> <span class='ocrx_word' id='word_1_171' title='bbox 1469 1198 1663 1236; x_wconf 85' lang='lat' dir='ltr'>Arundelle,</span> 
     </span>
     <span class='ocr_line' id='line_1_28' title="bbox 284 1241 1664 1282; baseline -0.001 -9"><span class='ocrx_word' id='word_1_172' title='bbox 284 1243 470 1274; x_wconf 88' lang='lat' dir='ltr'>Licenciam</span> <span class='ocrx_word' id='word_1_173' title='bbox 486 1243 639 1280; x_wconf 80' lang='lat' dir='ltr'>faciendi,</span> <span class='ocrx_word' id='word_1_174' title='bbox 653 1246 727 1280; x_wconf 65' lang='lat' dir='ltr'>etc„</span> <span class='ocrx_word' id='word_1_175' title='bbox 739 1243 773 1272; x_wconf 90' lang='lat' dir='ltr'>in</span> <span class='ocrx_word' id='word_1_176' title='bbox 789 1242 957 1282; x_wconf 81' lang='lat' dir='ltr'>presencia</span> <span class='ocrx_word' id='word_1_177' title='bbox 973 1252 1042 1279; x_wconf 84' lang='lat' dir='ltr'>sua,</span> <span class='ocrx_word' id='word_1_178' title='bbox 1055 1242 1088 1271; x_wconf 90' lang='lat' dir='ltr'>in</span> <span class='ocrx_word' id='word_1_179' title='bbox 1107 1241 1268 1272; x_wconf 81' lang='lat' dir='ltr'>Oratoriis</span> <span class='ocrx_word' id='word_1_180' title='bbox 1285 1242 1508 1272; x_wconf 82' lang='lat' dir='ltr'>Maneriorum</span> <span class='ocrx_word' id='word_1_181' title='bbox 1526 1252 1664 1272; x_wconf 87' lang='lat' dir='ltr'>suorum</span> 
     </span>
     <span class='ocr_line' id='line_1_29' title="bbox 283 1284 1595 1325; baseline -0.002 -8"><span class='ocrx_word' id='word_1_182' title='bbox 283 1287 324 1317; x_wconf 88' lang='lat' dir='ltr'>de</span> <span class='ocrx_word' id='word_1_183' title='bbox 340 1287 482 1317; x_wconf 86' lang='lat' dir='ltr'>Yeltone</span> <span class='ocrx_word' id='word_1_184' title='bbox 501 1284 620 1325; x_wconf 80' lang='lat' dir='ltr'>[Ilton]</span> <span class='ocrx_word' id='word_1_185' title='bbox 636 1291 671 1316; x_wconf 87' lang='lat' dir='ltr'>et</span> <span class='ocrx_word' id='word_1_186' title='bbox 688 1285 1035 1324; x_wconf 64' lang='lat' dir='ltr'>Westportlemouthe</span> <span class='ocrx_word' id='word_1_187' title='bbox 1053 1295 1060 1321; x_wconf 91' lang='lat'>;</span> <span class='ocrx_word' id='word_1_188' title='bbox 1083 1285 1245 1324; x_wconf 79' lang='lat' dir='ltr'>quamdiu</span> <span class='ocrx_word' id='word_1_189' title='bbox 1264 1285 1407 1315; x_wconf 91' lang='lat' dir='ltr'>Domino</span> <span class='ocrx_word' id='word_1_190' title='bbox 1424 1285 1595 1324; x_wconf 76' lang='lat' dir='ltr'>placuerit.</span> 
     </span>
    </p>

    <p class='ocr_par' dir='ltr' id='par_1_13' title="bbox 240 1328 1665 1498">
     <span class='ocr_line' id='line_1_30' title="bbox 240 1328 1665 1369; baseline -0.001 -9"><span class='ocrx_word' id='word_1_191' title='bbox 240 1330 339 1368; x_wconf 86' lang='lat' dir='ltr'>Item,</span> <span class='ocrx_word' id='word_1_192' title='bbox 363 1330 454 1369; x_wconf 87' lang='lat' dir='ltr'>apud</span> <span class='ocrx_word' id='word_1_193' title='bbox 479 1329 572 1367; x_wconf 82' lang='lat' dir='ltr'>Clist,</span> <span class='ocrx_word' id='word_1_194' title='bbox 591 1329 673 1368; x_wconf 64' lang='lat' dir='ltr'>xjmo</span> <span class='ocrx_word' id='word_1_195' title='bbox 689 1329 752 1364; x_wconf 85' lang='lat' dir='ltr'>die,</span> <span class='ocrx_word' id='word_1_196' title='bbox 771 1329 935 1359; x_wconf 86' lang='lat' dir='ltr'>Dominus</span> <span class='ocrx_word' id='word_1_197' title='bbox 959 1328 1120 1358; x_wconf 72' lang='lat' dir='ltr'>concessit</span> <span class='ocrx_word' id='word_1_198' title='bbox 1145 1328 1330 1358; x_wconf 86' lang='lat' dir='ltr'>Lieenciam</span> <span class='ocrx_word' id='word_1_199' title='bbox 1355 1328 1498 1358; x_wconf 89' lang='lat' dir='ltr'>Domino</span> <span class='ocrx_word' id='word_1_200' title='bbox 1521 1328 1665 1358; x_wconf 85' lang='lat' dir='ltr'>Ricardo</span> 
     </span>
     <span class='ocr_line' id='line_1_31' title="bbox 285 1371 1663 1412; baseline -0.001 -9"><span class='ocrx_word' id='word_1_201' title='bbox 285 1373 463 1412; x_wconf 76' lang='lat' dir='ltr'>Sergeaux,</span> <span class='ocrx_word' id='word_1_202' title='bbox 481 1372 592 1409; x_wconf 77' lang='lat' dir='ltr'>Militi,</span> <span class='ocrx_word' id='word_1_203' title='bbox 610 1372 761 1408; x_wconf 84' lang='lat' dir='ltr'>faciendi,</span> <span class='ocrx_word' id='word_1_204' title='bbox 780 1375 856 1408; x_wconf 59' lang='lat' dir='ltr'>eto„</span> <span class='ocrx_word' id='word_1_205' title='bbox 875 1372 908 1402; x_wconf 91' lang='lat' dir='ltr'>in</span> <span class='ocrx_word' id='word_1_206' title='bbox 924 1371 1094 1410; x_wconf 82' lang='lat' dir='ltr'>presencia</span> <span class='ocrx_word' id='word_1_207' title='bbox 1110 1381 1170 1401; x_wconf 84' lang='lat' dir='ltr'>sua</span> <span class='ocrx_word' id='word_1_208' title='bbox 1186 1375 1220 1402; x_wconf 89' lang='lat' dir='ltr'>et</span> <span class='ocrx_word' id='word_1_209' title='bbox 1245 1371 1357 1401; x_wconf 82' lang='lat' dir='ltr'>uxoris</span> <span class='ocrx_word' id='word_1_210' title='bbox 1380 1381 1448 1409; x_wconf 87' lang='lat' dir='ltr'>sue,</span> <span class='ocrx_word' id='word_1_211' title='bbox 1466 1371 1500 1401; x_wconf 92' lang='lat' dir='ltr'>in</span> <span class='ocrx_word' id='word_1_212' title='bbox 1523 1371 1663 1411; x_wconf 85' lang='lat' dir='ltr'>singulis</span> 
     </span>
     <span class='ocr_line' id='line_1_32' title="bbox 285 1414 1663 1456; baseline -0.001 -9"><span class='ocrx_word' id='word_1_213' title='bbox 285 1416 428 1456; x_wconf 74' lang='lat' dir='ltr'>Cape-llis</span> <span class='ocrx_word' id='word_1_214' title='bbox 458 1416 526 1446; x_wconf 80' lang='lat' dir='ltr'>sive</span> <span class='ocrx_word' id='word_1_215' title='bbox 558 1415 719 1446; x_wconf 80' lang='lat' dir='ltr'>Oratoriis</span> <span class='ocrx_word' id='word_1_216' title='bbox 752 1415 976 1445; x_wconf 65' lang='lat' dir='ltr'>Manen-iorum</span> <span class='ocrx_word' id='word_1_217' title='bbox 1007 1425 1145 1445; x_wconf 85' lang='lat' dir='ltr'>suorum</span> <span class='ocrx_word' id='word_1_218' title='bbox 1183 1414 1217 1444; x_wconf 86' lang='lat' dir='ltr'>in</span> <span class='ocrx_word' id='word_1_219' title='bbox 1258 1414 1426 1444; x_wconf 82' lang='lat' dir='ltr'>Cornubia</span> <span class='ocrx_word' id='word_1_220' title='bbox 1458 1414 1663 1455; x_wconf 82' lang='lat' dir='ltr'>ubicumque</span> 
     </span>
     <span class='ocr_line' id='line_1_33' title="bbox 283 1459 808 1498; baseline -0.004 -8"><span class='ocrx_word' id='word_1_221' title='bbox 283 1459 528 1495; x_wconf 81' lang='lat' dir='ltr'>existencium;</span> <span class='ocrx_word' id='word_1_222' title='bbox 552 1459 725 1498; x_wconf 77' lang='lat' dir='ltr'>quamdiu,</span> <span class='ocrx_word' id='word_1_223' title='bbox 745 1462 808 1489; x_wconf 88' lang='lat' dir='ltr'>etc.</span> 
     </span>
    </p>

    <p class='ocr_par' dir='ltr' id='par_1_14' title="bbox 239 1500 1663 1672">
     <span class='ocr_line' id='line_1_34' title="bbox 239 1500 1663 1542; baseline -0.001 -9"><span class='ocrx_word' id='word_1_224' title='bbox 239 1503 337 1539; x_wconf 86' lang='lat' dir='ltr'>Item,</span> <span class='ocrx_word' id='word_1_225' title='bbox 370 1502 504 1540; x_wconf 87' lang='lat' dir='ltr'>ibidem,</span> <span class='ocrx_word' id='word_1_226' title='bbox 538 1502 584 1542; x_wconf 76' lang='lat' dir='ltr'>xij</span> <span class='ocrx_word' id='word_1_227' title='bbox 610 1502 673 1539; x_wconf 84' lang='lat' dir='ltr'>die,</span> <span class='ocrx_word' id='word_1_228' title='bbox 708 1502 870 1531; x_wconf 87' lang='lat' dir='ltr'>Dominus</span> <span class='ocrx_word' id='word_1_229' title='bbox 893 1500 1055 1531; x_wconf 81' lang='lat' dir='ltr'>concessit</span> <span class='ocrx_word' id='word_1_230' title='bbox 1080 1500 1267 1531; x_wconf 86' lang='lat' dir='ltr'>Licenciam</span> <span class='ocrx_word' id='word_1_231' title='bbox 1290 1500 1417 1531; x_wconf 85' lang='lat' dir='ltr'>Thome</span> <span class='ocrx_word' id='word_1_232' title='bbox 1441 1501 1604 1541; x_wconf 80' lang='lat' dir='ltr'>Pomeray</span> <span class='ocrx_word' id='word_1_233' title='bbox 1627 1505 1663 1532; x_wconf 91' lang='lat' dir='ltr'>et</span> 
     </span>
     <span class='ocr_line' id='line_1_35' title="bbox 279 1544 1661 1586; baseline -0.001 -10"><span class='ocrx_word' id='word_1_234' title='bbox 279 1546 358 1586; x_wconf 79' lang='lat' dir='ltr'>ejus</span> <span class='ocrx_word' id='word_1_235' title='bbox 375 1546 478 1583; x_wconf 82' lang='lat' dir='ltr'>uxori,</span> <span class='ocrx_word' id='word_1_236' title='bbox 496 1545 585 1585; x_wconf 87' lang='lat' dir='ltr'>quod</span> <span class='ocrx_word' id='word_1_237' title='bbox 603 1545 740 1583; x_wconf 83' lang='lat' dir='ltr'>possint,</span> <span class='ocrx_word' id='word_1_238' title='bbox 757 1548 831 1581; x_wconf 86' lang='lat' dir='ltr'>etc.,</span> <span class='ocrx_word' id='word_1_239' title='bbox 849 1544 882 1574; x_wconf 92' lang='lat' dir='ltr'>in</span> <span class='ocrx_word' id='word_1_240' title='bbox 900 1544 1070 1584; x_wconf 81' lang='lat' dir='ltr'>presencia</span> <span class='ocrx_word' id='word_1_241' title='bbox 1093 1544 1275 1574; x_wconf 84' lang='lat' dir='ltr'>eorundem</span> <span class='ocrx_word' id='word_1_242' title='bbox 1300 1554 1358 1574; x_wconf 86' lang='lat' dir='ltr'>seu</span> <span class='ocrx_word' id='word_1_243' title='bbox 1382 1554 1496 1575; x_wconf 81' lang='lat' dir='ltr'>eorum</span> <span class='ocrx_word' id='word_1_244' title='bbox 1513 1545 1661 1581; x_wconf 80' lang='lat' dir='ltr'>alterius,</span> 
     </span>
     <span class='ocr_line' id='line_1_36' title="bbox 283 1587 1662 1628; baseline -0.001 -8"><span class='ocrx_word' id='word_1_245' title='bbox 283 1590 317 1620; x_wconf 89' lang='lat' dir='ltr'>in</span> <span class='ocrx_word' id='word_1_246' title='bbox 337 1589 470 1628; x_wconf 80' lang='lat' dir='ltr'>Capella</span> <span class='ocrx_word' id='word_1_247' title='bbox 487 1588 626 1619; x_wconf 84' lang='lat' dir='ltr'>Manerii</span> <span class='ocrx_word' id='word_1_248' title='bbox 641 1588 791 1628; x_wconf 81' lang='lat' dir='ltr'>ipsorum</span> <span class='ocrx_word' id='word_1_249' title='bbox 808 1588 849 1618; x_wconf 87' lang='lat' dir='ltr'>de</span> <span class='ocrx_word' id='word_1_250' title='bbox 866 1587 1058 1625; x_wconf 87' lang='lat' dir='ltr'>Sandriche,</span> <span class='ocrx_word' id='word_1_251' title='bbox 1075 1587 1109 1617; x_wconf 89' lang='lat' dir='ltr'>in</span> <span class='ocrx_word' id='word_1_252' title='bbox 1127 1587 1287 1618; x_wconf 87' lang='lat' dir='ltr'>Parochia</span> <span class='ocrx_word' id='word_1_253' title='bbox 1310 1588 1351 1618; x_wconf 93' lang='lat' dir='ltr'>de</span> <span class='ocrx_word' id='word_1_254' title='bbox 1375 1587 1637 1628; x_wconf 83' lang='lat' dir='ltr'>Stokegabrielle</span> <span class='ocrx_word' id='word_1_255' title='bbox 1655 1599 1662 1626; x_wconf 90' lang='lat'>;</span> 
     </span>
     <span class='ocr_line' id='line_1_37' title="bbox 283 1632 537 1672; baseline -0.004 -9"><span class='ocrx_word' id='word_1_256' title='bbox 283 1632 453 1672; x_wconf 81' lang='lat' dir='ltr'>quamdiu,</span> <span class='ocrx_word' id='word_1_257' title='bbox 477 1634 537 1662; x_wconf 87' lang='lat' dir='ltr'>etc.</span> 
     </span>
    </p>

    <p class='ocr_par' dir='ltr' id='par_1_15' title="bbox 239 1673 1663 1801">
     <span class='ocr_line' id='line_1_38' title="bbox 239 1673 1663 1714; baseline -0.001 -7"><span class='ocrx_word' id='word_1_258' title='bbox 239 1677 339 1713; x_wconf 82' lang='lat' dir='ltr'>Item,</span> <span class='ocrx_word' id='word_1_259' title='bbox 355 1675 492 1712; x_wconf 84' lang='lat' dir='ltr'>ibidem,</span> <span class='ocrx_word' id='word_1_260' title='bbox 511 1674 591 1714; x_wconf 76' lang='lat' dir='ltr'>xviij</span> <span class='ocrx_word' id='word_1_261' title='bbox 610 1674 673 1711; x_wconf 83' lang='lat' dir='ltr'>die,</span> <span class='ocrx_word' id='word_1_262' title='bbox 693 1674 879 1704; x_wconf 79' lang='lat' dir='ltr'>Willelmus</span> <span class='ocrx_word' id='word_1_263' title='bbox 899 1674 1110 1711; x_wconf 81' lang='lat' dir='ltr'>Wollestone,</span> <span class='ocrx_word' id='word_1_264' title='bbox 1129 1673 1251 1704; x_wconf 81' lang='lat' dir='ltr'>Rector</span> <span class='ocrx_word' id='word_1_265' title='bbox 1268 1674 1413 1704; x_wconf 75' lang='lat' dir='ltr'>Ecclesie</span> <span class='ocrx_word' id='word_1_266' title='bbox 1429 1675 1471 1705; x_wconf 85' lang='lat' dir='ltr'>de</span> <span class='ocrx_word' id='word_1_267' title='bbox 1494 1674 1663 1705; x_wconf 83' lang='lat' dir='ltr'>Toustoke</span> 
     </span>
     <span class='ocr_line' id='line_1_39' title="bbox 283 1717 1662 1759; baseline -0.001 -10"><span class='ocrx_word' id='word_1_268' title='bbox 283 1718 329 1759; x_wconf 85' lang='lat' dir='ltr'>[T</span> <span class='ocrx_word' id='word_1_269' title='bbox 327 1718 480 1756; x_wconf 64' lang='lat' dir='ltr'>awstocch</span> <span class='ocrx_word' id='word_1_270' title='bbox 498 1718 618 1748; x_wconf 83' lang='lat' dir='ltr'>habuit</span> <span class='ocrx_word' id='word_1_271' title='bbox 635 1717 830 1755; x_wconf 89' lang='lat' dir='ltr'>Licenciam,</span> <span class='ocrx_word' id='word_1_272' title='bbox 848 1720 921 1755; x_wconf 76' lang='lat' dir='ltr'>etc,</span> <span class='ocrx_word' id='word_1_273' title='bbox 939 1717 973 1747; x_wconf 90' lang='lat' dir='ltr'>in</span> <span class='ocrx_word' id='word_1_274' title='bbox 992 1717 1126 1756; x_wconf 84' lang='lat' dir='ltr'>Capella</span> <span class='ocrx_word' id='word_1_275' title='bbox 1147 1717 1215 1747; x_wconf 79' lang='lat' dir='ltr'>sive</span> <span class='ocrx_word' id='word_1_276' title='bbox 1232 1717 1386 1748; x_wconf 86' lang='lat' dir='ltr'>Oratorio</span> <span class='ocrx_word' id='word_1_277' title='bbox 1402 1718 1491 1748; x_wconf 83' lang='lat' dir='ltr'>infra</span> <span class='ocrx_word' id='word_1_278' title='bbox 1516 1718 1662 1749; x_wconf 84' lang='lat' dir='ltr'>Rectori·</span> 
     </span>
     <span class='ocr_line' id='line_1_40' title="bbox 282 1760 1152 1801; baseline -0.003 -8"><span class='ocrx_word' id='word_1_279' title='bbox 282 1772 336 1793; x_wconf 82' lang='lat' dir='ltr'>am</span> <span class='ocrx_word' id='word_1_280' title='bbox 351 1772 446 1792; x_wconf 87' lang='lat' dir='ltr'>suam</span> <span class='ocrx_word' id='word_1_281' title='bbox 462 1762 504 1792; x_wconf 88' lang='lat' dir='ltr'>de</span> <span class='ocrx_word' id='word_1_282' title='bbox 520 1761 688 1792; x_wconf 83' lang='lat' dir='ltr'>Tonstoke</span> <span class='ocrx_word' id='word_1_283' title='bbox 705 1761 853 1801; x_wconf 83' lang='lat' dir='ltr'>predicta</span> <span class='ocrx_word' id='word_1_284' title='bbox 871 1771 878 1798; x_wconf 73' lang='grc' dir='ltr'><strong>ς</strong></span> <span class='ocrx_word' id='word_1_285' title='bbox 901 1760 1073 1801; x_wconf 77' lang='lat' dir='ltr'>quamdiu,</span> <span class='ocrx_word' id='word_1_286' title='bbox 1089 1764 1152 1791; x_wconf 89' lang='lat' dir='ltr'>etc.</span> 
     </span>
    </p>
   </div>
   <div class='ocr_carea' id='block_1_8' title="bbox 237 1817 693 1865">
    <p class='ocr_par' dir='ltr' id='par_1_16' title="bbox 237 1817 693 1865">
     <span class='ocr_line' id='line_1_41' title="bbox 237 1817 693 1865; baseline -0.004 -11"><span class='ocrx_word' id='word_1_287' title='bbox 237 1817 693 1865; x_wconf 79' lang='lat' dir='ltr'>Letters-Dimissory‚——</span> 
     </span>
    </p>
   </div>
   <div class='ocr_carea' id='block_1_9' title="bbox 238 1869 1663 1954">
    <p class='ocr_par' dir='ltr' id='par_1_17' title="bbox 238 1869 1663 1954">
     <span class='ocr_line' id='line_1_42' title="bbox 238 1869 1663 1952; baseline 0.001 -51"><span class='ocrx_word' id='word_1_288' title='bbox 238 1871 367 1952; x_wconf 40' lang='lat' dir='ltr'>ivsglsstler</span> <span class='ocrx_word' id='word_1_289' title='bbox 396 1870 577 1951; x_wconf 52' lang='lat' dir='ltr'>Tailoenssere),</span> <span class='ocrx_word' id='word_1_290' title='bbox 605 1869 802 1907; x_wconf 87' lang='lat' dir='ltr'>subdeacon,</span> <span class='ocrx_word' id='word_1_291' title='bbox 828 1869 902 1899; x_wconf 87' lang='lat' dir='ltr'>“ad</span> <span class='ocrx_word' id='word_1_292' title='bbox 935 1869 1075 1900; x_wconf 86' lang='lat' dir='ltr'>Ordines</span> <span class='ocrx_word' id='word_1_293' title='bbox 1098 1869 1303 1900; x_wconf 83' lang='lat' dir='ltr'>Diacouatus</span> <span class='ocrx_word' id='word_1_294' title='bbox 1327 1874 1361 1900; x_wconf 84' lang='lat' dir='ltr'>et</span> <span class='ocrx_word' id='word_1_295' title='bbox 1384 1870 1663 1902; x_wconf 81' lang='lat' dir='ltr'>Presbiteratus’&#39;</span> 
     </span>
     <span class='ocr_line' id='line_1_43' title="bbox 313 1915 586 1954; baseline -0.004 -10"><span class='ocrx_word' id='word_1_296' title='bbox 313 1915 323 1927; x_wconf 65' lang='grc'><em>“</em></span> <span class='ocrx_word' id='word_1_297' title='bbox 338 1919 404 1954; x_wconf 71' lang='lat' dir='ltr'>yst,</span> <span class='ocrx_word' id='word_1_298' title='bbox 448 1940 460 1944; x_wconf 67' lang='grc'><em>,</em></span> <span class='ocrx_word' id='word_1_299' title='bbox 515 1923 586 1944; x_wconf 88' lang='lat' dir='ltr'>ee..</span> 
     </span>
    </p>
   </div>
   <div class='ocr_carea' id='block_1_10' title="bbox 239 1967 1663 2320">
    <p class='ocr_par' dir='ltr' id='par_1_18' title="bbox 239 1967 1163 2016">
     <span class='ocr_line' id='line_1_44' title="bbox 239 1967 1163 2016; baseline -0.003 -11"><span class='ocrx_word' id='word_1_300' title='bbox 239 1969 294 2006; x_wconf 86' lang='lat' dir='ltr'>St.</span> <span class='ocrx_word' id='word_1_301' title='bbox 313 1967 646 2016; x_wconf 85' lang='lat' dir='ltr'>Columb-Ma-jor;</span> <span class='ocrx_word' id='word_1_302' title='bbox 678 1967 827 2003; x_wconf 75' lang='lat' dir='ltr'>Licence</span> <span class='ocrx_word' id='word_1_303' title='bbox 856 1974 892 2004; x_wconf 80' lang='lat' dir='ltr'>to</span> <span class='ocrx_word' id='word_1_304' title='bbox 920 1967 1163 2011; x_wconf 74' lang='lat' dir='ltr'>celebrate,—</span> 
     </span>
    </p>

    <p class='ocr_par' dir='ltr' id='par_1_19' title="bbox 240 2020 1663 2190">
     <span class='ocr_line' id='line_1_45' title="bbox 240 2020 1663 2061; baseline 0 -8"><span class='ocrx_word' id='word_1_305' title='bbox 240 2023 338 2059; x_wconf 81' lang='lat' dir='ltr'>Item,</span> <span class='ocrx_word' id='word_1_306' title='bbox 363 2022 497 2059; x_wconf 84' lang='lat' dir='ltr'>ibidem,</span> <span class='ocrx_word' id='word_1_307' title='bbox 515 2021 572 2061; x_wconf 82' lang='lat' dir='ltr'>xxj</span> <span class='ocrx_word' id='word_1_308' title='bbox 598 2021 661 2058; x_wconf 79' lang='lat' dir='ltr'>die,</span> <span class='ocrx_word' id='word_1_309' title='bbox 689 2021 854 2051; x_wconf 88' lang='lat' dir='ltr'>Dominus</span> <span class='ocrx_word' id='word_1_310' title='bbox 881 2020 1052 2052; x_wconf 84' lang='lat' dir='ltr'>Johannes</span> <span class='ocrx_word' id='word_1_311' title='bbox 1080 2021 1121 2050; x_wconf 88' lang='lat' dir='ltr'>de</span> <span class='ocrx_word' id='word_1_312' title='bbox 1145 2021 1346 2058; x_wconf 80' lang='lat' dir='ltr'>Tuvertone,</span> <span class='ocrx_word' id='word_1_313' title='bbox 1372 2022 1494 2052; x_wconf 85' lang='lat' dir='ltr'>Rector</span> <span class='ocrx_word' id='word_1_314' title='bbox 1517 2022 1663 2053; x_wconf 80' lang='lat' dir='ltr'>Ecclesie</span> 
     </span>
     <span class='ocr_line' id='line_1_46' title="bbox 283 2064 1662 2104; baseline 0 -8"><span class='ocrx_word' id='word_1_315' title='bbox 283 2066 405 2096; x_wconf 79' lang='lat' dir='ltr'>Sancte</span> <span class='ocrx_word' id='word_1_316' title='bbox 422 2065 585 2096; x_wconf 87' lang='lat' dir='ltr'>Columbe</span> <span class='ocrx_word' id='word_1_317' title='bbox 603 2064 748 2104; x_wconf 89' lang='lat' dir='ltr'>Majoris,</span> <span class='ocrx_word' id='word_1_318' title='bbox 760 2064 879 2094; x_wconf 85' lang='lat' dir='ltr'>habuit</span> <span class='ocrx_word' id='word_1_319' title='bbox 896 2064 1080 2094; x_wconf 83' lang='lat' dir='ltr'>Liceneiam</span> <span class='ocrx_word' id='word_1_320' title='bbox 1098 2064 1297 2101; x_wconf 82' lang='lat' dir='ltr'>celebrandi,</span> <span class='ocrx_word' id='word_1_321' title='bbox 1314 2065 1366 2095; x_wconf 67' lang='lat' dir='ltr'>vel</span> <span class='ocrx_word' id='word_1_322' title='bbox 1382 2065 1525 2096; x_wconf 83' lang='lat' dir='ltr'>faciendi</span> <span class='ocrx_word' id='word_1_323' title='bbox 1542 2066 1662 2096; x_wconf 69' lang='lat' dir='ltr'>Divina</span> 
     </span>
     <span class='ocr_line' id='line_1_47' title="bbox 282 2107 1663 2147; baseline 0.001 -9"><span class='ocrx_word' id='word_1_324' title='bbox 282 2108 450 2145; x_wconf 82' lang='lat' dir='ltr'>celebrari,</span> <span class='ocrx_word' id='word_1_325' title='bbox 479 2108 511 2138; x_wconf 92' lang='lat' dir='ltr'>in</span> <span class='ocrx_word' id='word_1_326' title='bbox 546 2107 682 2147; x_wconf 80' lang='lat' dir='ltr'>Capella</span> <span class='ocrx_word' id='word_1_327' title='bbox 713 2107 827 2138; x_wconf 84' lang='lat' dir='ltr'>Sancti</span> <span class='ocrx_word' id='word_1_328' title='bbox 857 2107 995 2144; x_wconf 82' lang='lat' dir='ltr'>Thome,</span> <span class='ocrx_word' id='word_1_329' title='bbox 1026 2107 1116 2137; x_wconf 84' lang='lat' dir='ltr'>infra</span> <span class='ocrx_word' id='word_1_330' title='bbox 1146 2107 1342 2138; x_wconf 87' lang='lat' dir='ltr'>Parochiam</span> <span class='ocrx_word' id='word_1_331' title='bbox 1365 2119 1470 2146; x_wconf 87' lang='lat' dir='ltr'>suam,</span> <span class='ocrx_word' id='word_1_332' title='bbox 1493 2109 1528 2139; x_wconf 91' lang='lat' dir='ltr'>in</span> <span class='ocrx_word' id='word_1_333' title='bbox 1554 2109 1663 2140; x_wconf 82' lang='lat' dir='ltr'>Festis</span> 
     </span>
     <span class='ocr_line' id='line_1_48' title="bbox 284 2150 1443 2190; baseline 0.001 -9"><span class='ocrx_word' id='word_1_334' title='bbox 284 2151 449 2182; x_wconf 79' lang='lat' dir='ltr'>Passionis</span> <span class='ocrx_word' id='word_1_335' title='bbox 465 2155 499 2181; x_wconf 89' lang='lat' dir='ltr'>et</span> <span class='ocrx_word' id='word_1_336' title='bbox 523 2150 764 2181; x_wconf 83' lang='lat' dir='ltr'>Translacionis</span> <span class='ocrx_word' id='word_1_337' title='bbox 781 2150 884 2189; x_wconf 85' lang='lat' dir='ltr'>ipsius</span> <span class='ocrx_word' id='word_1_338' title='bbox 903 2161 909 2187; x_wconf 89' lang='lat'>;</span> <span class='ocrx_word' id='word_1_339' title='bbox 933 2150 1093 2190; x_wconf 78' lang='lat' dir='ltr'>quamdiu</span> <span class='ocrx_word' id='word_1_340' title='bbox 1114 2151 1256 2181; x_wconf 89' lang='lat' dir='ltr'>Domino</span> <span class='ocrx_word' id='word_1_341' title='bbox 1272 2151 1443 2190; x_wconf 82' lang='lat' dir='ltr'>placuerit.</span> 
     </span>
    </p>

    <p class='ocr_par' dir='ltr' id='par_1_20' title="bbox 241 2193 1663 2320">
     <span class='ocr_line' id='line_1_49' title="bbox 241 2193 1663 2234; baseline 0.001 -9"><span class='ocrx_word' id='word_1_342' title='bbox 241 2195 340 2232; x_wconf 86' lang='lat' dir='ltr'>Item,</span> <span class='ocrx_word' id='word_1_343' title='bbox 359 2194 438 2234; x_wconf 79' lang='lat' dir='ltr'>xxvj</span> <span class='ocrx_word' id='word_1_344' title='bbox 463 2194 525 2231; x_wconf 75' lang='lat' dir='ltr'>die,</span> <span class='ocrx_word' id='word_1_345' title='bbox 550 2194 685 2231; x_wconf 80' lang='lat' dir='ltr'>ibidem,</span> <span class='ocrx_word' id='word_1_346' title='bbox 710 2194 874 2224; x_wconf 86' lang='lat' dir='ltr'>Dominus</span> <span class='ocrx_word' id='word_1_347' title='bbox 897 2193 1059 2224; x_wconf 82' lang='lat' dir='ltr'>concessit</span> <span class='ocrx_word' id='word_1_348' title='bbox 1085 2194 1221 2224; x_wconf 83' lang='lat' dir='ltr'>Claricie</span> <span class='ocrx_word' id='word_1_349' title='bbox 1245 2195 1453 2234; x_wconf 66' lang='lat' dir='ltr'>Greynevyle</span> <span class='ocrx_word' id='word_1_350' title='bbox 1478 2195 1663 2226; x_wconf 86' lang='lat' dir='ltr'>Licenciam</span> 
     </span>
     <span class='ocr_line' id='line_1_50' title="bbox 282 2236 1661 2277; baseline 0.001 -10"><span class='ocrx_word' id='word_1_351' title='bbox 282 2238 435 2275; x_wconf 77' lang='lat' dir='ltr'>faciendi,</span> <span class='ocrx_word' id='word_1_352' title='bbox 449 2242 526 2275; x_wconf 55' lang='lat' dir='ltr'>etc„</span> <span class='ocrx_word' id='word_1_353' title='bbox 544 2237 578 2267; x_wconf 91' lang='lat' dir='ltr'>in</span> <span class='ocrx_word' id='word_1_354' title='bbox 594 2237 764 2277; x_wconf 86' lang='lat' dir='ltr'>presencia</span> <span class='ocrx_word' id='word_1_355' title='bbox 780 2247 849 2274; x_wconf 86' lang='lat' dir='ltr'>sua,</span> <span class='ocrx_word' id='word_1_356' title='bbox 863 2237 897 2266; x_wconf 92' lang='lat' dir='ltr'>in</span> <span class='ocrx_word' id='word_1_357' title='bbox 915 2236 1049 2276; x_wconf 79' lang='lat' dir='ltr'>Capella</span> <span class='ocrx_word' id='word_1_358' title='bbox 1065 2236 1153 2266; x_wconf 82' lang='lat' dir='ltr'>infra</span> <span class='ocrx_word' id='word_1_359' title='bbox 1171 2238 1355 2267; x_wconf 83' lang='lat' dir='ltr'>Manerium</span> <span class='ocrx_word' id='word_1_360' title='bbox 1373 2248 1471 2268; x_wconf 88' lang='lat' dir='ltr'>suum</span> <span class='ocrx_word' id='word_1_361' title='bbox 1489 2238 1531 2268; x_wconf 89' lang='lat' dir='ltr'>de</span> <span class='ocrx_word' id='word_1_362' title='bbox 1546 2239 1661 2269; x_wconf 84' lang='lat' dir='ltr'>Ailles-</span> 
     </span>
     <span class='ocr_line' id='line_1_51' title="bbox 283 2280 1506 2320; baseline 0.001 -9"><span class='ocrx_word' id='word_1_363' title='bbox 283 2286 371 2318; x_wconf 84' lang='lat' dir='ltr'>tone,</span> <span class='ocrx_word' id='word_1_364' title='bbox 389 2281 423 2311; x_wconf 91' lang='lat' dir='ltr'>in</span> <span class='ocrx_word' id='word_1_365' title='bbox 449 2280 606 2310; x_wconf 82' lang='lat' dir='ltr'>Parochia</span> <span class='ocrx_word' id='word_1_366' title='bbox 631 2280 673 2310; x_wconf 93' lang='lat' dir='ltr'>de</span> <span class='ocrx_word' id='word_1_367' title='bbox 691 2280 971 2316; x_wconf 78' lang='lat' dir='ltr'>Chnrchestowe;</span> <span class='ocrx_word' id='word_1_368' title='bbox 995 2280 1154 2319; x_wconf 87' lang='lat' dir='ltr'>quamdiu</span> <span class='ocrx_word' id='word_1_369' title='bbox 1173 2280 1317 2310; x_wconf 87' lang='lat' dir='ltr'>Domino</span> <span class='ocrx_word' id='word_1_370' title='bbox 1333 2281 1506 2320; x_wconf 83' lang='lat' dir='ltr'>placuerit.</span> 
     </span>
    </p>
   </div>
   <div class='ocr_carea' id='block_1_11' title="bbox 240 2339 1666 2650">
    <p class='ocr_par' dir='ltr' id='par_1_21' title="bbox 240 2339 1199 2389">
     <span class='ocr_line' id='line_1_52' title="bbox 240 2339 1199 2389; baseline -0.002 -12"><span class='ocrx_word' id='word_1_371' title='bbox 240 2341 501 2389; x_wconf 82' lang='lat' dir='ltr'>Illegitimacy</span> <span class='ocrx_word' id='word_1_372' title='bbox 518 2353 527 2386; x_wconf 88' lang='lat'>;</span> <span class='ocrx_word' id='word_1_373' title='bbox 556 2340 806 2387; x_wconf 75' lang='lat' dir='ltr'>Dispensacz&#39;o</span> <span class='ocrx_word' id='word_1_374' title='bbox 825 2353 910 2376; x_wconf 82' lang='lat' dir='ltr'>cum</span> <span class='ocrx_word' id='word_1_375' title='bbox 930 2339 1199 2387; x_wconf 43' lang='lat' dir='ltr'>ille-citiam,—</span> 
     </span>
    </p>

    <p class='ocr_par' dir='ltr' id='par_1_22' title="bbox 240 2393 1666 2562">
     <span class='ocr_line' id='line_1_53' title="bbox 240 2393 1664 2433; baseline 0.001 -9"><span class='ocrx_word' id='word_1_376' title='bbox 240 2395 280 2425; x_wconf 87' lang='lat' dir='ltr'>In</span> <span class='ocrx_word' id='word_1_377' title='bbox 310 2395 429 2424; x_wconf 79' lang='lat' dir='ltr'>favour</span> <span class='ocrx_word' id='word_1_378' title='bbox 457 2395 492 2424; x_wconf 77' lang='lat' dir='ltr'>of</span> <span class='ocrx_word' id='word_1_379' title='bbox 518 2394 662 2424; x_wconf 81' lang='lat' dir='ltr'>Thomas</span> <span class='ocrx_word' id='word_1_380' title='bbox 687 2393 782 2433; x_wconf 71' lang='lat' dir='ltr'>Galy,</span> <span class='ocrx_word' id='word_1_381' title='bbox 805 2393 935 2423; x_wconf 80' lang='lat' dir='ltr'>scholar</span> <span class='ocrx_word' id='word_1_382' title='bbox 960 2393 1026 2423; x_wconf 88' lang='lat' dir='ltr'>and</span> <span class='ocrx_word' id='word_1_383' title='bbox 1051 2393 1261 2431; x_wconf 51' lang='lat' dir='ltr'>litterata—‘²</span> <span class='ocrx_word' id='word_1_384' title='bbox 1274 2394 1316 2423; x_wconf 91' lang='lat' dir='ltr'>de</span> <span class='ocrx_word' id='word_1_385' title='bbox 1339 2393 1449 2424; x_wconf 87' lang='lat' dir='ltr'>soluto</span> <span class='ocrx_word' id='word_1_386' title='bbox 1471 2395 1606 2433; x_wconf 83' lang='lat' dir='ltr'>genitus</span> <span class='ocrx_word' id='word_1_387' title='bbox 1629 2398 1664 2426; x_wconf 82' lang='lat' dir='ltr'>et</span> 
     </span>
     <span class='ocr_line' id='line_1_54' title="bbox 285 2436 1665 2478; baseline 0.001 -11"><span class='ocrx_word' id='word_1_388' title='bbox 285 2438 394 2468; x_wconf 83' lang='lat' dir='ltr'>soluta</span> <span class='ocrx_word' id='word_1_389' title='bbox 408 2437 425 2448; x_wconf 82' lang='lat'>’⁷</span> <span class='ocrx_word' id='word_1_390' title='bbox 445 2437 522 2475; x_wconf 89' lang='lat' dir='ltr'>(sub</span> <span class='ocrx_word' id='word_1_391' title='bbox 538 2437 617 2466; x_wconf 72' lang='lat' dir='ltr'>data</span> <span class='ocrx_word' id='word_1_392' title='bbox 635 2436 807 2473; x_wconf 79' lang='lat' dir='ltr'>Avinione,</span> <span class='ocrx_word' id='word_1_393' title='bbox 825 2436 994 2466; x_wconf 81' lang='lat' dir='ltr'>Kalendas</span> <span class='ocrx_word' id='word_1_394' title='bbox 1013 2436 1098 2473; x_wconf 83' lang='lat' dir='ltr'>Maii,</span> <span class='ocrx_word' id='word_1_395' title='bbox 1117 2436 1337 2467; x_wconf 80' lang='lat' dir='ltr'>Pontificatus</span> <span class='ocrx_word' id='word_1_396' title='bbox 1361 2437 1497 2467; x_wconf 88' lang='lat' dir='ltr'>Domini</span> <span class='ocrx_word' id='word_1_397' title='bbox 1514 2439 1665 2478; x_wconf 85' lang='lat' dir='ltr'>Gregorii</span> 
     </span>
     <span class='ocr_line' id='line_1_55' title="bbox 286 2479 1666 2521; baseline 0.001 -11"><span class='ocrx_word' id='word_1_398' title='bbox 286 2481 374 2520; x_wconf 82' lang='lat' dir='ltr'>Pape</span> <span class='ocrx_word' id='word_1_399' title='bbox 396 2480 574 2511; x_wconf 66' lang='lat' dir='ltr'>Undecimi</span> <span class='ocrx_word' id='word_1_400' title='bbox 603 2483 701 2510; x_wconf 80' lang='lat' dir='ltr'>Anno</span> <span class='ocrx_word' id='word_1_401' title='bbox 724 2480 859 2519; x_wconf 81' lang='lat' dir='ltr'>quarto)</span> <span class='ocrx_word' id='word_1_402' title='bbox 879 2490 886 2513; x_wconf 70' lang='grc' dir='ltr'>ς</span> <span class='ocrx_word' id='word_1_403' title='bbox 921 2484 956 2509; x_wconf 90' lang='lat' dir='ltr'>et</span> <span class='ocrx_word' id='word_1_404' title='bbox 988 2479 1135 2509; x_wconf 85' lang='lat' dir='ltr'>Primam</span> <span class='ocrx_word' id='word_1_405' title='bbox 1159 2479 1344 2510; x_wconf 85' lang='lat' dir='ltr'>Tonsuram</span> <span class='ocrx_word' id='word_1_406' title='bbox 1368 2480 1493 2510; x_wconf 85' lang='lat' dir='ltr'>ibidem</span> <span class='ocrx_word' id='word_1_407' title='bbox 1516 2482 1666 2521; x_wconf 73' lang='lat' dir='ltr'>optinuit</span> 
     </span>
     <span class='ocr_line' id='line_1_56' title="bbox 283 2522 947 2562; baseline -0.002 -9"><span class='ocrx_word' id='word_1_408' title='bbox 283 2523 325 2553; x_wconf 87' lang='lat' dir='ltr'>ab</span> <span class='ocrx_word' id='word_1_409' title='bbox 342 2523 459 2554; x_wconf 90' lang='lat' dir='ltr'>eodem</span> <span class='ocrx_word' id='word_1_410' title='bbox 473 2523 490 2534; x_wconf 84' lang='lat'>&#39;⁷</span> <span class='ocrx_word' id='word_1_411' title='bbox 515 2523 634 2562; x_wconf 72' lang='lat' dir='ltr'>(clyst,</span> <span class='ocrx_word' id='word_1_412' title='bbox 653 2524 693 2553; x_wconf 80' lang='lat'>23</span> <span class='ocrx_word' id='word_1_413' title='bbox 711 2522 813 2559; x_wconf 67' lang='lat' dir='ltr'>Dec).</span> <span class='ocrx_word' id='word_1_414' title='bbox 859 2522 947 2560; x_wconf 88' lang='lat' dir='ltr'>Also,</span> 
     </span>
    </p>

    <p class='ocr_par' dir='ltr' id='par_1_23' title="bbox 241 2565 1665 2650">
     <span class='ocr_line' id='line_1_57' title="bbox 241 2565 1665 2607; baseline 0.001 -10"><span class='ocrx_word' id='word_1_415' title='bbox 241 2567 280 2597; x_wconf 92' lang='lat' dir='ltr'>In</span> <span class='ocrx_word' id='word_1_416' title='bbox 304 2567 424 2597; x_wconf 78' lang='lat' dir='ltr'>favour</span> <span class='ocrx_word' id='word_1_417' title='bbox 445 2566 480 2596; x_wconf 75' lang='lat' dir='ltr'>of</span> <span class='ocrx_word' id='word_1_418' title='bbox 503 2566 630 2596; x_wconf 82' lang='lat' dir='ltr'>Walter</span> <span class='ocrx_word' id='word_1_419' title='bbox 653 2565 749 2605; x_wconf 72' lang='lat' dir='ltr'>Galy,</span> <span class='ocrx_word' id='word_1_420' title='bbox 775 2565 955 2595; x_wconf 77' lang='lat' dir='ltr'>“Primam</span> <span class='ocrx_word' id='word_1_421' title='bbox 979 2565 1165 2595; x_wconf 84' lang='lat' dir='ltr'>Tonsuram</span> <span class='ocrx_word' id='word_1_422' title='bbox 1188 2565 1342 2601; x_wconf 85' lang='lat' dir='ltr'>habente,</span> <span class='ocrx_word' id='word_1_423' title='bbox 1359 2566 1401 2596; x_wconf 90' lang='lat' dir='ltr'>de</span> <span class='ocrx_word' id='word_1_424' title='bbox 1424 2566 1535 2598; x_wconf 83' lang='lat' dir='ltr'>soluto</span> <span class='ocrx_word' id='word_1_425' title='bbox 1550 2567 1665 2607; x_wconf 88' lang='lat' dir='ltr'>genito</span> 
     </span>
     <span class='ocr_line' id='line_1_58' title="bbox 284 2608 1576 2650; baseline 0.001 -10"><span class='ocrx_word' id='word_1_426' title='bbox 284 2614 318 2640; x_wconf 87' lang='lat' dir='ltr'>et</span> <span class='ocrx_word' id='word_1_427' title='bbox 334 2610 445 2640; x_wconf 79' lang='lat' dir='ltr'>soluta</span> <span class='ocrx_word' id='word_1_428' title='bbox 457 2610 474 2621; x_wconf 79' lang='lat'>&#39;²</span> <span class='ocrx_word' id='word_1_429' title='bbox 496 2609 600 2647; x_wconf 84' lang='lat' dir='ltr'>(same</span> <span class='ocrx_word' id='word_1_430' title='bbox 617 2608 736 2646; x_wconf 85' lang='lat' dir='ltr'>dates).</span> <span class='ocrx_word' id='word_1_431' title='bbox 783 2609 836 2638; x_wconf 90' lang='lat' dir='ltr'>He</span> <span class='ocrx_word' id='word_1_432' title='bbox 853 2618 918 2638; x_wconf 77' lang='lat' dir='ltr'>was</span> <span class='ocrx_word' id='word_1_433' title='bbox 933 2608 1094 2638; x_wconf 84' lang='lat' dir='ltr'>ordained</span> <span class='ocrx_word' id='word_1_434' title='bbox 1109 2608 1246 2638; x_wconf 86' lang='lat' dir='ltr'>accolite</span> <span class='ocrx_word' id='word_1_435' title='bbox 1261 2619 1304 2638; x_wconf 88' lang='lat' dir='ltr'>on</span> <span class='ocrx_word' id='word_1_436' title='bbox 1321 2608 1380 2639; x_wconf 91' lang='lat' dir='ltr'>the</span> <span class='ocrx_word' id='word_1_437' title='bbox 1396 2619 1486 2640; x_wconf 86' lang='lat' dir='ltr'>same</span> <span class='ocrx_word' id='word_1_438' title='bbox 1502 2610 1576 2650; x_wconf 65' lang='lat' dir='ltr'>day.</span> 
     </span>
    </p>
   </div>
   <div class='ocr_carea' id='block_1_12' title="bbox 239 2667 1666 2848">
    <p class='ocr_par' dir='ltr' id='par_1_24' title="bbox 244 2667 1208 2716">
     <span class='ocr_line' id='line_1_59' title="bbox 244 2667 1208 2716; baseline -0.002 -11"><span class='ocrx_word' id='word_1_439' title='bbox 244 2669 387 2713; x_wconf 87' lang='lat' dir='ltr'>Pilton,</span> <span class='ocrx_word' id='word_1_440' title='bbox 411 2669 544 2705; x_wconf 88' lang='lat' dir='ltr'>House</span> <span class='ocrx_word' id='word_1_441' title='bbox 565 2668 626 2704; x_wconf 85' lang='lat' dir='ltr'>for</span> <span class='ocrx_word' id='word_1_442' title='bbox 644 2668 771 2716; x_wconf 85' lang='lat' dir='ltr'>lepers</span> <span class='ocrx_word' id='word_1_443' title='bbox 792 2672 858 2713; x_wconf 80' lang='lat' dir='ltr'>at;</span> <span class='ocrx_word' id='word_1_444' title='bbox 885 2667 1208 2715; x_wconf 73' lang='lat' dir='ltr'>Indulyencia‚—-</span> 
     </span>
    </p>

    <p class='ocr_par' dir='ltr' id='par_1_25' title="bbox 239 2721 1666 2848">
     <span class='ocr_line' id='line_1_60' title="bbox 239 2721 1663 2763; baseline 0.001 -11"><span class='ocrx_word' id='word_1_445' title='bbox 239 2723 336 2760; x_wconf 87' lang='lat' dir='ltr'>Item,</span> <span class='ocrx_word' id='word_1_446' title='bbox 362 2732 450 2752; x_wconf 88' lang='lat' dir='ltr'>nono</span> <span class='ocrx_word' id='word_1_447' title='bbox 473 2721 526 2751; x_wconf 90' lang='lat' dir='ltr'>die</span> <span class='ocrx_word' id='word_1_448' title='bbox 549 2721 710 2757; x_wconf 73' lang='lat' dir='ltr'>Januarii,</span> <span class='ocrx_word' id='word_1_449' title='bbox 735 2721 899 2751; x_wconf 89' lang='lat' dir='ltr'>Dominus</span> <span class='ocrx_word' id='word_1_450' title='bbox 922 2721 1085 2751; x_wconf 86' lang='lat' dir='ltr'>concessit</span> <span class='ocrx_word' id='word_1_451' title='bbox 1110 2721 1362 2761; x_wconf 83' lang='lat' dir='ltr'>Indulgenciam</span> <span class='ocrx_word' id='word_1_452' title='bbox 1386 2723 1541 2754; x_wconf 80' lang='lat' dir='ltr'>omnibus</span> <span class='ocrx_word' id='word_1_453' title='bbox 1571 2734 1663 2763; x_wconf 87' lang='lat' dir='ltr'>paro-</span> 
     </span>
     <span class='ocr_line' id='line_1_61' title="bbox 283 2764 1666 2807; baseline 0.001 -12"><span class='ocrx_word' id='word_1_454' title='bbox 283 2765 409 2795; x_wconf 86' lang='lat' dir='ltr'>chianis</span> <span class='ocrx_word' id='word_1_455' title='bbox 425 2765 503 2802; x_wconf 86' lang='lat' dir='ltr'>suis,</span> <span class='ocrx_word' id='word_1_456' title='bbox 519 2768 593 2802; x_wconf 86' lang='lat' dir='ltr'>etc.,</span> <span class='ocrx_word' id='word_1_457' title='bbox 611 2764 669 2804; x_wconf 89' lang='lat' dir='ltr'>qui</span> <span class='ocrx_word' id='word_1_458' title='bbox 685 2764 727 2794; x_wconf 86' lang='lat' dir='ltr'>ad</span> <span class='ocrx_word' id='word_1_459' title='bbox 743 2764 1027 2794; x_wconf 86' lang='lat' dir='ltr'>sustentacionem</span> <span class='ocrx_word' id='word_1_460' title='bbox 1044 2774 1229 2803; x_wconf 87' lang='lat' dir='ltr'>pauperum</span> <span class='ocrx_word' id='word_1_461' title='bbox 1243 2765 1466 2805; x_wconf 90' lang='lat' dir='ltr'>Leprosorum</span> <span class='ocrx_word' id='word_1_462' title='bbox 1480 2767 1666 2807; x_wconf 80' lang='lat' dir='ltr'>Hospitalis</span> 
     </span>
     <span class='ocr_line' id='line_1_62' title="bbox 287 2806 1665 2848; baseline 0.002 -10"><span class='ocrx_word' id='word_1_463' title='bbox 287 2808 409 2839; x_wconf 82' lang='lat' dir='ltr'>Sancte</span> <span class='ocrx_word' id='word_1_464' title='bbox 437 2808 635 2847; x_wconf 66' lang='lat' dir='ltr'>Margarete,</span> <span class='ocrx_word' id='word_1_465' title='bbox 663 2807 705 2837; x_wconf 89' lang='lat' dir='ltr'>de</span> <span class='ocrx_word' id='word_1_466' title='bbox 735 2807 878 2846; x_wconf 85' lang='lat' dir='ltr'>Piltone,</span> <span class='ocrx_word' id='word_1_467' title='bbox 910 2811 945 2837; x_wconf 86' lang='lat' dir='ltr'>et</span> <span class='ocrx_word' id='word_1_468' title='bbox 975 2806 1017 2837; x_wconf 88' lang='lat' dir='ltr'>ad</span> <span class='ocrx_word' id='word_1_469' title='bbox 1047 2807 1303 2846; x_wconf 84' lang='lat' dir='ltr'>reparacionem,</span> <span class='ocrx_word' id='word_1_470' title='bbox 1341 2809 1569 2848; x_wconf 77' lang='lat' dir='ltr'>refeccionem,</span> <span class='ocrx_word' id='word_1_471' title='bbox 1607 2820 1665 2841; x_wconf 85' lang='lat' dir='ltr'>seu</span> 
     </span>
    </p>
   </div>
  </div>
 </body>
</html>
