1987 3062
115 339 189 365 A.D.

114 372 188 398 1377.

116 406 178 432 Vol.
195 406 218 433 I.

437 235 723 269 REGISTRUM
761 233 1219 268 COMMUNE-——ANNO
1258 223 1317 266 8⁰.
1555 222 1648 265 385

221 342 275 379 St.
311 341 425 392 Tudy
460 339 612 394 [Sancti
647 341 775 387 Tudii,
812 339 941 394 MS.];
985 341 1133 379 Master
1165 341 1338 378 William
1378 340 1643 385 Todeworthe,

298 416 392 441 t.,—-

225 450 241 464 “
256 449 440 481 Licenciam
457 450 632 490 specialem
656 450 841 480 honorabili
865 451 944 487 viro,
970 449 1130 489 Magistro
1147 449 1314 480 Willelmo
1337 447 1566 484 Todeworthe,
1586 447 1644 478 Le-

262 503 342 532 gum
361 494 505 532 Doctori,
523 496 600 526 etc..
617 494 707 534 quod
723 494 884 533 quamdiu
908 494 1043 524 steterit
1059 493 1091 524 in
1110 492 1225 524 Officio
1249 492 1412 523 Advocati
1427 492 1461 522 iu
1480 492 1581 522 Curia
1604 491 1645 521 de

263 537 417 567 Arcubus
434 537 692 573 Londoniarum,
709 537 797 577 quod
815 537 919 576 possit
935 547 969 567 se
985 547 1003 566 a
1020 536 1109 567 dicta
1125 546 1184 566 sua
1198 536 1342 566 Ecclesia
1354 536 1539 574 absentare,
1556 535 1644 565 fruc-

265 583 388 620 tusque
404 583 438 611 et
456 584 637 620 proventus
654 581 806 620 ejusdem
822 581 952 619 integre
968 580 1137 619 percipere
1153 582 1188 610 et
1204 579 1335 618 habere,
1360 589 1397 609 ac
1420 579 1447 609 si
1470 579 1503 609 in
1528 578 1644 608 eadem

264 624 482 662 personaliter
505 624 687 661 resideret3
712 624 923 663 presentibus
948 623 1117 662 Magistris
1141 623 1183 654 H.
1203 622 1417 662 Hickelynge,
1443 621 1646 653 Cancellario

264 667 366 706 ipsius
386 667 527 705 Domini,
552 678 589 698 ac
613 668 793 698 Edmundo
817 667 858 697 de
884 667 1124 704 Malmeshusse,
1152 666 1355 706 Registrario
1372 665 1533 706 ejusdem,
1551 665 1644 696 testi-

265 711 326 740 bus
343 711 384 741 ad
401 711 560 750 premissa
574 711 592 722 ”
610 711 770 749 (London,
789 712 828 741 20
846 710 952 749 Dec.).

114 764 187 806 ‘³2¹2-
225 766 495 812 Confessions;
524 766 586 803 Ad
605 766 868 803 absolvendum
890 766 933 802 in
952 765 1098 801 casibus
1119 763 1382 809 reservatis,—

112 799 206 824 1311-80

114 819 214 864 Jmus
228 819 325 859 Item,
342 819 476 857 ibidem,
494 823 589 850 sexto
605 820 658 850 die
675 819 797 850 mensis
814 819 976 857 Jannarii,
1002 818 1166 849 Dominus
1189 818 1351 848 concessit:
1376 817 1561 848 Licenciam
1579 816 1645 846 Do-

116 873 216 891 ARIUS.

270 863 360 893 mino
376 863 502 893 Thome
520 863 739 903 Stayndrope,
759 863 952 903 presbitero,
970 862 1100 892 Rectori
1117 862 1261 892 Ecclesie
1276 861 1475 891 Parochialis
1492 861 1533 891 de
1546 859 1645 891 Park-

266 906 352 938 ham.
370 906 459 946 quod
476 910 552 937 cum
564 917 698 946 presens
709 907 820 944 fuerit,
835 907 914 937 etin
929 916 987 936 sua
1000 905 1151 936 absencia
1165 916 1223 944 per
1236 905 1452 944 Capelianum
1467 905 1647 944 ydoneum,

265 960 323 989 per
339 950 448 988 ipsum
465 950 505 980 ad
524 950 585 980 hoe
608 950 796 990 specialiter
819 949 1060 989 deputandum,
1086 948 1301 988 parochianos
1324 948 1413 979 dicte
1438 947 1582 978 Ecclesia
1606 947 1648 977 de

267 993 431 1023 Parkham
449 993 490 1023 ad
509 994 759 1024 Confessionem
776 994 808 1023 in
828 993 899 1023 soro
922 993 1032 1023 anime
1055 992 1237 1023 admittere
1253 995 1288 1022 et
1304 992 1421 1022 audire
1437 991 1582 1028 valeant,
1599 990 1645 1030 ip-

267 1036 377 1075 sisque
396 1037 557 1067 universis
573 1040 607 1068 et
624 1037 762 1077 singulis
786 1037 948 1067 salutares
972 1036 1176 1076 penitencias
1199 1036 1376 1076 injungere
1392 1046 1398 1073 ;
1422 1045 1560 1072 necnon,
1579 1044 1646 1064 eos-

266 1081 340 1110 dem
358 1080 527 1111 absolvere
544 1081 577 1111 in
596 1081 725 1111 casibus
742 1080 885 1111 Domino
900 1080 1077 1110 reservatis
1095 1079 1171 1118 (eta,
1189 1079 1224 1109 in
1241 1079 1290 1109 tlte
1306 1089 1445 1109 common
1455 1078 1555 1118 form,
1573 1076 1649 1107 with

264 1125 313 1154 the
329 1128 508 1164 customary
524 1124 710 1164 exceptione)
727 1135 735 1161 3
760 1124 921 1164 quamdiu
941 1123 1084 1154 Domino
1101 1123 1264 1163 placuerit
1288 1121 1525 1153 tantummodo
1548 1121 1646 1151 dura-

264 1169 387 1198 turam.

223 1222 355 1270 Meeth
378 1220 540 1273 [Methe,
564 1220 688 1274 MS.];
719 1222 871 1260 Walter
891 1222 1025 1267 Gibbe,
1049 1222 1221 1267 accolite,
1246 1222 1361 1267 R„—

226 1275 478 1314 Dispensationz
504 1277 755 1307 non-residence
779 1277 831 1307 for
854 1287 872 1306 a
896 1287 982 1317 year,
1002 1279 1036 1307 to
1060 1276 1164 1315 study
1187 1278 1223 1306 at
1248 1275 1465 1313 Oxf01-d,etc.
1484 1273 1648 1312 (London,

267 1320 305 1349 15
323 1320 423 1358 dan).
472 1321 523 1350 He
547 1331 611 1350 was
636 1324 696 1351 not
718 1320 873 1359 required
897 1324 932 1350 to
955 1319 1095 1359 proceed
1118 1319 1250 1359 beyond
1275 1318 1499 1350 Subdeacon’s
1515 1317 1648 1356 Orders,

265 1362 382 1393 within
407 1374 425 1393 a
448 1373 527 1403 year
550 1364 638 1394 after
661 1364 711 1394 his
735 1363 915 1394 admission
940 1367 975 1394 to
998 1363 1049 1393 his
1074 1362 1225 1393 Benefice
1249 1362 1281 1401 <4
1299 1362 1403 1402 April,
1424 1361 1530 1400 1377).

222 1416 389 1465 Oratory
408 1430 416 1463 ς
449 1417 610 1454 General
630 1418 781 1454 Licence
803 1425 838 1454 to
858 1418 1101 1463 celebrate,—

223 1470 320 1507 ltem,
338 1470 471 1509 ibidem,
490 1471 562 1501 xixo
586 1471 647 1506 die,
674 1472 837 1502 Dominus
860 1471 1021 1501 concessit
1046 1470 1232 1501 Licenciam
1258 1470 1371 1501 Nobili
1387 1470 1477 1507 Viro,
1503 1469 1648 1499 Domino

265 1513 410 1544 Johanni
429 1515 604 1552 Prideaux,
623 1515 732 1553 Militi,
750 1518 785 1546 et
810 1514 1003 1545 Elizabethe
1026 1514 1100 1554 ejus
1124 1514 1228 1551 uxori,
1247 1514 1336 1553 quod
1361 1513 1498 1553 possint,
1516 1515 1588 1550 etc„
1614 1512 1648 1543 in

265 1557 442 1596 presencia,
471 1562 544 1595 etc.,
573 1559 605 1588 in
634 1558 773 1597 singulis
802 1558 944 1598 Capellis
971 1558 1039 1588 sive
1064 1557 1225 1588 Oratoriis
1251 1557 1476 1587 Maneriorum
1508 1566 1646 1586 suorum

262 1600 465 1641 ubicumque
483 1601 571 1632 infra
588 1602 753 1632 Diocesim
768 1602 892 1632 Exonie
907 1602 1111 1632 sitnatorum
1127 1611 1134 1639 3
1151 1601 1312 1641 quamdiu
1328 1600 1470 1631 Domino
1484 1599 1647 1640 placuerit

261 1643 469 1676 duraturam.

217 1697 271 1734 St.
296 1698 730 1746 Mawgan-in-Kerrier3
760 1699 909 1736 Master
927 1698 1030 1736 John
1053 1698 1272 1749 Landreyn,
1297 1698 1411 1744 R,—

218 1751 355 1782 Iiicence
383 1753 417 1783 of
444 1754 695 1784 non-residence
720 1754 772 1783 for
799 1764 816 1784 a
844 1763 932 1794 year,
962 1753 1278 1792 “contemplacione
1309 1752 1461 1792 Magistri
1488 1751 1647 1782 Willelmi

261 1795 471 1834 Cherletone,
490 1797 579 1836 quod
596 1797 700 1836 possit
724 1800 813 1827 stare
837 1807 912 1827 cum
939 1796 1098 1836 Magistro
1122 1797 1278 1827 Umfrido
1303 1796 1513 1835 Cherletone,
1531 1795 1646 1825 Archi-

260 1838 397 1869 diacono
415 1840 661 1878 Richemondie,
679 1840 858 1878 infirmato,
876 1850 936 1879 pro
953 1840 1116 1870 medicina
1133 1840 1295 1881 corporali
1311 1839 1501 1870 adhibenda
1524 1838 1642 1877 eidem,

260 1883 330 1922 ipsa
347 1883 544 1914 infirmitate
561 1888 719 1914 causante
738 1885 753 1895 ’¹
774 1884 937 1923 (Londou,
956 1885 995 1914 23
1013 1884 1112 1922 dau).

215 1940 361 1991 Chapel
384 1943 424 1979 of
444 1943 639 1980 Mai-azion
658 1957 667 1990 3
697 1944 849 1981 Licence
871 1949 906 1980 to
927 1943 1171 1987 celebrate,—

217 1995 314 2034 Item,
332 1996 466 2033 ibidem,
485 1998 589 2037 xxviij
615 1998 677 2035 die,
696 1998 861 2028 Dominus
884 1997 1046 2028 concessit
1072 1996 1256 2027 Licenciam
1278 1996 1408 2027 villanis
1425 1996 1642 2028 inhabitanti-

259 2039 321 2069 bus
339 2040 460 2070 Villam
485 2040 526 2071 de
550 2041 807 2081 Marghesyewe,
832 2041 865 2071 in
893 2041 1069 2079 Cwnubia,
1087 2041 1175 2080 quod
1201 2040 1330 2080 possint
1353 2040 1461 2071 facere
1485 2039 1644 2070 celebrari

263 2082 393 2121 Divina,
411 2088 486 2117 etc..
505 2084 538 2114 in
557 2085 691 2124 Capella
707 2084 748 2115 de
765 2085 797 2114 M
801 2084 1010 2124 arghesyewe
1028 2084 1186 2124 predicta,
1204 2084 1292 2114 infra
1316 2084 1511 2114 Parochiam
1529 2084 1644 2115 Sancti

261 2126 393 2157 Hillarii
416 2127 567 2165 situata;
599 2138 659 2168 per
683 2138 787 2158 unum
812 2138 939 2158 annum
964 2127 1173 2158 duraturam.

110 2181 183 2207 ΓΕΒ·
217 2185 414 2231 Tiverton,
437 2187 503 2224 the
526 2187 742 2224 Prebendal
764 2187 921 2225 Ohurch
942 2187 982 2224 of
998 2199 1008 2234 3
1038 2187 1099 2224 Sir
1119 2187 1257 2237 Henry
1277 2186 1531 2232 Brokelonde,
1555 2187 1644 2224 Por-

106 2222 213 2241 RUARL

107 2256 152 2275 U&

268 2240 462 2285 tioner‚—

216 2293 353 2323 Licence
369 2294 403 2324 of
419 2295 680 2333 non-residence,
695 2295 712 2310 “
726 2296 886 2336 quamdiu
903 2295 1038 2327 steterit
1054 2295 1088 2326 in
1105 2295 1271 2336 obsequiis
1289 2295 1432 2326 Domine
1445 2294 1642 2335 Margarete,

262 2337 437 2368 Comitisse
454 2339 602 2369 Devonie
615 2339 633 2351 ''
652 2339 815 2378 (London,
834 2341 851 2370 9
870 2339 973 2377 Feb.).

218 2391 467 2430 Confessions
485 2406 493 2439 3
522 2394 585 2430 Ad
603 2394 838 2431 audiendum
861 2393 1185 2442 Confissz'ones,—-

220 2445 317 2483 Item,
335 2446 468 2483 ibidem⁷
487 2447 532 2487 xij
552 2447 614 2486 die,
633 2448 797 2478 Dominus
820 2448 982 2479 concessit
1003 2447 1189 2478 Licenciam
1207 2447 1318 2478 Fratri
1335 2447 1463 2478 'rhome
1480 2447 1643 2486 Hortone,

114 2573 161 2600 fol.
172 2572 234 2600 701).

263 2488 398 2519 Ordinis
414 2493 445 2519 et
466 2490 659 2521 Conventus
676 2491 833 2522 Fratrum
853 2492 1022 2522 Minorum
1039 2491 1166 2521 Exonie
1184 2490 1362 2529 Gardiano,
1379 2490 1422 2521 ad
1437 2491 1644 2522 audiendum

266 2532 299 2562 in
317 2532 388 2562 foro
405 2533 514 2563 anime
532 2534 762 2565 Confessiones
778 2534 991 2565 subditorum
1016 2544 1305 2574 quorumcumque
1328 2533 1413 2564 infra
1436 2534 1644 2566 Archidiaeo-

265 2578 365 2606 natus
382 2576 519 2614 Exonie,
541 2577 708 2615 Tottonie,
733 2581 767 2609 et
792 2577 1040 2617 Barnastapolie
1062 2577 1343 2608 commorancium
1367 2577 1582 2618 ubicumque,
1607 2588 1645 2609 ac

263 2618 343 2658 ipsis
360 2629 419 2658 pro
435 2619 618 2651 commissis
634 2621 838 2660 penitencias
854 2621 1017 2651 salutares
1031 2620 1277 2660 injungendum
1296 2631 1303 2658 ;
1326 2630 1464 2659 necnon,
1481 2621 1523 2651 ad
1539 2621 1644 2652 absol-

264 2662 411 2692 vendum
429 2664 561 2693 eosdem
578 2664 619 2694 de
635 2664 777 2704 peccatis
794 2665 956 2695 veraciter
972 2663 1178 2703 confitendis,
1195 2664 1298 2695 eciam
1311 2663 1345 2694 in
1359 2664 1488 2695 casibus
1502 2665 1645 2696 Domino

264 2705 451 2744 reservatis,
469 2709 531 2737 etc.

220 2759 388 2809 Chapels
409 2760 656 2809 throughout
676 2761 744 2799 the
764 2761 924 2799 Diocese
941 2775 952 2809 3
980 2774 1002 2798 a
1022 2761 1181 2810 general
1200 2761 1432 2808 Licence,—

221 2813 321 2851 Item,
338 2813 473 2852 ibidem,
491 2814 549 2855 xiij
569 2814 631 2854 die,
650 2815 815 2847 Dominus
831 2815 993 2847 concessit
1009 2815 1196 2846 Licenciam
1214 2815 1358 2847 Domino
1381 2815 1508 2848 Thome
1524 2816 1645 2858 Stayn-

315 2862 381 2904 2Β
