1987 3062
452 277 737 311 REGISTRUM
775 275 1084 309 COMMUNE—
1095 274 1230 307 ANNo
1270 266 1330 308 3⁰.
1559 265 1651 307 305

120 374 198 434 {³35¹}-
232 378 376 416 Exeter
395 378 604 416 cathedra]
623 392 634 426 3
656 378 912 427 Sequestracio
923 379 1129 426 fructuum
1144 376 1381 414 Precentorz‘e
1397 376 1655 421 Eoeoniensis,·

122 441 183 466 ναι.
205 440 230 467 Ι.
289 429 400 483 [This
423 432 550 482 Entry
571 433 602 470 is
622 433 806 482 repeated
825 445 874 470 on
896 433 960 469 fol.
984 429 1064 482 39]

121 474 174 533 {⁴732
233 485 388 522 Thomas,
405 489 481 524 eto,
500 486 666 526 Magistris
689 486 835 517 Johunni
851 486 986 527 Wyliot,
1005 484 1206 517 Cancellario
1231 483 1374 514 Ecclesie
1397 486 1511 513 nostre
1530 482 1648 513 Cathe-

123 528 221 573 [JU'NJ.
278 528 378 559 dralis
396 529 532 566 Exonie‚
550 533 584 560 et
602 530 735 569 Hugoni
760 529 913 569 Hiclyug,
939 528 1082 559 Ecclesie
1105 531 1217 558 nostre
1233 526 1429 568 C1·yditonie
1446 526 1648 565 Precentori,

124 575 182 604 ns]
277 572 430 611 salutem,
448 573 649 603 eto—Licet
664 583 778 612 nuper,
795 573 891 603 certis
908 575 942 602 et
958 571 1114 611 legitimis
1130 572 1172 602 de
1187 571 1293 601 causis
1306 581 1365 601 nos
1382 571 1423 600 ad
1440 570 1502 600 hoe
1517 579 1650 600 moven-

277 615 380 652 tibus,
398 618 512 646 nostra
534 615 700 646 ordinaria
722 616 929 653 auctoritate,
948 616 1166 655 Sequestrum
1187 615 1221 644 in
1237 614 1415 644 fructubus
1431 611 1494 654 [et]
1513 623 1650 653 proven-

273 658 378 689 tubus
405 659 615 689 Precentorie
644 662 756 689 nostre
782 659 991 690 cathedralis
1023 658 1166 689 Ecclesie
1193 658 1349 698 predicte,
1374 661 1414 687 ut
1444 656 1603 686 asseritur
1633 666 1652 686 a

274 701 459 742 fidedignis‚
480 702 595 733 extitit
610 702 844 742 interpositum
862 712 920 742 per
936 702 1127 738 Decretum,
1152 701 1192 731 de
1215 711 1281 741 quo
1305 711 1371 730 non
1388 699 1564 730 recolimus
1579 699 1649 739 jam

273 745 314 775 ad
340 755 484 784 presens,
512 755 572 776 nec
596 755 654 785 per
681 748 833 776 nostrum
858 745 1047 783 Registrum
1073 744 1167 775 nobis
1191 744 1315 784 poterit
1337 753 1494 783 apparere
1518 743 1651 782 quovis-

275 789 399 827 modo;
432 788 637 826 Custodiam,
662 799 749 826 vero,
774 788 969 829 hujusmodi
993 788 1166 818 fructuum
1191 790 1224 817 et
1247 790 1472 827 proventuum
1498 786 1651 816 Dominis

274 831 402 861 Thome
419 830 582 872 [Draper],
600 831 796 863 Subdecano
820 831 965 862 Ecelesie
989 834 1101 861 nostre
1126 830 1321 861 Exoniensis
1345 829 1524 867 antedicte,
1543 839 1579 859 ae
1595 829 1650 860 Jo-

276 874 377 904 hanni
395 874 557 913 [Pruste],
584 885 643 915 pro
667 879 749 905 tunc
765 875 894 905 Vicario
918 874 1063 905 Ecclesie
1088 874 1286 904 Parochialis
1303 874 1343 903 de
1361 874 1563 913 Peyngtone,
1589 872 1651 903 sub

275 921 365 948 certa
383 918 488 948 forma
505 918 538 949 in
557 918 679 949 nostris
696 918 817 949 Literis
834 918 964 958 plenius
980 922 1178 957 expressata,
1197 917 1389 947 memoriter
1400 917 1554 947 novimus
1565 926 1650 946 com-

275 961 403 991 misisse
421 971 428 999 ;
452 961 558 998 novis,
576 965 699 1000 tamen,
716 972 805 992 nuuc
821 961 1068 1001 emergentibus
1092 961 1209 998 causis,
1228 970 1314 991 nova
1330 959 1559 998 medicamina,
1584 959 1661 998 ple--

275 1004 360 1034 niori
376 1015 476 1044 super
492 1005 660 1045 premissis
684 1005 923 1035 deliberacione
947 1004 1069 1043 habita,
1087 1003 1277 1034 curavimus
1299 1003 1464 1035 adhibere.
1512 1004 1651 1042 Seques—

275 1051 379 1086 trum,
396 1048 423 1078 si
439 1049 528 1088 quod
553 1048 632 1078 alias
655 1048 772 1079 extitit
793 1048 1040 1088 interpositum,
1065 1051 1100 1078 et
1124 1047 1319 1078 Custodiam
1336 1046 1512 1077 fructuum
1536 1045 1650 1087 hujus-

275 1091 366 1121 modi
382 1090 540 1122 duximus
554 1092 745 1129 revocanda,
759 1095 861 1132 prout
876 1092 978 1121 decet.
1018 1091 1130 1129 Vobis,
1141 1089 1349 1130 conjunctim
1365 1093 1399 1120 et
1415 1090 1547 1120 divisim
1562 1100 1652 1119 man-

278 1134 406 1172 damus,
424 1134 565 1165 firmiter
580 1135 806 1175 injungentes,
821 1135 990 1175 quatinus,
1004 1134 1128 1165 vocatis
1142 1134 1204 1164 hiis
1217 1133 1275 1174 qni
1292 1134 1332 1164 de
1348 1133 1422 1173 jure
1438 1133 1472 1163 in
1484 1133 1544 1163 hac
1561 1136 1655 1172 parte

273 1177 401 1208 fuerint
417 1178 586 1214 evocandi,
602 1178 635 1208 in
656 1179 739 1208 Loco
757 1178 953 1209 Consistorii
970 1182 1082 1208 nostre
1101 1177 1308 1208 Cathedralis
1326 1176 1470 1207 Ecclesie
1494 1177 1651 1216 predicte,

275 1219 328 1251 vel
351 1219 439 1258 alibi,
458 1220 516 1251 ubi
540 1221 645 1261 magis
669 1221 839 1252 videbitur
862 1221 1028 1261 expedire,
1056 1221 1274 1261 sequestrum
1291 1223 1326 1250 et
1344 1220 1539 1251 Custodiam
1557 1219 1652 1259 preli-

275 1263 354 1293 bata
377 1263 498 1294 nostris
514 1264 584 1294 vice
601 1268 635 1295 et
651 1264 850 1295 auctoritate
873 1264 1034 1295 revocetis
1058 1264 1192 1304 penitus
1215 1267 1250 1295 et
1273 1263 1595 1294 relaxetis.—Dated
1619 1266 1654 1293 at

276 1306 357 1337 East
376 1307 526 1347 Horsley,
545 1308 585 1339 20
601 1308 701 1339 June.

232 1371 290 1409 St.
313 1371 508 1410 Orantook
529 1372 745 1422 Collegiate
774 1373 933 1410 Church
948 1386 958 1420 3
988 1373 1166 1410 Prebeud
1195 1374 1236 1410 of
1263 1373 1319 1410 St.
1343 1371 1654 1410 Columb-minor

286 1425 507 1472 therein,—

232 1479 413 1518 UniversiS,
441 1483 516 1517 ete,
548 1480 717 1511 Arnaldus
745 1481 906 1520 Garnerii,
932 1480 1140 1511 Licenoiatus
1168 1480 1201 1510 in
1232 1480 1385 1520 Legibus,
1410 1484 1483 1519 etta,
1507 1480 1652 1511 salutem

274 1522 308 1552 in
336 1523 491 1561 Domino,
519 1527 553 1554 et
581 1524 679 1554 fidem
706 1524 880 1555 indubiam
912 1524 1128 1555 Presentibus
1160 1523 1468 1563 adhibere—Cum,
1496 1527 1651 1564 pretextu

274 1566 451 1606 eujusdam
478 1567 733 1605 subrogacionis,
761 1568 819 1598 diu
851 1571 902 1598 est
932 1578 990 1607 per
1017 1568 1085 1597 fere
1112 1568 1182 1605 (sic)
1208 1567 1389 1597 Dominum
1414 1567 1651 1597 Innocencium

274 1609 397 1648 Papam
416 1609 566 1648 Sextum,
585 1610 697 1640 Nonas
714 1611 802 1648 Maii,
825 1611 1044 1641 Pontificatus
1060 1611 1110 1640 sui
1124 1610 1221 1640 Anno
1238 1610 1379 1650 septimo
1394 1610 1426 1649 [7
1441 1611 1528 1650 May,
1544 1610 1651 1648 1359]‚

274 1652 359 1682 facte
376 1653 522 1684 Johanni
539 1653 723 1694 Titusseley,
741 1655 774 1684 in
799 1655 889 1684 omni
910 1654 985 1694 jure
1009 1654 1098 1694 quod
1122 1655 1333 1693 competebat
1358 1654 1465 1684 David
1492 1654 1652 1693 Maynard

271 1695 305 1726 in
331 1698 365 1725 et
392 1706 492 1735 super
520 1696 690 1727 Prehenda
718 1697 839 1728 Sancte
867 1697 1028 1728 Columbe
1060 1697 1197 1727 minoris
1227 1697 1262 1727 in
1294 1697 1439 1727 Ecclesia
1471 1696 1652 1736 Collegiata

272 1738 387 1769 Sancti
424 1739 613 1778 Karentoci,
644 1740 776 1770 fructus
814 1740 917 1780 ipsius
957 1740 1127 1770 Prebende
1167 1750 1224 1779 pro
1262 1740 1429 1770 solucione
1467 1740 1650 1780 primorum

271 1781 446 1812 fruetuum
474 1782 624 1823 ejusdem
656 1784 790 1814 nomine
820 1784 910 1814 dicte
942 1783 1079 1815 Camere
1106 1783 1282 1814 fecerimus
1304 1783 1530 1823 sequestrari;
1563 1793 1649 1814 com-

273 1825 386 1864 paruit
408 1835 518 1856 coram
539 1826 632 1856 nobis
648 1826 854 1857 Venerabilis
868 1827 925 1865 vir,
944 1827 1107 1857 Dominus
1127 1826 1312 1857 Willelmus
1336 1827 1467 1867 Mugge,
1485 1837 1652 1866 possessor

271 1868 432 1908 ejusdem,
450 1873 483 1898 et
499 1869 650 1908 probavit
675 1880 732 1909 per
755 1870 1034 1902 Certificatoriuin
1052 1869 1255 1900 Venerabilis
1280 1870 1397 1908 Patris,
1415 1870 1551 1900 Domini
1574 1871 1649 1909 Epi-

270 1912 359 1951 scopi
392 1912 598 1951 Exoniensis,
625 1923 661 1943 ac
692 1924 802 1951 sunm,
826 1917 861 1944 et
884 1913 1105 1944 Dominorum
1130 1913 1291 1944 ,Iohannis
1316 1914 1430 1944 Preest
1453 1924 1489 1943 ac
1512 1913 1651 1944 XValteri

270 1954 425 1990 Threesk,
456 1956 634 1986 Rectorum
663 1957 885 1987 Ecclesiarmn
914 1957 1155 1987 Parochialium
1184 1957 1225 1986 de
1252 1956 1450 1996 Sylvertone
1474 1960 1509 1987 et
1539 1957 1648 1988 Stolk-

270 2008 357 2037 ynge
373 1997 426 2037 [2],
447 1999 642 2030 Exoniensis
658 2003 693 2030 et
710 2000 944 2031 Bathouiensis
960 2004 995 2031 et
1012 2000 1186 2030 Wellensis
1202 2000 1401 2038 Diocesium,
1417 2000 1651 2040 juramentum

269 2041 312 2071 ad
338 2041 461 2072 Sancta
489 2042 551 2072 Dei
580 2043 758 2083 Evangelia
785 2054 844 2083 per
868 2044 956 2083 ipsos
979 2043 1195 2083 corporaliter
1226 2046 1317 2074 tacta
1340 2044 1531 2083 prestitum,
1560 2044 1650 2083 quod

270 2084 360 2115 dicta
376 2085 571 2125 subrogacio
587 2096 762 2126 nunquam
778 2086 898 2118 habuit
916 2087 1085 2125 effectum,
1102 2097 1140 2117 eo
1158 2087 1247 2126 quod
1264 2087 1346 2117 dicti
1362 2087 1471 2117 David
1488 2087 1649 2126 Maynard

267 2137 327 2158 nec
342 2127 512 2159 «Iohannes
528 2129 713 2170 Trusseley,
739 2130 788 2160 vel
814 2140 930 2160 eorum
953 2130 1082 2170 aliquis,
1106 2130 1346 2170 possessionem
1369 2130 1458 2160 dicte
1476 2130 1649 2160 Prebende

267 2181 443 2211 nunquam
460 2171 663 2204 babuerunt.
714 2174 740 2203 H
748 2173 801 2204 inc
817 2176 869 2204 est
885 2173 974 2213 quod
991 2184 1059 2211 nos,
1077 2173 1221 2204 attentis
1237 2173 1418 2213 premissis,
1436 2173 1566 2204 dictum
1591 2174 1646 2204 Se-

270 2217 446 2253 questrum
464 2218 499 2246 et
515 2226 736 2255 possessorem
760 2220 877 2247 tenore
904 2217 1113 2247 Presencium
1138 2217 1338 2254 relaxamus,
1358 2226 1533 2256 quousque
1548 2227 1647 2256 appa-

270 2260 343 2288 reat
365 2257 407 2288 de
423 2257 544 2289 effectu
569 2259 657 2290 dicte
680 2259 938 2300 subrogacionis‚
954 2260 1005 2290 vel
1029 2260 1127 2290 aliter
1149 2270 1209 2299 per
1232 2259 1404 2290 cameram
1421 2260 1647 2299 Apostolicam

269 2300 302 2331 in
320 2300 380 2331 hac
396 2305 491 2341 parte
507 2302 612 2333 fuerit
627 2303 988 2334 ordinatum—Dated
1007 2303 1155 2340 London,
1173 2304 1213 2333 22
1229 2303 1327 2334 June.

225 2368 324 2422 [The
344 2371 541 2419 following
569 2373 767 2419 Mandate,
789 2373 1001 2423 evidently,
1024 2374 1143 2411 refers
1163 2378 1204 2410 to
1223 2373 1327 2410 Writ
1347 2373 1420 2410 No.
1445 2374 1504 2419 42,
1527 2373 1646 2411 dated

280 2424 328 2461 16
348 2424 463 2470 June,
488 2427 601 2464 1373.
659 2427 726 2465 See
745 2440 843 2477 page
865 2425 970 2478 190]

223 2477 377 2517 Thomas,
391 2482 467 2517 ete,
486 2479 618 2510 Decano
635 2483 670 2512 et
686 2481 841 2520 Capitulo
859 2480 1002 2512 Ecclesie
1019 2483 1132 2511 nostre
1149 2479 1359 2511 Cathedralis
1373 2480 1509 2517 Exoffle,
1526 2491 1564 2512 ac
1580 2481 1644 2512 sin-

268 2521 355 2561 gulis
371 2521 620 2554 Archidiaconis
636 2523 670 2554 in
687 2525 803 2554 eadem
821 2524 966 2555 Ecclesia
982 2528 1105 2562 nostra,
1123 2523 1175 2553 vel
1190 2533 1306 2553 eorum
1324 2523 1535 2562 Officialibus,
1560 2525 1645 2555 salu-

267 2571 347 2602 tem,
364 2565 606 2597 eto—Literas
623 2567 741 2607 Regias
757 2566 853 2598 xxvt0
876 2567 929 2597 die
952 2567 1116 2607 presentis
1140 2567 1262 2597 mensis
1278 2566 1297 2596 J
1304 2566 1373 2596 unii
1397 2568 1589 2607 recepimus,
1611 2569 1644 2599 in

267 2607 327 2638 hec
342 2608 693 2648 ve1·ba‚—Edwardus,
709 2614 783 2648 eto,
800 2615 836 2640 ut
859 2613 894 2640 in
917 2615 1072 2650 quaterno
1094 2610 1257 2641 Brem'um.
1304 2610 1463 2647 Quocirca
1486 2611 1588 2650 vobis,
1612 2615 1648 2643 et

268 2654 420 2681 vestrum
436 2651 582 2690 cuilibet,
600 2654 808 2691 mandamus,
832 2654 865 2684 in
890 2654 1017 2684 vittute
1041 2653 1240 2684 Obediencie
1263 2652 1405 2684 firmiter
1420 2654 1645 2694 injungentes,

268 2694 428 2734 quatinus
443 2695 555 2725 omnia
569 2699 603 2727 et
619 2696 750 2736 singula
772 2697 806 2727 in
829 2697 955 2727 eisdem
978 2696 1099 2727 Literis
1123 2696 1233 2736 Regiis
1255 2699 1425 2733 contenta,
1440 2696 1541 2737 juxta
1564 2699 1643 2736 vim,

269 2737 422 2775 formam,
439 2740 473 2769 et
489 2737 602 2770 debite
618 2740 822 2770 execucionis
839 2740 996 2770 effectum
1019 2739 1211 2778 earundem,
1236 2749 1295 2779 per
1317 2742 1448 2771 nostras
1465 2741 1647 2773 Civitatem

269 2783 305 2811 et
332 2780 498 2812 Diocesim
525 2781 596 2812 fieri
619 2782 758 2821 faciatis,
783 2786 818 2813 et
839 2786 941 2822 prout
964 2782 1044 2813 alias
1067 2782 1160 2813 vobis
1183 2783 1375 2822 scripsimus
1398 2783 1432 2814 in
1455 2783 1517 2815 hae
1540 2788 1646 2825 parte.

270 2823 362 2862 Quis,
379 2833 467 2863 vero,
484 2827 636 2856 vestrum
653 2836 787 2865 presens
803 2826 1003 2856 Mandatum
1018 2825 1126 2865 primo
1141 2826 1313 2866 receperit,
1330 2829 1464 2858 retenta
1485 2828 1564 2859 inde
1586 2829 1649 2859 sibi

269 2866 371 2906 copia,
396 2866 430 2897 id
456 2868 670 2900 ‘transmittat
692 2869 789 2899 alteri
813 2879 879 2899 non
900 2869 1206 2901 habenti.—Dated
1222 2871 1258 2900 at
1274 2869 1473 2910 Faringdon,
1491 2872 1531 2902 26
1548 2871 1647 2903 June.

255 2926 287 2956 V
