1987 3062
94 394 169 420 A.D.

97 429 167 453 1384.

99 461 156 485 x'ol.
172 461 192 487 I.

92 790 148 819 [fol.

92 824 182 854 nm]

409 298 689 330 REGISTRUM
727 297 1178 330 COMMUNE——ANNO
1222 289 1312 330 140.
1537 288 1620 328 5:31

253 397 371 429 Sancti
389 399 652 429 Predecessorcs
665 405 698 429 et
716 400 933 429 precessores
950 399 1071 436 nostri,
1084 399 1341 437 Archiepiscopi
1361 398 1631 428 (fantuarienses

251 443 306 481 qui
319 450 419 472 erant
431 454 493 482 pro
507 450 672 482 tempore,
687 443 757 472 suis
770 443 983 482 temporibus
993 443 1205 479 successivis,
1215 443 1250 472 111
1258 443 1403 481 pacifica
1410 442 1627 481 possessione

249 486 346 525 juris,
361 487 414 516 vel
432 488 539 526 quasi,
554 488 754 517 excel-cendi
767 491 800 517 ct
815 487 1019 526 expediendi
1031 487 1146 516 omnia
1161 494 1194 516 et
1210 486 1345 525 singula
1364 486 1572 525 supradicta,
1589 489 1628 515 ut

250 531 475 569 premittitur,
486 537 640 570 tempore
654 541 714 561 suc
728 531 980 570 Metropolitica
988 530 1212 561 Visitacionis
1223 531 1382 567 durante,
1396 540 1414 560 a
1428 532 1584 569 tempore
1593 534 1628 560 et

250 584 310 612 pcr
326 578 463 614 tempus
480 576 579 614 cujus
597 576 762 604 contrarii
782 575 949 605 memoria
974 575 1151 604 hominum
1170 584 1239 604 nou
1257 574 1384 607 existit,
1402 584 1441 603 ac
1457 574 1627 613 premissa

249 626 496 648 excercuerunt
522 625 555 648 et
580 620 750 653 fecerunt,
768 629 829 658 per
852 619 1052 658 hujusmodi
1076 618 1300 648 Visitacionis
1324 621 1492 657 tempora,
1509 618 1626 648 incon-

249 672 357 697 cusse,
383 663 534 702 pacifice,
561 670 596 692 et
617 664 750 702 quiete:
776 666 904 696 tamen.
934 663 1150 692 Venerabilis
1176 663 1299 692 Frater
1321 666 1448 699 noster,
1467 662 1626 698 Thomas,

251 706 311 735 Dei
325 706 449 737 Gracia
464 707 669 737 Exoniensis
682 707 881 746 Episcopus,
892 714 1010 737 noster
1020 714 1053 736 et
1069 707 1222 736 Ecclesie
1234 710 1352 736 nostre
1365 706 1627 736 Cantuariensis

249 751 403 788 predicte
422 751 679 786 suffraganeus,
697 762 798 790 quem
823 751 993 790 premissa
1009 751 1246 781 verisimiliter
1264 761 1332 780 non
1351 750 1519 785 latebant,
1538 750 1626 779 sicut

251 804 314 823 nec
331 795 439 825 latere
455 801 627 834 poterant,
646 805 723 824 cum
742 796 810 824 sint
828 795 962 825 notoria
981 798 1083 834 atque
1093 805 1186 828 vera,
1200 805 1357 824 asserens
1375 797 1409 824 et
1427 795 1628 832 confingens

251 839 363 868 onmia
390 846 423 868 et
449 840 584 876 singula
601 839 781 878 premissa,
799 843 969 878 quatenus
988 839 1172 868 Civitatem
1199 845 1233 868 et
1259 838 1430 868 Diocesim
1456 848 1626 877 311381119-

249 883 360 912 dictas
369 886 591 919 concernunt,
601 883 746 913 notoriis
758 883 960 912 criminibus
972 886 1005 912 et
1024 883 1221 912 excessibus
1232 883 1267 912 in
1280 889 1399 912 nostra
1412 882 1626 912 Visitacione

250 927 501 966 Metropolitica
514 927 700 966 compertis
712 927 893 956 dumtaxat
906 927 1068 965 exceptis,
1081 927 1124 956 ad
1135 927 1247 965 ipsum
1264 927 1373 956 solum
1386 930 1419 956 et
1432 927 1466 955 in
1479 926 1626 956 solidum

249 971 432 1009 pertinere,
449 972 575 1000 nedum
594 978 714 1000 contra
735 981 807 1003 nos.
829 974 879 1000 set
898 977 1017 1000 contra
1041 971 1170 1000 dictam
1189 971 1380 1000 Ecclesiam
1399 970 1626 1000 Cantuarien-

249 1024 331 1049 sem,
348 1015 495 1044 Matrem
514 1025 621 1046 suam.
640 1015 740 1054 cujus
758 1015 943 1052 Privilegia
957 1020 990 1044 et
1004 1015 1089 1044 Jura
1102 1025 1250 1049 servare,
1269 1014 1466 1047 defendere,
1484 1021 1516 1044 et
1535 1015 1626 1044 tueri

248 1068 309 1097 pro
333 1069 432 1097 posse
457 1059 625 1098 corporali
650 1059 850 1098 juramento
874 1059 1021 1088 1111111191
1046 1069 1080 1088 se
1105 1059 1278 1092 astrinxit,
1295 1058 1450 1088 indebite
1469 1068 1503 1088 se
1524 1068 1626 1098 oppo-

248 1112 343 1134 nens,
353 1113 392 1132 ac
401 1110 556 1133 nostram
566 1103 814 1133 Visitacionem
826 1114 884 1133 seu
895 1103 1184 1133 Jurisdiccionem
1196 1102 1486 1141 Mctropoliticam
1496 1105 1627 1132 temere

248 1146 414 1185 impedire
426 1153 459 1177 et
478 1158 540 1185 pro
551 1147 682 1176 viribus
695 1147 910 1186 perturbare,
929 1157 1058 1186 nosque
1069 1150 1103 1176 et
1118 1147 1248 1176 dictam
1264 1147 1456 1177 Ecclesiam
1469 1149 1626 1176 nostram

249 1190 452 1228 privilegiis,
469 1191 621 1227 Juribus,
646 1194 679 1220 et
706 1191 1034 1226 Consuetudinibus,
1060 1191 1307 1228 Libertatibus,
1332 1195 1367 1220 et
1391 1191 1627 1229 Prerogativis

247 1235 423 1273 predictis,
441 1237 610 1274 quantum
627 1235 663 1264 111
680 1235 754 1274 ipso
771 1238 856 1271 erat,
874 1238 1038 1271 satagens
1054 1235 1230 1265 maliciose
1247 1235 1393 1274 privare,
1411 1245 1474 1274 per
1491 1235 1626 1264 Literas

248 1289 327 1308 suas
351 1279 537 1318 injuriosas
555 1289 788 1318 quoscumque
814 1279 970 1309 subditos
995 1279 1167 1309 dictarum
1186 1279 1347 1309 Civitatis
1364 1283 1399 1308 91
1420 1278 1574 1308 Diocesis
1590 1279 1626 1308 in

248 1332 374 1359 genere
391 1324 537 1355 monuit,
551 1330 585 1353 et
599 1323 730 1353 moneri
749 1323 940 1355 mandavit.
958 1333 1001 1352 nc
1015 1323 1090 1362 quis
1102 1333 1231 1359 eorum,
1247 1323 1374 1362 absque
1393 1323 1552 1353 Licencia
1565 1333 1626 1352 sua

249 1367 399 1405 speciali,
425 1367 673 1397 Instituciones
705 1367 957 1397 Beneficiorum
990 1377 1048 1396 seu
1075 1367 1289 1397 Collaciones
1320 1377 1450 1403 eorum,
1476 1367 1626 1397 Eleccio-

248 1421 374 1440 numve
384 1411 686 1445 Confirmat-iones,
697 1411 975 1445 Benedicciones,
994 1411 1299 1441 Permutacionum
1311 1411 1626 1448 Auctorizacioncs,

248 1455 417 1484 Ordinum
436 1455 650 1485 Collaciones
667 1455 877 1493 hujusmodi.
889 1455 932 1484 ab
944 1455 1011 1484 alio
1024 1466 1126 1494 quam
1142 1455 1185 1485 ab
1196 1455 1280 1494 ipso,
1296 1455 1515 1485 Auctoritate
1529 1455 1626 1485 Sedis

248 1499 446 1537 Apostolice
463 1500 645 1529 dumtaxat
664 1502 817 1538 excepta,
832 1505 959 1538 petere,
974 1499 1137 1538 recipere,
1149 1499 1345 1532 admittere,
1359 1509 1418 1529 seu
1430 1499 1627 1539 aliqualiter

247 1543 404 1581 optinere
419 1557 425 1579 3
450 1550 509 1572 aut
522 1543 744 1573 Testamenta
760 1553 1055 1582 quorumcumque
1074 1543 1365 1573 Beneficiatorum
1376 1543 1431 1573 vel
1448 1543 1626 1573 Nobilium

248 1586 479 1617 Personarum
492 1587 691 1627 hujusmodi
703 1588 738 1616 in
754 1587 904 1616 Civitate
916 1590 950 1616 ets
963 1587 1097 1617 Diocesi
1107 1588 1178 1617 suis
1190 1588 1356 1626 predictis
1368 1587 1625 1621 decedencium,

247 1640 362 1660 coram
381 1631 448 1661 alio
464 1642 567 1671 quam
586 1641 701 1661 coram
719 1642 768 1667 eo,
786 1631 839 1661 vel
859 1631 929 1660 suis
948 1631 1214 1664 Commissariis.
1234 1642 1293 1661 seu
1311 1632 1353 1661 ab
1372 1632 1438 1662 alio
1455 1631 1624 1661 bonorum

247 1675 425 1705 mobilium
444 1675 643 1715 hujusmodi
660 1676 882 1709 testancium,
900 1678 960 1704 aut
978 1675 1021 1705 ab
1038 1676 1206 1705 intestato
1232 1676 1488 1711 decedencium,
1506 1675 1624 1705 Admi-

246 1719 474 1749 nistraciones
496 1720 606 1749 eciam
628 1722 746 1758 petere
771 1720 825 1749 vel
850 1719 1035 1749 admittere
1058 1730 1193 1759 quoquo
1217 1720 1329 1757 modo,
1348 1722 1536 1759 presumat,
1562 1719 1625 1750 sub

248 1763 390 1803 Majoris
408 1763 788 1793 Excommunicacionis
811 1773 909 1802 pena,
929 1773 1031 1802 quam
1056 1764 1091 1793 in
1116 1764 1428 1799 contravenientes,
1446 1773 1566 1794 omnes
1591 1771 1624 1794 et

247 1808 410 1845 singulos,
428 1808 509 1837 tulit
526 1808 562 1837 iu
580 1808 724 1846 Scriptis
739 1822 746 1844 3
772 1807 969 1837 mandando
985 1817 1036 1842 ea,
1054 1808 1172 1838 omnia
1187 1813 1221 1837 et
1240 1808 1386 1846 singula,
1403 1808 1522 1838 tamin
1538 1808 1624 1838 Con-

247 1851 384 1881 sistorio
401 1862 461 1881 suo
479 1861 581 1891 quam
599 1852 634 1881 in
652 1851 727 1881 aliis
751 1851 834 1881 locis
858 1851 1006 1890 publicis
1030 1851 1201 1881 dictarum
1228 1852 1389 1882 Civitatis
1407 1856 1442 1882 et
1458 1851 1623 1889 Diocesis,

246 1905 307 1933 per
332 1905 565 1935 quoscumque
592 1896 748 1925 subditos
776 1896 947 1925 dictarum
976 1895 1136 1926 Civitatis
1164 1899 1199 1925 et
1227 1896 1381 1926 Diocesis
1414 1896 1544 1926 Exonie
1573 1905 1623 1925 so-

248 1939 432 1978 lempniter
449 1940 627 1978 publicari.
653 1940 688 1969 in
712 1940 821 1969 nostri
848 1943 882 1969 et-
907 1939 1058 1969 Ecclesie
1076 1943 1193 1970 nostre
1210 1941 1365 1979 predicte
1382 1940 1623 1980 prejudicium,

245 1983 560 2023 premissorumque
593 1983 814 2013 visitacionis
848 1984 1109 2022 Metropolitice,
1142 1994 1181 2014 ac
1213 1985 1360 2019 Jurium,
1395 1985 1622 2021 Libertatum,

246 2027 519 2066 Privilegiorum,
539 2028 848 2063 consuetudinum,
862 2030 896 2057 et
914 2028 1138 2065 Prerogative
1149 2029 1413 2067 derogacionem
1431 2032 1465 2058 et
1483 2038 1623 2058 enerva-

245 2071 379 2101 cionem
395 2072 638 2108 manifestan1;
663 2072 762 2111 cujus
779 2074 940 2111 pretextu
956 2072 1048 2101 idem
1066 2072 1282 2102 Venerabilis
1301 2073 1422 2102 Frater
1445 2076 1564 2102 noster
1588 2082 1623 2102 se

245 2118 381 2145 reatum
397 2116 541 2155 perjurii
558 2116 743 2146 incurrisse
760 2116 888 2155 poterit
900 2116 1024 2145 merito
1041 2116 1240 2147 formidare.
1287 2117 1368 2151 Nos,
1380 2117 1498 2155 igitur,
1510 2120 1622 2146 atten—

246 2158 368 2189 dentes
384 2160 552 2198 premissa
570 2160 605 2189 in
622 2160 731 2189 nostri
749 2162 783 2189 et
802 2160 954 2190 Ecclesie
971 2164 1089 2189 nostre
1106 2161 1260 2199 predicte
1278 2171 1382 2197 grave.
1401 2161 1620 2199 dispendium

245 2206 278 2232 et
296 2202 520 2233 manifestam
538 2204 703 2242 injuriam
721 2207 927 2243 attemptata
946 2204 1064 2239 fuisse,
1083 2208 1117 2234 et
1134 2205 1293 2243 gra-viora
1311 2205 1390 2234 inde
1408 2205 1503 2244 sequi
1520 2215 1620 2244 posse

245 2247 425 2286 dispendia
442 2247 507 2277 nisi
524 2253 621 2277 tante
644 2248 901 2286 presumpcioni
925 2248 1070 2277 celerius
1095 2248 1271 2284 obvietur3
1297 2259 1337 2278 ea
1355 2249 1471 2278 omnia
1495 2251 1529 2278 et
1553 2249 1620 2278 sin-

244 2291 334 2327 gula.
353 2294 387 2321 et
403 2291 526 2320 exinde
544 2294 672 2323 secuta,
685 2291 721 2320 in
734 2291 844 2321 nostri
858 2298 892 2320 et
906 2291 1059 2321 Ecclesie
1073 2295 1190 2321 nostre
1207 2292 1361 2331 predicte
1378 2292 1568 2332 dampnum
1586 2296 1620 2322 et

244 2335 419 2374 injuriam,
437 2338 540 2374 atquc
558 2335 832 2374 Privilegiorum,
851 2335 1077 2371 Libertatum,
1095 2336 1243 2371 Jurium,
1258 2336 1568 2371 Consuetudinum‚
1587 2340 1619 2366 et

246 2379 467 2415 Prerogative
484 2379 720 2418 predictorum
731 2379 994 2409 encrvacionem
1008 2383 1210 2419 presumpta
1223 2383 1257 2410 et
1268 2380 1387 2410 illicite
1399 2383 1620 2420 attemptata,

243 2433 282 2452 ac
300 2423 334 2452 in
351 2426 528 2462 posterum
553 2423 804 2462 attemptanda,
829 2423 939 2452 eciam
964 2433 1098 2454 exnunc
1121 2434 1334 2461 revocanmS,
1359 2434 1545 2460 cassamus,
1563 2435 1620 2454 an-

243 2467 428 2501 nullamus,
455 2470 488 2496 et
515 2467 624 2497 eciam
651 2467 840 2499 irritamus.
870 2477 908 2497 39
937 2477 977 2497 ea
1004 2472 1175 2503 revocata,
1201 2471 1312 2505 cassa,
1334 2469 1437 2506 nulla,
1463 2472 1497 2498 et
1522 2469 1619 2499 irrita

244 2512 513 2550 pronunciamus
530 2514 564 2540 et
582 2511 808 2547 declaramus,
825 2521 864 2541 ac
882 2511 1022 2540 omnino
1039 2522 1155 2542 carere
1180 2512 1398 2542 deceruimus
1417 2513 1539 2543 robore
1564 2513 1618 2542 fir-

244 2555 393 2591 mitatis3
411 2555 517 2589 vobis.
527 2555 758 2585 communiter
768 2558 802 2584 et
816 2555 963 2592 divisim,
977 2556 1193 2592 mandantes,
1204 2557 1266 2586 sub
1279 2557 1620 2596 penaExcommuni·

244 2599 394 2629 cacionis
403 2599 545 2638 Majoris
559 2599 705 2628 firmiter
717 2598 941 2638 injungendo,
951 2600 1115 2639 quatinus
1126 2600 1188 2631 has
1200 2601 1334 2631 Literas
1344 2604 1491 2639 nostras,
1503 2604 1537 2632 et
1549 2612 1618 2631 om-

244 2643 301 2672 nia
309 2645 472 2672 contenta
481 2643 515 2672 in
525 2643 583 2679 eis,
590 2643 626 2672 in
636 2643 790 2673 Ecclesia
799 2643 984 2673 Exoniensi
992 2644 1148 2683 predicta
1156 2647 1190 2674 et
1199 2645 1275 2674 aliis
1283 2645 1367 2675 locis
1376 2645 1521 2684 publicis
1530 2645 1620 2676 dicte

245 2687 406 2716 Civitatis
422 2690 456 2717 et
474 2687 785 2717 Archidiaconatus
803 2687 931 2717 Exonie
949 2688 993 2717 ad
1014 2688 1078 2718 hoc
1095 2688 1206 2727 magis
1224 2689 1396 2728 congruis,
1416 2689 1566 2720 maxime
1584 2690 1620 2719 in

243 2731 326 2761 locis
334 2730 403 2760 illis
410 2731 446 2760 in
455 2731 578 2770 quibus
589 2731 702 2761 Litere
711 2733 746 2761 et
755 2731 967 2761 Moniciones
976 2731 1105 2771 prefati
1114 2732 1275 2772 Episcopi
1284 2733 1326 2763 de
1335 2733 1459 2772 quibus
1468 2743 1573 2773 supra
1581 2733 1621 2763 fit

242 2774 378 2804 mencio
394 2774 583 2805 extiterant
600 2774 784 2814 publicate,
796 2775 1008 2814 quamcicius
1023 2776 1183 2815 poteritis
1197 2777 1422 2816 solempniter
1437 2777 1622 2817 publicetis

242 2821 277 2848 et
293 2818 474 2858 exponatis
490 2819 600 2849 eciam
624 2818 660 2848 in
683 2819 829 2858 vulgari,
846 2828 907 2849 seu
930 2829 992 2859 per
1015 2819 1100 2850 alios
1123 2820 1292 2859 publicari
1315 2823 1350 2851 et
1374 2821 1498 2860 exponi
1522 2821 1624 2852 modo

242 2862 346 2893 simili
363 2861 510 2893 faciatis.
558 2862 762 2893 Inhibentes
778 2862 904 2903 palam,
922 2863 1068 2904 publice,
1086 2865 1121 2893 et
1138 2874 1308 2904 expresse,
1327 2864 1419 2896 dieto
1438 2865 1623 2895 Exoniensi

226 2904 323 2954 21⁴²
