1987 3062
272 227 367 271 340
472 240 571 273 THE
606 240 852 275 REGISTER
886 240 946 274 OF
981 239 1158 274 BlsfloP
1193 240 1600 274 BRANTYNGHAM.

270 340 347 400 3³⁴3·ss-
385 343 648 395 Illegitimacy
664 359 674 393 3
712 345 961 393 Dispensaez'o
981 359 1064 382 cum
1083 345 1353 393 illepidum,—

270 395 372 434 v01,'1,
388 397 486 436 Item,
514 399 648 437 ibidem,
681 399 739 439 xiij
772 399 825 430 die
852 399 933 430 dicti
966 399 1096 437 mensis,
1124 399 1290 429 Dominus
1320 398 1525 438 dispensavit
1555 408 1632 429 cum
1662 396 1811 429 waltero

431 442 560 476 Clerke,
577 442 701 480 scolari,
719 443 823 473 Exon.
842 442 945 479 Dino„
962 442 1145 482 illegitimo,
1163 443 1204 472 de
1220 442 1330 472 soluto
1346 442 1459 482 genito
1475 444 1509 472 et
1532 441 1650 479 soluta,
1667 440 1810 471 auctori-

425 488 495 515 tate.
512 485 703 516 Literarum
722 485 1009 523 Reverendissimi,
1028 488 1101 523 etc.,
1120 485 1255 516 Domini
1273 485 1444 525 Stephani,
1462 485 1675 515 miseracione
1688 483 1810 514 Divina

426 528 531 558 Tituli
559 528 673 559 Sancti
698 529 834 559 Eusebii
859 528 1040 559 Presbiteri
1064 529 1258 566 Cardinalis,
1283 529 1389 559 eidem
1415 528 1559 559 Domino
1582 528 1809 563 directarum;

420 571 566 609 *quarum
584 575 682 602 tenor
698 572 852 611 sequitur
867 572 901 602 in
925 571 985 602 hec
1001 571 1357 609 verbm—Venerabili,
1375 572 1536 602 ete—Ex
1559 574 1653 611 parte
1671 569 1809 600 Walteri

427 614 556 652 Cim—ke,
574 615 716 652 scolaris,
741 615 808 646 fuit
832 615 927 645 nobis
950 615 1125 645 humiliter
1147 615 1373 654 supplicatum
1397 618 1437 645 ut
1460 624 1536 645 cum
1560 624 1607 652 eo,
1632 613 1699 653 qui,
1723 613 1811 644 sicut

422 657 592 691 asseritur,
610 658 728 688 ascribi
745 658 913 689 desiderat
929 658 1050 689 milicie
1074 658 1224 696 clericali,
1244 669 1344 698 super
1361 658 1493 689 defectu
1519 657 1682 688 natalium
1707 666 1808 696 quem

423 701 554 740 patitur
582 701 623 731 de
650 702 761 732 soluto
786 702 920 740 genitus
948 705 983 732 et
1010 702 1129 740 soluta,
1155 701 1351 742 hujusmodi
1381 712 1447 732 non
1479 701 1635 731 obstante
1662 700 1809 737 defectu,

423 744 527 783 possit
543 744 582 774 ad
601 755 715 775 omnes
734 745 874 775 Ordines
890 745 1078 784 promoveri
1098 748 1133 775 et
1151 745 1420 776 Ecclesiasticum
1434 744 1636 774 Beneficium
1648 743 1807 783 optinere,

422 787 525 817 eciam
543 788 570 818 si
583 798 695 818 curam
713 788 836 819 habeat
852 789 1050 826 animarum,
1069 788 1170 819 Sedes
1187 788 1387 828 Apostolica‚
1401 798 1503 828 quam
1520 790 1657 827 propter
1672 797 1808 826 guerras

422 834 456 861 et
472 831 601 861 viarum
619 831 774 870 pericula,
793 831 881 862 sicut
898 832 1069 870 asseritur,
1087 832 1223 862 visitare
1240 842 1305 862 non
1330 834 1451 871 potest,
1470 831 1659 870 dispensare
1682 830 1806 860 miseri-

423 874 568 904 corditer
591 874 797 914 dignaretur.
846 875 924 912 Nos,
948 875 1063 914 igitur,
1087 875 1289 906 auctoritate
1313 874 1449 905 Domini
1473 875 1570 913 Pape,
1589 873 1685 913 eujus
1710 873 1805 903 Peni-

419 917 577 947 tenciarie
597 928 711 948 curam
737 918 892 957 gerimus,
917 921 952 948 et
976 918 1017 948 de
1041 918 1114 958 ejus
1139 918 1378 948 Commissione
1402 918 1437 948 in
1462 917 1585 948 talibus
1606 916 1806 956 generaliter

421 960 516 990 nobis
546 960 644 998 facta,
672 961 970 1001 Circumspeccioni
998 966 1109 992 vestre
1136 961 1380 992 committimus
1408 961 1579 1001 quatinus,
1607 960 1634 990 si
1663 963 1713 989 est
1744 959 1802 997 ita,

419 1004 636 1034 consideratis
666 1004 845 1043 diligenter
874 1005 1137 1035 ciroumstanciis
1169 1005 1331 1035 universis
1361 1014 1427 1044 que
1456 1004 1542 1034 circa
1571 1003 1802 1043 ydoneitatem

420 1056 558 1086 persone
575 1047 703 1078 fuerint
719 1047 933 1085 attendende,
953 1048 979 1078 si
996 1051 1135 1087 paterne
1151 1058 1217 1078 non
1234 1050 1285 1078 est
1309 1047 1552 1078 incontinencie
1570 1047 1731 1084 imitator,
1749 1049 1800 1077 set

419 1090 505 1120 bone
526 1091 784 1121 conversacionis
803 1094 836 1121 et
852 1091 930 1127 vite,
949 1091 1209 1131 sufficientisque
1232 1091 1563 1129 literature—super
1585 1089 1707 1129 quibus
1731 1099 1800 1119 ves-

418 1136 506 1163 tram
523 1134 730 1164 intendimus
747 1134 984 1164 conscienciam
1002 1134 1341 1173 onerare,—aliasque
1357 1134 1419 1164 sibi
1436 1134 1555 1164 merita
1571 1133 1800 1172 suffragantur

267 1172 314 1198 sOl-
335 1173 396 1200 52¹>-
420 1176 463 1206 ad
479 1176 673 1215 hujusmodi
690 1177 955 1216 Dispensaciouis
971 1177 1113 1216 graciam
1131 1178 1358 1217 optinendam,
1377 1187 1452 1207 cum
1470 1177 1540 1216 ipso
1563 1186 1661 1216 super
1685 1176 1800 1215 petitis

421 1219 680 1250 misericorditer
695 1220 894 1259 dispensetis
913 1230 919 1257 ;
950 1220 1006 1257 ita,
1025 1224 1148 1257 tamen,
1165 1221 1255 1260 quod
1271 1221 1359 1251 idem
1376 1220 1518 1258 scolaris,
1535 1223 1636 1259 prout
1652 1220 1801 1259 requiret

418 1273 501 1293 onus
526 1263 681 1293 Beneficii
698 1263 787 1302 quod
811 1274 898 1301 eum,
916 1268 993 1303 post
1010 1264 1302 1303 Dispensacionem
1326 1263 1531 1304 hujusmodi,
1548 1263 1700 1302 optinere
1723 1273 1797 1293 con-

418 1305 543 1345 tigerit,
568 1317 602 1336 se
625 1306 725 1337 faciat
748 1307 790 1336 ad
815 1307 967 1343 Ordines,
995 1307 1134 1337 statutis
1158 1318 1176 1337 a
1199 1307 1274 1347 jure
1301 1307 1519 1346 temporibus,
1545 1306 1740 1345 promoveri,
1765 1309 1799 1337 et

417 1349 636 1388 personaliter
651 1349 795 1380 resideat
812 1350 844 1380 in
862 1350 1003 1387 eodem3
1026 1351 1174 1390 alioquin
1198 1351 1288 1381 dicte
1313 1349 1578 1390 Dispensacionis
1601 1349 1710 1389 gracia
1733 1359 1799 1388 quo

417 1392 459 1422 ad
475 1392 585 1432 ipsum
602 1393 806 1423 Beneficium
830 1393 956 1423 nullius
980 1394 1115 1433 penitus
1139 1395 1183 1424 sit
1207 1394 1378 1424 momenti.
1426 1394 1513 1423 Data
1530 1393 1701 1429 Avinione,
1720 1392 1800 1433 iiijto

417 1435 498 1466 Idus
526 1436 649 1473 Marcii,
668 1436 888 1467 Pontificatus
912 1437 1047 1467 Domini
1065 1437 1216 1477 Gregorii
1236 1437 1324 1477 Pape
1341 1436 1517 1468 Undecimi
1534 1436 1631 1466 Anno
1654 1436 1799 1467 secundo

418 1477 474 1519 [12
492 1479 614 1517 March,
634 1478 780 1520 1372-3].

374 1544 683 1593 Indulgence,—

375 1598 473 1635 Item,
498 1599 621 1629 eisdem
646 1599 708 1637 die,
726 1599 806 1638 1000,
832 1602 865 1630 et
888 1610 984 1637 anno,
1010 1600 1175 1631 Dominus
1198 1600 1360 1631 concessit
1384 1600 1636 1641 Indulgenciam
1659 1600 1798 1641 quadra-

416 1642 510 1681 ginta
533 1642 663 1672 dierum
688 1643 842 1672 omnibus
866 1644 1072 1682 parochianis
1096 1644 1174 1680 suis,
1198 1647 1233 1675 et
1255 1644 1327 1674 aliis
1352 1654 1495 1684 quorum
1519 1645 1701 1683 Diocesani,
1726 1648 1798 1681 etc,

418 1685 474 1725 qui
494 1696 554 1725 pro
570 1686 680 1716 anima
697 1686 849 1716 Nicholai
865 1686 1053 1724 'saverner,1
1071 1687 1239 1726 quondam
1258 1687 1347 1718 Civis
1372 1687 1527 1718 Civitatis
1551 1688 1686 1724 Exonie,
1704 1687 1801 1727 cujus

416 1739 535 1768 corpus
562 1729 595 1759 in
621 1729 767 1759 Ecclesia
792 1730 892 1759 Beate
917 1730 1019 1760 Marie
1044 1730 1134 1760 dicte
1163 1730 1318 1762 Civitatis
1345 1731 1525 1770 requiescit
1548 1731 1738 1767 humatum,
1763 1741 1800 1761 ac

415 1782 476 1811 pro
492 1771 667 1802 animabus
683 1772 834 1802 omnium
851 1772 1001 1803 fidelium
1017 1773 1255 1804 defunctorum
1274 1773 1468 1804 Oracionem
1486 1774 1705 1811 Dominicam,
1723 1784 1797 1804 cum

418 1815 629 1845 Salutacione
654 1815 820 1854 Angelica‚
845 1815 991 1846 dixerint
1018 1820 1131 1847 mente
1158 1817 1220 1856 pia.
1268 1817 1475 1847 Ratificando
1499 1820 1533 1848 et
1557 1817 1659 1848 eciam
1684 1817 1799 1848 confir-

418 1858 541 1888 mando
558 1858 790 1897 Indulgencias
807 1858 841 1888 in
858 1859 919 1889 hac
935 1862 1031 1899 parte
1054 1870 1231 1898 concessas,
1249 1863 1283 1890 et
1306 1860 1528 1899 imposterum
1551 1861 1618 1891 suis
1643 1861 1799 1900 tempori-

417 1900 480 1931 bus
495 1901 729 1932 concedendas.

375 1966 560 2003 Otterton
581 1967 717 2015 Priory
734 1979 743 2012 3
764 1967 827 2003 Ad
846 1966 1154 2004 denunciandum
1174 1967 1350 2005 Priorem
1370 1974 1589 2015 pretensum
1615 1969 1659 2006 de
1685 1968 1802 2007 Otto-i-

429 2026 512 2056 tone
531 2020 957 2065 exeomommicacwn,—

376 2072 475 2111 Item,
499 2073 569 2113 xiiij
595 2073 648 2103 die
672 2074 793 2104 mensis
817 2074 978 2114 ejusdem,
1003 2074 1171 2105 emanavit
1198 2074 1407 2113 Mandatum,
1432 2075 1494 2106 sub
1521 2075 1627 2115 sigillo
1654 2076 1799 2114 Domini,

419 2116 585 2146 directum
618 2117 751 2147 Decano
791 2117 1054 2148 Christianitatis
1093 2118 1228 2155 Exonie,
1259 2118 1303 2148 ad
1336 2119 1608 2149 denunciandum
1647 2119 1799 2150 Fratrem

420 2159 589 2190 Simonem
612 2160 749 2197 Guarin,
777 2160 923 2190 Priorem
951 2164 1144 2200 pretensuin
1168 2161 1341 2192 Prioratus
1364 2162 1404 2192 de
1429 2162 1593 2200 Otritone,
1618 2173 1718 2202 super
1740 2163 1799 2193 cri-

419 2203 509 2233 mine
540 2203 768 2233 fornicacionis
798 2204 972 2234 commisse
995 2214 1070 2234 cum
1095 2203 1236 2234 Isabella
1259 2205 1398 2235 Bowrne
1421 2208 1614 2245 suspectum
1638 2209 1673 2236 et
1696 2207 1797 2236 eciam

419 2246 641 2284 diffamatum,
660 2247 761 2277 fuisse
777 2257 813 2277 ac
830 2256 899 2277 esse
922 2250 1058 2287 propter
1080 2247 1184 2286 ipsius
1200 2248 1443 2278 contumaciam
1461 2249 1798 2286 excommunicatum,

420 2289 453 2319 in
484 2289 627 2319 Ecclesia
656 2290 757 2320 Beate
782 2290 886 2320 Marie
914 2290 1051 2330 Majoris
1079 2291 1216 2329 Exonie,
1239 2294 1273 2322 et
1296 2291 1384 2330 alibi,
1409 2291 1467 2322 ubi
1490 2291 1612 2322 viderit
1634 2292 1798 2332 expedire,

417 2342 493 2362 cum
511 2333 745 2372 solempnitate
761 2343 826 2373 qua
842 2333 938 2364 decet
954 2333 988 2364 in
1011 2333 1072 2364 hac
1088 2336 1192 2373 parte.

375 2398 570 2435 Oratories
589 2411 597 2444 3
629 2398 778 2435 Licenee
798 2405 833 2436 to
853 2399 1096 2444 celebrates--

377 2451 477 2489 Item,
503 2452 592 2491 apud
617 2452 812 2491 Cryditone,
831 2452 887 2493 xvj
905 2453 958 2483 die
981 2452 1104 2483 mensis
1127 2452 1288 2492 ejusdem,
1313 2453 1477 2484 Dominus
1499 2454 1661 2484 concessit
1685 2454 1797 2485 Licen-

417 2494 501 2525 ciam
527 2495 653 2525 Othoni
677 2495 874 2535 Kellygrew,
900 2495 989 2535 quod
1013 2496 1127 2535 possit,
1152 2498 1204 2526 etc
1219 2520 1227 2533 ‚
1254 2497 1288 2526 in
1311 2507 1371 2526 sua
1394 2497 1571 2536 presencia,
1596 2497 1630 2527 in
1655 2497 1797 2537 Capellis

417 2538 485 2567 suis
516 2538 557 2567 de
581 2537 789 2578 Kellygrewe
813 2538 864 2576 [in
889 2538 934 2569 St.
963 2538 1071 2577 Erme]
1099 2541 1134 2569 et
1162 2539 1371 2570 Arwenneke
1398 2539 1609 2579 [Palmum]
1636 2541 1796 2580 quamdiu

416 2580 560 2610 Domino
576 2581 739 2620 placuerit
755 2581 963 2612 duraturam.

375 2623 474 2660 Item,
509 2624 632 2654 eisdem
664 2624 726 2663 die,
755 2624 835 2662 1000,
863 2628 899 2655 et
929 2635 1027 2663 anno,
1055 2624 1220 2655 Dominus
1245 2626 1406 2656 concessit
1433 2626 1618 2656 Licenciam
1649 2626 1797 2656 Johanni

418 2666 647 2704 walesbrewe,
671 2670 706 2697 et
730 2668 825 2698 uxori
848 2667 1009 2708 ejusdem,
1034 2668 1124 2708 quod
1147 2668 1284 2708 possint,
1309 2672 1383 2707 etc„
1400 2669 1434 2699 in
1459 2669 1601 2709 Capellis
1624 2669 1693 2699 sive
1717 2670 1795 2700 Ora-

417 2710 511 2740 toriis
528 2710 595 2740 suis
612 2710 837 2741 Maneriorum
854 2721 990 2741 suorum
1008 2711 1049 2741 de
1066 2712 1184 2742 Treros
1201 2711 1251 2750 [in
1266 2712 1312 2742 St.
1335 2711 1515 2752 Mawnan}
1532 2712 1729 2743 Walesbrew
1746 2712 1797 2751 [in

782 2804 793 2824 ¹
810 2806 926 2846 Mayor
942 2807 977 2837 of
997 2807 1118 2837 Exeter
1134 2807 1167 2837 in
1186 2808 1278 2839 1365.

1970 2135 1973 2138 >
1968 2101 1982 2114 ³
1951 805 1987 2090 zfflmfflQ2--n„„
1985 788 1987 796 r
1986 760 1987 775 „„
