1987 3062
429 276 716 315 Rsscls'raoii
754 277 1211 314 coMMUNE—ANNo
1253 266 1342 312 12⁰.
1563 264 1655 311 457

123 385 198 428 ⁴31),
236 388 332 425 Eas-t
352 388 565 434 13011116,-

121 421 222 479 iffist'L
235 443 330 480 Item,
359 442 492 480 ibidem,
517 441 619 472 tercio
643 441 696 472 die
720 441 842 472 mensis
868 440 1070 478 Decembris,
1095 440 1260 471 Dominus
1283 439 1445 471 concessit
1470 439 1655 470 Licenciam

122 487 193 515 [De-
272 485 416 516 Domino
435 486 533 516 Petro
550 486 684 523 Peronr,
703 485 835 515 Rectori
854 485 996 516 Ecclesie
1012 485 1053 515 de
1071 485 1231 522 Estdmie,
1249 483 1448 514 absentandi
1464 493 1498 513 se
1522 494 1540 513 a
1564 483 1654 513 dicta

122 528 201 583 {5¹³¹}
271 540 332 559 sua
349 529 493 559 Ecclesia
509 528 671 569 quamdiu
688 529 821 559 steterit
837 528 870 559 in
889 528 1033 568 Collegio
1051 528 1187 558 Domini
1203 527 1309 558 nostri
1327 527 1424 567 Regis
1440 527 1481 557 de
1498 526 1653 575 1173151118-

273 572 367 602 forde
384 583 390 610 ;
415 572 507 610 dum,
525 576 648 609 tamen,
666 571 772 602 eidem
793 572 934 602 Ecclesie
951 571 1157 602 deserviatur
1173 571 1387 602 laudabiliter
1409 571 1443 601 in
1462 570 1600 607 Divims,
1618 580 1655 600 ac

273 616 401 646 edificia
417 616 458 646 ad
476 616 662 646 Rectoriam
686 615 836 655 ejusdem
862 615 1004 646 Ecclesie
1029 615 1232 655 pertinencia
1257 614 1369 645 debite
1392 617 1600 654 reparentur,
1620 616 1654 643 et

273 659 461 690 animarum
478 669 556 690 cura
579 659 703 689 ibidem
728 659 920 689 nullatenus
944 658 1155 698 necligatur3
1180 658 1310 698 proviso
1334 658 1423 697 quod
1448 661 1652 698 procurator,

272 706 334 734 etc.
381 703 426 733 Et
448 703 636 733 relaxatum
660 702 727 732 fuit
749 702 985 742 quodcumque
1010 703 1228 742 Sequestrum
1253 702 1286 731 in
1310 700 1477 732 fructibus
1501 700 1654 740 ejusdem

274 746 418 777 Ecclesie
434 746 600 777 occasione
616 745 766 776 absencie
782 756 840 775 sue
856 745 1104 785 interpositum.
1145 745 1189 775 Et
1200 745 1365 776 Dominus
1378 744 1529 785 injunxit
1546 744 1653 774 eidem

274 791 374 831 quod,
403 789 541 829 singulis
571 789 676 827 annis,
705 789 848 819 durante
877 788 1030 819 absencia
1050 799 1110 818 sua
1136 788 1342 828 hujusmodi,
1367 788 1401 818 in
1425 798 1654 827 recompensa-

273 835 401 865 cionem
425 833 562 873 dampni
584 832 734 863 absencie
757 842 825 869 sue,
851 842 953 862 unam
978 842 1121 862 marcam
1145 832 1234 862 inter
1255 842 1415 872 pauperes
1439 831 1654 871 parochianos

273 888 349 908 suos
360 877 460 907 faciat
470 876 610 916 erogari3
627 875 772 916 alioquin
786 875 983 915 hujusmodi
998 875 1145 906 Licencia
1158 875 1221 906 sibi
1235 875 1428 906 nullatenus
1441 876 1652 915 suffragetur.

232 931 690 981 Letters-Dimissoryf*

230 987 338 1026 Roget·
361 985 463 1023 Berzi,
487 984 584 1023 clerk,
612 984 686 1015 “ad
709 994 824 1014 omnes
848 984 991 1014 Minores
1015 993 1098 1024 quos
1122 984 1273 1014 nondum
1298 983 1402 1014 fuerit
1418 987 1600 1023 assecutus,
1619 987 1654 1015 et

274 1029 377 1060 eciam
395 1029 511 1059 Sacros
528 1028 668 1059 Ordines
682 1028 699 1040 ⁷⁷
718 1028 881 1066 (London,
901 1028 940 1058 12
958 1027 1062 1061 Dec).

231 1073 358 1104 Walter
375 1073 498 1110 Ferers,
516 1072 657 1109 literate,
677 1071 695 1085 “
707 1071 749 1101 ad
765 1081 878 1101 omnes
897 1070 1038 1101 Minores
1055 1070 1206 1102 Ordines.
1257 1071 1302 1101 Et
1318 1070 1523 1111 dispensavit
1540 1082 1653 1103 secum

273 1116 455 1147 literatorie
472 1126 571 1155 super
586 1115 721 1146 defectu
738 1115 902 1145 natalium
920 1124 1020 1155 quem
1037 1114 1166 1155 patitur
1182 1114 1223 1144 de
1240 1114 1350 1145 soluto
1375 1118 1409 1145 et
1432 1115 1542 1146 soluta
1565 1115 1653 1155 geui-

276 1163 331 1191 tus
344 1160 360 1171 ”
379 1160 482 1197 (same
499 1159 601 1197 date).

122 1223 176 1240 ¹¹0¹¹
230 1213 470 1263 WVarkleigh,
494 1214 555 1250 Sir
575 1213 749 1263 Stephen
770 1212 875 1263 Eyr.,
899 1213 1013 1258 R.‚--

121 1246 220 1273 habuit

123 1281 201 1308 Lite·
232 1268 369 1299 Licence
385 1268 419 1298 of
436 1267 685 1298 non-residence
701 1267 753 1298 for
768 1278 786 1297 a
809 1277 897 1307 year,
919 1266 1232 1306 “contemplacione
1258 1266 1395 1297 Domini
1420 1267 1497 1298 Foci
1522 1268 1655 1307 Coi-bet,

124 1324 191 1347 mni,
275 1311 401 1349 Militis,
418 1312 509 1349 dum,
522 1315 643 1349 tamen,
662 1310 794 1341 steterit
808 1311 843 1341 in
860 1310 1027 1350 obsequiis
1043 1311 1111 1340 suis
1128 1321 1186 1350 per
1201 1310 1290 1341 idem
1306 1315 1439 1351 tempus
1454 1311 1471 1322 ‘'
1490 1312 1654 1351 (London,

124 1358 217 1408 &grevia
277 1356 316 1386 15
343 1355 444 1392 Dec).
492 1354 559 1393 [Sir
577 1355 663 1385 Fulk
680 1354 804 1385 Corbet
821 1365 827 1385 z
851 1354 869 1368 “
884 1354 990 1384 Focus
1005 1354 1021 1365 ⁷’
1039 1354 1066 1384 is
1083 1364 1100 1384 a
1117 1353 1249 1384 curicus
1265 1354 1351 1385 form
1369 1354 1403 1385 of
1421 1354 1437 1368 ‘⁴'
1452 1355 1602 1395 Fulco.”]

232 1415 521 1455 Michaelstowe
539 1427 548 1461 ς
578 1414 852 1460 Remanent,—

233 1471 330 1508 Item,
348 1469 482 1506 ibidem,
500 1469 614 1499 eodem
630 1468 691 1506 die,
712 1468 875 1499 Dominus
891 1467 1052 1499 relaxavit
1070 1468 1289 1509 Sequestrum
1312 1468 1392 1499 alias
1416 1468 1450 1500 in
1474 1469 1651 1509 fructibus,

273 1518 347 1551 etc,
367 1512 509 1544 Ecclesie
525 1512 566 1542 de
583 1512 819 1552 Mighelstowe,
836 1511 935 1542 certis
951 1522 991 1542 ex
1007 1512 1123 1550 causis,
1137 1515 1171 1542 et
1189 1512 1332 1543 maxime
1349 1516 1485 1553 propter
1500 1513 1653 1545 defectus

275 1557 420 1588 notorios
451 1555 663 1586 imminentes
694 1555 726 1585 in
761 1555 914 1586 Cancello
944 1556 1032 1586 dicte
1071 1556 1224 1592 Ecclesie,
1256 1556 1494 1596 interpositum
1514 1567 1520 1591 ;
1559 1558 1652 1596 dum,

275 1605 397 1639 tamen,
415 1599 497 1630 dicti
513 1599 663 1630 defectus
682 1598 793 1629 debite
817 1603 1014 1639 reparentur
1039 1599 1122 1630 citra
1147 1599 1284 1630 Festum
1309 1599 1477 1630 Michaelis
1503 1601 1653 1641 proximo

279 1645 444 1676 futurum.

233 1703 429 1757 [Besinum
452 1703 519 1741 the
541 1702 679 1752 King's
699 1703 795 1740 Free
816 1702 963 1752 Chapel
983 1703 1089 1748 of,—

231 1759 402 1796 Ricardus,
421 1757 482 1788 Dei
505 1757 612 1797 gracia
636 1757 706 1787 Rex
724 1756 841 1797 Anglie
865 1760 899 1787 et
926 1757 1069 1795 Francie,
1088 1759 1122 1787 et
1146 1756 1311 1788 Dominus
1336 1757 1505 1796 Hibernie,
1523 1758 1653 1790 dilectis

274 1803 337 1833 sibi
361 1801 554 1832 Vicecomiti
584 1804 698 1831 nostro
730 1800 883 1831 Sussexie
917 1803 951 1830 et
975 1800 1140 1830 willelmo
1172 1800 1429 1841 F1·aunkele511,¹
1454 1802 1653 1833 salutem.—

274 1845 391 1877 Sciatis
408 1845 507 1886 quod,
519 1854 596 1875 cum
614 1843 746 1884 Capella
762 1844 803 1874 de
820 1843 982 1874 Boseham
1001 1844 1118 1874 Libera
1135 1844 1267 1883 Capella
1284 1848 1398 1875 nostra
1414 1845 1547 1884 existat,
1561 1850 1595 1877 et
1611 1847 1653 1876 ab

274 1889 363 1920 omni
381 1887 614 1929 jurisdiccione
629 1887 795 1918 ordinaria
819 1887 979 1917 immunis
1003 1887 1136 1927 penitus
1160 1892 1194 1918 et
1217 1892 1381 1928 exempta,
1399 1889 1524 1929 absque
1547 1889 1652 1920 hoc—

274 1933 363 1973 quod
383 1931 547 1963 Dominus
571 1932 731 1962 Summus
748 1931 903 1961 Pontifex
926 1931 967 1961 de
992 1930 1239 1963 Provisionibus
1262 1936 1322 1962 aut
1345 1932 1587 1964 Collacionibus
1611 1934 1652 1964 de

275 1976 408 2016 Capella
425 1975 571 2015 predicta
587 1978 646 2004 aut
664 1974 843 2004 Prebendis
866 1974 900 2004 in
924 1974 1039 2004 eadem
1063 1974 1286 2005 existentibus
1310 1975 1420 2015 aliquo
1444 1979 1593 2016 tempore
1617 1988 1651 2007 se

273 2019 465 2056 intromisit,
482 2022 542 2049 aut
557 2017 782 2048 intromittere
799 2017 928 2055 debeat,
947 2018 1064 2058 quovis
1089 2018 1186 2048 modo
1203 2028 1211 2056 ;
1235 2029 1271 2048 ac
1293 2018 1362 2058 jam
1387 2019 1651 2050 intellexerimus

274 2062 529 2103 quodquidam,
549 2062 611 2092 Jus
628 2064 782 2091 nostrum
807 2061 947 2100 Regium
972 2071 1008 2091 ac
1030 2061 1106 2100 jura
1129 2065 1163 2091 et
1188 2062 1358 2100 privilegia
1382 2063 1513 2102 Capelle
1538 2067 1650 2094 nostre

274 2106 422 2147 predicte
445 2106 640 2145 impugnare
666 2104 903 2141 machinantes,
929 2104 1058 2134 diversa
1088 2104 1251 2135 Beneficia
1278 2105 1311 2135 in
1337 2105 1468 2145 Capella
1492 2107 1648 2146 predicta,

273 2148 393 2180 colore2
416 2148 624 2189 quarundam
651 2147 881 2178 Provisionum
905 2158 962 2187 per
986 2148 1169 2178 Dominum
1193 2149 1371 2179 Summum
1397 2150 1592 2180 Pontificem
1616 2150 1649 2180 in

274 2193 377 2223 nostri
395 2191 615 2232 prejudicium
632 2191 677 2221 sic
693 2191 804 2221 minus
819 2190 909 2230 juste
926 2191 971 2221 eis
988 2191 1162 2229 factarum,
1180 2194 1384 2231 attemptare
1405 2193 1597 2231 intendunt,
1615 2193 1649 2223 in

271 2236 377 2267 nostri
393 2239 427 2266 et
443 2235 534 2266 Juris
550 2234 656 2265 nostri
674 2234 766 2273 Regii
783 2234 1007 2273 prejudicium
1024 2237 1056 2264 et
1076 2233 1203 2264 Corone
1227 2239 1339 2265 nostre
1362 2235 1521 2267 lesionem
1545 2237 1648 2267 mani-

272 2282 404 2317 festam,
421 2282 456 2309 et
471 2278 567 2308 aliter
581 2287 683 2317 quam
706 2277 740 2307 in
765 2276 961 2317 hujusmodi
984 2277 1126 2316 Capellis
1151 2277 1272 2308 nostris
1297 2278 1457 2309 hactenus
1481 2280 1551 2310 fieri
1575 2291 1648 2310 cou-

273 2323 407 2359 suevit3
431 2332 500 2359 nos,
517 2321 665 2351 volentes
682 2321 765 2351 Jura
788 2323 900 2350 nostra
924 2320 1033 2359 Regia,
1054 2323 1154 2359 prout
1171 2321 1301 2351 vinculo
1324 2321 1507 2361 juramenti
1530 2324 1648 2354 astrin-

273 2366 392 2405 gimur,
410 2365 444 2395 in
461 2364 616 2395 omnibus
632 2363 807 2401 observari,
824 2363 1064 2402 assignavimus
1081 2373 1138 2393 vos
1161 2363 1203 2393 ad
1227 2374 1341 2394 omnes
1365 2365 1439 2395 illos
1463 2366 1519 2405 qui
1546 2367 1649 2397 Privi-

273 2409 358 2449 legia
381 2408 472 2439 Juris
497 2408 623 2438 Corone
646 2410 767 2443 nostre,
792 2406 915 2436 colore²
938 2406 1133 2446 hujusmodi
1158 2407 1390 2438 provisionum
1415 2409 1447 2439 in
1472 2409 1533 2440 hac
1557 2414 1650 2450 parte

273 2453 469 2492 impugnare
500 2450 771 2491 presumpserint,
799 2449 912 2490 [juxta
934 2450 1075 2480 formam
1107 2450 1336 2481 Ordinacionis
1362 2452 1593 2483 Provisionum
1617 2457 1651 2484 et

274 2497 488 2527 Statutorum
505 2494 582 2524 iude
595 2491 805 2533 editorum],³’'
820 2493 890 2522 sine
906 2493 1066 2523 dilacione
1081 2494 1283 2531 arestandos,
1302 2499 1336 2525 et
1353 2505 1407 2525 eos
1424 2506 1532 2526 coram
1556 2497 1652 2527 nobis

273 2543 307 2569 et
332 2538 477 2570 Concilio
493 2540 608 2568 nostro
631 2537 707 2567 (luci
732 2536 907 2574 faciendos,
925 2536 966 2566 ad
989 2537 1257 2576 respondendum
1281 2548 1380 2578 super
1403 2540 1652 2579 contemptibus

273 2582 368 2613 nobis
384 2586 419 2613 et
436 2582 562 2612 Corone
579 2584 691 2611 nostre
707 2580 741 2610 in
758 2580 818 2610 hac
835 2583 928 2619 parte
944 2579 1154 2619 perpetratis
1194 2581 1239 2610 Et
1255 2581 1328 2611 ideo
1345 2582 1437 2612 vobis
1454 2584 1652 2614 mandamus

277 2625 367 2666 quod
383 2625 467 2656 circa
483 2624 642 2664 premissa
658 2623 850 2661 intendatis,
868 2626 902 2653 et
917 2633 955 2653 ea
971 2623 1098 2653 faciatis
1115 2625 1149 2653 et
1165 2624 1375 2663 exequamini
1400 2625 1434 2655 in
1458 2625 1564 2657 forma
1580 2637 1652 2667 pre-

275 2669 373 2700 dicta.
410 2669 449 2699 In
466 2668 563 2708 cujus
580 2667 627 2697 rei
643 2666 875 2697 testimonium
890 2666 948 2696 has
960 2666 1087 2696 Literas
1100 2669 1230 2697 nostras
1246 2667 1316 2698 fieri
1332 2668 1473 2699 fecimus
1489 2673 1654 2708 patentes

125 2754 135 2772 ¹
153 2754 267 2784 Above
299 2753 356 2783 the
382 2753 458 2791 line,
486 2752 616 2783 instead
641 2752 676 2782 of
703 2751 862 2781 “Thome
927 2750 940 2769 ³
956 2751 1025 2781 The
1043 2751 1149 2781 words
1167 2750 1283 2782 within
1302 2752 1453 2784 brackets
1477 2765 1531 2785 are
1555 2755 1654 2786 inter-

170 2796 305 2833 Haket,’
333 2796 448 2826 struck
464 2798 534 2826 out.
972 2794 1070 2826 lined.

122 2837 134 2857 ²
151 2840 287 2871 Altered
296 2839 412 2878 (above
423 2839 480 2870 the
491 2838 569 2877 line)
579 2839 665 2870 from
674 2838 691 2853 “
699 2837 860 2869 raciones
