1987 3062
359 222 452 265 436

361 335 437 360 A.D.

361 369 435 394 1380.

364 402 423 427 Vol.
437 402 458 427 1.

368 1281 414 1307 sol.
430 1282 470 1307 So.

584 229 682 262 THE
708 227 948 261 REGISTER
973 227 1031 259 OF
1055 226 1234 260 BISHOP
1258 225 1664 260 BRANTYNGHAM.

514 334 607 365 vobis
630 333 662 363 in
687 332 750 362 fide
767 335 800 362 et
816 332 992 362 dileccione
1008 332 1129 372 quibus
1144 332 1238 362 nobis
1255 332 1415 363 tenemini
1432 332 1576 371 rogando
1593 332 1789 362 mandamus
1807 341 1885 372 qua-

515 378 615 413 tinus,
644 380 714 406 tam
739 376 905 406 arduitate
928 376 1137 415 negociorum
1163 376 1386 415 predictorum
1408 386 1508 415 quam
1532 376 1711 415 grandibus
1723 375 1887 415 periculis,

515 431 580 460 que
598 419 741 450 Ecclesie
758 421 792 449 et
808 419 922 458 Regno
940 419 1095 458 predictis
1112 419 1242 449 oculata
1258 419 1322 449 fide
1338 419 1510 449 imminere
1534 419 1732 458 conspicitis,
1749 418 1888 448 attentis

516 467 551 494 et
567 463 679 493 debite
696 462 921 499 consideratis,
935 462 1165 501 Suffraganeos
1178 465 1313 500 vestros,
1326 463 1472 492 Decanos
1483 465 1517 492 et
1528 462 1654 492 Priores
1668 462 1887 492 Ecclesiarum

518 505 777 543 Cathedralium,
807 505 954 535 Abbates
982 509 1015 535 et
1042 506 1170 536 Priores
1196 509 1230 536 et
1256 506 1335 536 alios
1363 505 1537 544 Electivos‚
1565 509 1736 545 exemptos
1761 508 1795 535 et
1822 515 1886 534 non

518 552 698 588 exemptos,
715 559 842 578 necnon
862 548 1125 587 Archidiaconos,
1144 549 1306 588 Capitula,
1326 549 1526 587 Conventus,
1543 552 1578 578 et
1595 548 1747 587 Collegia,
1764 551 1889 578 totum-

517 603 582 632 que
601 592 733 623 Clerum
751 591 932 632 cujuslibet
948 592 1094 622 Diocesis
1111 596 1220 622 vestre
1237 592 1417 629 Provincia,
1434 592 1475 622 ad
1498 593 1755 631 comparendum
1780 601 1888 621 coram

517 636 610 666 vobis
640 635 674 665 in
706 635 851 665 Ecclesia
882 635 1040 665 Omnium
1070 636 1268 665 Sanctorum
1297 635 1572 674 Norbamptonie,
1597 635 1648 665 vel
1675 635 1762 672 alibi,
1790 638 1891 674 prout

519 679 674 718 expedire
691 678 849 716 videritis,
868 679 909 708 ad
927 678 1110 708 breviorem
1127 679 1214 708 diem
1231 689 1329 718 quem
1356 678 1516 718 poteritis,
1540 688 1631 708 more
1653 678 1750 708 solito
1773 688 1889 708 convo-

518 723 584 752 cari
602 721 729 752 faciatis
744 730 750 757 ;
770 726 812 759 et,
830 722 876 751 eis
892 721 989 752 dictis
1006 722 1147 761 negociis
1166 725 1198 752 et
1215 722 1366 762 periculis
1383 722 1505 752 ibidem
1531 721 1659 760 plenius
1683 721 1841 761 expositis
1857 724 1891 750 et

519 764 702 801 declaratis,
727 764 813 804 ipsos
830 765 871 794 ad
896 765 1089 795 Subsidium
1106 766 1138 795 in
1161 765 1222 795 hoc
1246 776 1322 796 casu
1346 769 1536 805 competens
1553 768 1586 795 ct
1609 765 1838 802 necessarium,
1856 764 1889 794 in

519 808 807 848 snppoitacionem
831 808 995 838 dictorum
1020 819 1157 838 onerum
1182 813 1215 838 et
1239 812 1437 848 sumptuum
1461 808 1554 838 nobis
1577 807 1835 838 concedendum.
1853 817 1890 836 eo

518 852 692 892 specialius
709 855 743 881 et
759 862 833 881 cum
852 851 992 881 efficacia
1008 862 1074 891 qua
1090 852 1195 891 magis
1212 852 1372 882 sciveritis
1389 852 1439 882 vel
1457 851 1616 890 poteritis,
1635 854 1730 881 tanta
1753 851 1889 881 necessi-

518 899 588 926 tate
605 898 769 932 causante,
787 894 962 932 inducatis,
981 899 1014 925 et
1030 898 1138 934 partes
1156 899 1280 925 vestras
1304 896 1345 925 ad
1370 895 1429 925 hoc
1453 895 1669 925 effectualiter
1691 894 1865 934 apponatis
1884 904 1890 931 ;

519 949 588 976 nos,
603 938 635 968 in
654 937 854 968 Cancellaria
868 942 989 976 nostra,
1003 939 1044 968 de
1057 939 1247 978 quantitate
1265 938 1410 969 Subsidii
1426 938 1514 968 illius
1531 949 1567 968 ac
1580 939 1620 968 de
1638 937 1787 967 terminis
1804 937 1889 967 solu-

521 982 622 1012 cionis
645 981 795 1021 ejusdem
821 980 1048 1011 certificantes.
1098 982 1143 1012 Et
1159 982 1228 1019 hoc,
1247 982 1333 1012 sicut
1356 992 1415 1012 nos
1438 984 1471 1011 et
1494 981 1654 1011 honorem
1678 984 1831 1011 nostrum
1855 990 1891 1010 ac

516 1024 732 1055 salvacionem
751 1029 784 1054 et
800 1023 1025 1054 defensionem
1046 1025 1187 1055 Ecclesie
1204 1029 1238 1055 et
1255 1025 1360 1064 Regni
1378 1025 1602 1065 predictorum
1619 1024 1767 1063 diligitis,
1785 1023 1889 1054 nulla-

519 1071 618 1099 tenus
642 1067 959 1097 omittatis—Teste
984 1068 1116 1107 meipso,
1141 1069 1229 1108 apud
1255 1068 1597 1105 westmonasterium,
1615 1067 1717 1108 xxviij
1737 1067 1789 1097 die
1813 1067 1890 1106 Sep-

518 1111 665 1149 tembris,
685 1111 781 1140 Anno
799 1111 904 1150 Regni
920 1111 1025 1141 nostri
1042 1112 1375 1151 quarto—Quocirca
1392 1111 1607 1141 Fraternitati
1621 1114 1728 1141 vestre
1741 1110 1890 1141 commit-

518 1155 623 1185 timus
645 1158 678 1184 et
702 1155 899 1183 mandamus
920 1154 997 1192 [etc.,
1014 1154 1050 1184 in
1074 1154 1123 1184 che
1146 1165 1285 1185 common
1302 1154 1401 1194 sorau,
1426 1157 1558 1185 mutatis
1578 1153 1752 1184 mutandis.
1799 1153 1891 1192 They

519 1208 603 1228 were
619 1201 654 1227 to
670 1197 831 1227 assemble
847 1197 881 1227 in
899 1198 955 1227 the
974 1198 1107 1228 Church
1124 1198 1158 1227 of
1175 1198 1228 1228 All
1246 1198 1365 1234 Saints,
1386 1197 1642 1237 Northamptou,
1660 1208 1701 1227 on
1716 1197 1773 1227 the
1792 1200 1842 1226 lst
1859 1196 1893 1226 of

518 1240 903 1279 December].——Datum
927 1241 1016 1280 apud
1040 1241 1234 1280 Lamhethe,
1251 1241 1331 1281 jiijto
1347 1241 1399 1271 die
1416 1241 1577 1278 Octobris,
1596 1241 1677 1271 AD.
1696 1241 1747 1270 ΜΟ
1764 1240 1893 1271 CCCmo

519 1285 728 1324 octogesimo,
761 1287 796 1313 et
827 1287 939 1313 nostre
970 1285 1208 1314 'l'ranslacionis
1240 1285 1337 1314 Anno
1367 1284 1670 1322 sext0.--Qua1·um
1695 1283 1893 1314 auctoritate

523 1328 720 1365 Literni-um,
739 1327 973 1357 etc—Datum
992 1328 1181 1364 Londoniis,
1201 1328 1275 1368 viijo
1292 1328 1345 1358 die
1370 1328 1490 1358 mensis
1507 1332 1540 1357 et
1556 1327 1633 1357 anni
1657 1327 1892 1367 predictorum,

521 1374 555 1401 et
571 1375 683 1401 nostre
699 1370 940 1401 Translacionis
956 1371 1054 1400 Anno
1077 1371 1389 1411 quinto.——Dictum
1415 1372 1613 1401 Mandatum
1635 1370 1758 1410 recepit
1782 1370 1893 1399 Domi-

521 1424 592 1452 nus,
612 1414 800 1451 Londmriis,
819 1417 908 1443 xme
924 1414 976 1444 die
994 1414 1160 1452 Octobris3
1176 1418 1210 1444 et
1228 1415 1304 1454 xij
1320 1415 1372 1444 die
1385 1414 1466 1445 dicti
1480 1414 1610 1452 mensis,
1625 1424 1682 1453 pro
1699 1412 1894 1443 execucione

521 1458 601 1488 dicti
635 1457 784 1487 Mandati
815 1457 965 1487 facienda
993 1458 1189 1487 mandatum
1218 1458 1283 1489 fuit
1323 1458 1460 1488 Officiali
1485 1457 1670 1497 Principali,
1695 1460 1739 1494 et,
1763 1457 1797 1486 in
1821 1456 1894 1495 ejus

522 1501 683 1538 absencia,
703 1500 887 1530 Presidenti
904 1500 1100 1531 Consistorii
1124 1501 1329 1539 Exoniensis,
1347 1505 1380 1531 et
1403 1501 1444 1531 de
1467 1500 1678 1530 certificando
1702 1500 1893 1537 Dominum,

521 1554 599 1574 cum
637 1544 827 1574 nominibus
865 1544 1045 1574 citatorum
1076 1544 1110 1574 in
1143 1544 1268 1575 Cedula
1298 1550 1459 1584 separata,
1493 1544 1575 1574 citra
1607 1544 1743 1574 Festum
1775 1544 1895 1574 Sancte

524 1587 684 1617 Katerine
701 1587 851 1626 proximo
868 1597 957 1617 nunc
974 1587 1139 1618 futurum.

480 1631 529 1661 De
545 1630 667 1661 orando
681 1641 742 1669 pro
754 1640 832 1669 pace
848 1630 980 1660 Ecclesz'e
996 1641 1034 1661 ac
1049 1635 1133 1661 statu
1154 1631 1247 1669 Reyis
1269 1635 1296 1661 cc
1322 1631 1431 1669 Requi,
1449 1641 1486 1661 ac
1509 1629 1656 1670 precipue
1680 1628 1815 1660 Domini
1841 1629 1894 1660 Co-

522 1685 549 1704 m
557 1674 609 1704 icis
627 1673 873 1712 Bttlcynyltamie
888 1683 958 1704 cum
974 1673 1126 1704 excercitu
1144 1685 1199 1705 suo
1215 1677 1248 1704 in
1267 1674 1421 1704 Partibus
1437 1674 1719 1712 transmarinis,—

480 1718 632 1754 Thomas,
659 1720 738 1754 etc,
769 1717 900 1747 Decano
924 1721 958 1747 et
983 1717 1138 1757 Capitulo
1164 1718 1305 1747 Ecclesie
1330 1721 1441 1747 nostre
1466 1717 1670 1755 Exoniensis,
1695 1726 1731 1746 ac
1760 1715 1895 1754 Exonie,

523 1761 690 1798 Tottonie,
716 1760 973 1799 Barnastapolie,
998 1764 1032 1790 et
1057 1761 1233 1798 Cornubie,
1260 1761 1293 1791 in
1317 1761 1432 1791 eadem
1465 1761 1609 1791 Ecclesia
1638 1759 1896 1797 Archidiaconis,

524 1804 576 1834 vel
607 1813 721 1833 eorum
757 1803 958 1834 Officialibus
996 1806 1056 1834 aut
1093 1804 1408 1843 locumtenentibus,
1441 1804 1594 1842 salutem,
1626 1803 1897 1834 etQ—Dominus

524 1849 636 1877 noster
661 1848 738 1883 Rex,
763 1846 942 1876 salubriter
965 1847 1176 1877 considerans
1207 1851 1241 1877 et
1270 1848 1447 1878 attendens
1471 1847 1637 1887 quomodo
1668 1846 1897 1886 Progenitores

526 1890 586 1928 sui,
605 1892 638 1920 et
653 1889 723 1929 ipse
739 1893 888 1929 tempore
904 1900 973 1927 SUO,
990 1900 1026 1920 ac
1043 1890 1195 1929 Regnum
1213 1901 1311 1921 suum
1330 1891 1456 1930 Anglie,
1474 1901 1601 1921 necnon
1626 1890 1779 1930 precipue
1796 1899 1897 1919 avun-

526 1934 620 1963 culus
637 1943 726 1969 suus,
746 1933 909 1963 Dominus
934 1933 1051 1964 Comes
1076 1933 1338 1974 Bukynghamie,
1356 1935 1414 1974 qui
1436 1934 1505 1974 jam
1529 1937 1589 1971 est,
1606 1943 1681 1964 cum
1706 1943 1765 1963 suo
1790 1943 1897 1963 excer-

528 1977 607 2014 citu,
636 1976 670 2006 in
696 1976 851 2006 Partibus
876 1976 1115 2014 transmarinis,
1135 1987 1193 2016 pro
1218 1977 1409 2007 defensione
1433 1981 1467 2007 et
1490 1977 1672 2007 salvacione
1699 1976 1804 2015 Regni
1828 1986 1897 2015 pre-

527 2020 608 2050 dicti
624 2022 739 2049 contra
756 2019 940 2058 potenciam
958 2022 992 2050 et
1008 2020 1172 2050 maliciam
1188 2020 1448 2050 adversariorum
1465 2020 1616 2060 ejusdem
1631 2020 1744 2059 Regni,
1758 2030 1816 2059 per
1832 2019 1901 2059 pias

528 2066 562 2093 et
588 2063 725 2093 devotas
752 2062 917 2092 oraciones
945 2063 1151 2093 Prelatorum
1180 2067 1214 2094 et
1241 2063 1381 2094 aliorum
1405 2064 1560 2094 Virorum
1585 2063 1899 2100 Ecclesiasticorum,

528 2106 698 2136 meliorem
715 2106 972 2145 expedicionem,
990 2106 1252 2146 prosperitatem,
1270 2110 1304 2137 et
1328 2107 1487 2147 majorem
1510 2107 1652 2146 graciam
1675 2109 1900 2146 reportarunt,

529 2153 563 2180 et
594 2149 628 2179 in
659 2149 815 2179 futurum
844 2159 902 2189 per
929 2149 990 2179 Dei
1015 2150 1226 2180 clemenciam
1255 2150 1466 2188 obtinebunt,
1495 2154 1594 2190 prout
1619 2150 1725 2180 eidem
1757 2149 1901 2179 Domino

528 2195 642 2225 nostro
658 2192 740 2232 Regi
756 2191 943 2222 firmissima
966 2192 1046 2222 {ides
1069 2193 1178 2232 datur,
1196 2193 1290 2223 nobis
1306 2194 1479 2233 specialius
1495 2204 1561 2233 quo
1579 2193 1689 2233 potuit
1705 2192 1903 2232 supplicavit

529 2239 570 2266 ut
586 2246 645 2275 pro
657 2238 749 2266 statu
766 2246 825 2265 suo
841 2246 877 2265 ac
895 2236 997 2275 Regni
1015 2236 1067 2266 sui
1084 2237 1214 2276 prefati,
1228 2247 1264 2267 ac
1280 2237 1490 2276 expedicione
1506 2237 1594 2267 felici
1611 2236 1746 2266 Domini
1763 2235 1902 2267 Comitis

530 2278 783 2319 Bukynghamie
806 2279 998 2318 supradicti,
1015 2289 1090 2310 cum
1116 2283 1187 2310 toto
1210 2281 1373 2310 excercitu
1398 2290 1467 2318 suc,
1486 2280 1903 2316 Altissimum›exoremus,

530 2326 565 2353 et
580 2332 637 2362 per
652 2321 748 2352 Viros
766 2322 1010 2352 Ecclesiasticos
1027 2326 1216 2353 nostrarum
1233 2323 1387 2354 Civitatis
1410 2327 1445 2354 et
1460 2323 1615 2361 Diocesis,
1632 2326 1701 2353 tam
1726 2322 1905 2362 Religiosos

530 2375 630 2405 quam
648 2365 825 2402 Seculares,
844 2365 1004 2395 faciamus
1020 2367 1152 2396 assidue
1175 2367 1310 2397 exorari.
1357 2367 1435 2404 Nos,
1453 2369 1577 2402 autem,
1597 2366 1808 2396 devocionem
1833 2375 1902 2405 pre-

530 2409 611 2439 dicti
636 2408 770 2439 Domini
792 2409 898 2438 nostri
922 2409 1018 2448 Regis
1042 2409 1075 2439 in
1099 2409 1159 2440 hac
1182 2413 1276 2449 parte
1299 2409 1481 2449 plurimum
1505 2409 1785 2447 commendantes,
1804 2408 1905 2446 vobis,

531 2452 654 2491 quibus
670 2455 798 2481 nostras
817 2452 943 2482 Literas
966 2462 1066 2492 super
1089 2452 1283 2492 hujusmodi
1307 2453 1446 2483 materia
1468 2452 1649 2483 direximus
1673 2463 1739 2483 non
1763 2456 1814 2482 est
1836 2452 1904 2490 diu,

533 2505 573 2525 ex
603 2495 813 2525 habundanti
844 2495 1085 2525 committimus
1116 2499 1150 2526 et
1180 2497 1377 2526 mandamus
1415 2496 1574 2536 quatinus
1604 2506 1670 2534 vos,
1703 2496 1834 2526 Decane
1871 2498 1906 2525 et

535 2538 739 2578 Capitulum,
758 2538 994 2575 Processiones,
1012 2542 1052 2569 ut
1068 2538 1146 2569 alias
1162 2539 1194 2569 in
1219 2539 1446 2569 consimilibus
1468 2539 1575 2569 facere
1598 2538 1824 2576 consuevistis,
1841 2539 1904 2568 sin-

535 2582 620 2619 gulis
637 2581 764 2621 quartis
781 2584 815 2611 et
832 2581 934 2611 sextis
950 2581 1049 2619 feriis,
1068 2592 1126 2621 pro
1143 2582 1309 2622 premissis
1325 2582 1511 2612 continuari
1527 2582 1681 2612 devocius
1698 2592 1763 2621 quo
1787 2581 1906 2621 poteri-

532 2625 576 2655 tis
606 2624 744 2662 faciatis,
773 2627 806 2654 et
833 2624 866 2654 in
898 2624 1004 2654 Missis
1030 2635 1068 2654 ac
1093 2625 1163 2655 aliis
1190 2626 1353 2665 suffragiis
1381 2626 1500 2656 vestris
1531 2625 1670 2655 assiduis
1695 2625 1904 2655 Altissimum

534 2667 677 2698 exoretis
692 2677 701 2704 3
718 2677 851 2707 vosque,
867 2667 1000 2697 Domini
1013 2668 1244 2698 Archidiaconi
1260 2669 1409 2708 predicti,
1422 2668 1522 2699 vestri
1536 2668 1696 2699 Officiales
1712 2672 1772 2698 aut
1784 2669 1905 2698 locum-

535 2714 698 2748 tenentes,
730 2721 788 2750 per
818 2710 1115 2741 Archidiaconatus
1142 2715 1278 2750 vestros,
1308 2716 1475 2752 quatenus
1504 2712 1546 2742 ad
1578 2715 1725 2742 vestrum
1760 2710 1905 2750 singulos

536 2753 669 2791 attinet,
698 2753 800 2783 eciam
832 2754 864 2783 in
900 2754 1052 2784 Ecclesiis
1083 2757 1151 2784 tam
1184 2755 1422 2794 Religiosorum
1455 2765 1554 2795 quam
1587 2758 1698 2785 nostre
1730 2753 1904 2784 Peculiaris

535 2796 792 2835 Jurisdiccionis,
817 2797 1016 2828 auctoritate
1039 2800 1161 2836 nostra,
1186 2798 1410 2829 processiones
1436 2797 1639 2839 hujusmodi,
1664 2801 1704 2829 ut
1725 2797 1902 2839 prefertur,
