1987 3062
137 337 212 363 A.D.

138 371 211 397 1374.

139 405 198 430 vul.
223 405 245 430 1.

463 236 749 269 REGISTRUM
786 214 1246 269 COMMUNE-—ANNO
1288 228 1348 270 5⁰.
1581 225 1675 269 343

289 339 424 370 defendi
440 342 475 370 et
492 339 524 370 in
542 339 772 379 prosperitatis
790 338 1039 378 tranquillitate
1055 338 1235 379 gubernari
1254 349 1260 376 ;
1284 342 1386 378 prout
1410 339 1498 369 idem
1516 339 1674 378 Princeps

289 383 527 420 inclitissimus,
546 386 615 413 tam
633 382 847 412 devotissime
871 392 971 422 quam
996 383 1148 419 fecunde,
1169 382 1379 413 credulitatis
1395 393 1453 412 sue
1472 389 1673 422 conceptum

291 427 438 457 declarat
464 436 521 466 per
547 436 623 456 snas
649 426 777 456 Literas
802 425 929 464 Regias,
954 425 1039 456 hanc
1063 426 1240 456 verborum
1264 426 1383 456 seriem
1407 425 1673 463 continentes,—

292 470 485 506 Edwardus,
509 469 799 508 etc.—Sperantes
830 469 920 508 quod
946 468 1146 499 devotarum
1173 469 1364 500 oracionum
1391 469 1558 508 suffragia,
1583 469 1673 500 inter

289 513 354 543 alia
379 512 513 552 pietatis
541 522 651 551 opera,
682 512 830 542 multum
859 515 1001 551 prosunt
1025 513 1067 542 ad
1094 512 1251 543 Divinam
1283 512 1541 543 misericordiam
1570 512 1671 552 impe-

291 556 455 594 trandam,
474 556 515 586 de
531 555 634 593 vobis,
651 555 748 595 cujus
764 558 894 586 statum
910 555 1135 586 benivolencie
1151 556 1284 595 speciali
1299 556 1412 586 favore
1428 556 1671 596 prosequimur,

290 603 331 631 ut
346 600 489 630 salutem
507 602 657 629 nostram
681 598 842 629 zelemini.
860 602 894 629 et
919 609 978 638 pro
1001 599 1107 636 nobis,
1126 609 1163 629 ac
1186 610 1246 638 pro
1269 602 1361 630 statu
1386 610 1543 639 prospero
1567 599 1673 638 Regni

291 643 406 681 nostri,
424 653 550 673 necnon
577 643 755 672 Procerum
779 646 814 672 et
830 642 1028 681 Magn-atum
1046 653 1083 672 ac
1107 643 1227 682 Populi
1250 642 1402 682 ejusdem
1427 643 1542 682 Regni,
1559 652 1673 682 preces

290 687 428 717 devotas
446 686 588 716 Domino
602 685 756 723 offeratis,
770 685 901 724 plenam
913 685 1068 716 fiduciam
1085 686 1286 725 optinentes,
1301 686 1514 716 devocionem
1528 690 1674 716 vestram

291 730 493 770 requirimus
523 732 559 759 et
588 739 743 768 rogamus
774 728 944 768 quatinus,
968 739 1045 759 cum
1078 729 1174 760 Clero
1203 732 1312 759 vestre
1341 729 1493 768 Diocesis,
1522 740 1610 759 nunc
1638 732 1674 760 et

292 774 324 804 in
342 774 500 804 futurum
516 773 651 812 dignam
667 772 914 802 solicitudinem
931 772 1132 811 impendatis
1156 775 1191 803 et
1213 773 1376 803 insistatis
1392 773 1532 803 assiduis
1549 772 1673 812 suppli-

292 817 480 847 cacionibus
496 820 531 847 et
546 815 838 846 intercessionibus
854 815 945 854 apud
962 816 1080 854 Deum,
1099 818 1139 846 ut
1162 816 1215 846 hic
1236 817 1304 846 Sua
1320 817 1445 855 pietate
1469 827 1528 846 nos
1552 816 1675 856 dirigat

293 870 352 900 per
378 860 523 891 Suorum
548 859 701 890 semitam
730 859 977 893 mandatorum,
1008 862 1206 898 statumque
1234 859 1340 899 Regni
1366 860 1517 899 predicti,
1547 870 1674 890 necnon

294 905 484 941 Procerum,
516 904 723 942 Magnatnm,
750 913 787 932 ac
820 902 938 941 Populi
969 901 1120 942 ejusdem
1152 903 1267 940 Regni,
1297 913 1491 933 conservare
1516 903 1676 943 dignetur

292 957 487 987 prosperum
511 950 547 977 et
570 946 946 986 tranquillum.—Teste
970 946 1104 985 meipso,
1121 946 1212 985 apud
1231 946 1574 981 westmonasterium,
1593 946 1675 976 vice-

292 991 376 1021 simo
391 990 445 1020 die
462 989 616 1029 Augusti,
634 991 728 1019 Anno
745 989 851 1028 Regni
868 989 974 1019 nostri
990 989 1110 1029 Anglie
1126 989 1381 1029 quadragesimo
1397 994 1514 1020 octavo
1532 1000 1538 1023 ;
1562 990 1674 1029 Regni,

292 1045 379 1071 vero,
403 1033 510 1064 nostri
534 1033 672 1063 Francie
695 1033 863 1063 tricesimo
886 1032 1249 1072 qui11t0.—P1·e1nissis,
1274 1033 1390 1072 igitur,
1414 1033 1448 1063 in
1472 1033 1675 1063 scrutinium

293 1077 406 1108 debite
442 1076 715 1107 consideracionis
750 1076 914 1113 adductis,
946 1086 1047 1116 quem
1081 1076 1184 1115 Regni
1215 1076 1334 1116 Anglie
1365 1076 1589 1107 habitatorem
1624 1076 1676 1107 vel

294 1121 445 1158 incolam,
476 1130 575 1160 quem
608 1120 696 1159 pacis
727 1123 762 1150 et
791 1119 925 1149 honoris
956 1120 1050 1158 Regii
1081 1120 1268 1157 zelatorem,
1302 1124 1495 1150 nostrorum
1528 1120 1677 1160 undique

293 1164 442 1194 hostium
469 1164 585 1194 furens
613 1163 732 1193 sevicia
760 1166 795 1194 et
818 1163 1044 1193 intumescens
1072 1163 1227 1202 superbia
1252 1174 1316 1193 non
1342 1168 1505 1203 tangeret,
1530 1168 1563 1193 et
1589 1163 1677 1194 tanti

294 1207 456 1246 Principis
472 1206 630 1246 supplicis
646 1206 891 1237 intercessionis
915 1206 1113 1245 suffragium
1137 1217 1202 1236 non
1228 1210 1386 1244 moveret,
1406 1207 1577 1246 potissime
1601 1217 1679 1237 cum

294 1261 333 1281 ex
358 1251 421 1280 hiis
444 1250 548 1289 ipsius
566 1250 701 1280 Domini
718 1250 815 1288 Regis
831 1249 873 1280 ad
898 1249 1058 1289 Regimen
1082 1253 1118 1280 et
1143 1250 1308 1289 Populum
1332 1250 1394 1280 sibi
1418 1250 1585 1280 creditum
1609 1250 1679 1280 tuti

295 1293 465 1334 regiminis
491 1293 599 1333 liquet
629 1293 772 1330 affeccio,
801 1293 946 1332 ipseque,
975 1296 1010 1323 et
1041 1293 1092 1323 sui
1121 1293 1153 1322 in
1185 1293 1315 1323 actibus
1343 1293 1503 1323 bellicosis
1528 1294 1676 1330 comites,

296 1337 473 1367 transactis
490 1336 698 1376 temporibus
714 1339 748 1366 et
765 1336 879 1371 indies,
897 1340 1012 1366 nostra
1028 1336 1208 1366 excuciunt
1225 1336 1442 1374 incommoda,
1460 1347 1678 1376 personarum

296 1380 465 1420 repellunt
482 1380 649 1420 pericula;
673 1384 707 1409 et
731 1390 789 1409 nos
812 1380 847 1409 in
870 1379 981 1409 labore
1005 1389 1121 1409 eorum
1142 1380 1342 1419 quiescimus
1358 1383 1393 1410 et
1410 1380 1498 1419 pacis
1523 1380 1679 1410 ubertate

296 1425 451 1454 letamur.
500 1423 586 1453 Hinc
610 1433 669 1453 nos
692 1423 827 1452 evidens
850 1426 965 1452 evocat
982 1423 1078 1459 racio,
1096 1426 1145 1461 ut,
1163 1423 1244 1453 dum
1263 1423 1304 1453 ad
1328 1423 1525 1454 evitandum
1551 1424 1677 1453 minora

297 1467 453 1507 pericula,
471 1470 506 1497 et
524 1466 652 1496 minora
675 1466 844 1506 adquisita
867 1466 1011 1496 feliciter
1031 1466 1306 1504 conservandum,
1331 1471 1445 1497 nostra
1469 1467 1609 1497 solerter
1627 1477 1678 1496 va-

296 1514 350 1541 cat
373 1510 528 1548 intencio,
547 1509 705 1550 premissa
721 1519 786 1549 que
810 1509 1041 1548 periculosiora
1065 1512 1145 1540 sunt
1169 1520 1381 1549 nequaquam
1398 1510 1525 1549 absque
1542 1520 1679 1550 precum

297 1557 333 1585 et
347 1553 554 1594 jejuniorum
571 1553 729 1592 suffragio
752 1553 921 1583 ullatenus
944 1553 1182 1592 relinquamus.
1230 1553 1390 1590 Quocirca
1417 1554 1679 1584 Universitatem

297 1600 453 1635 vestram,
478 1597 617 1627 eandem
642 1596 853 1626 obsecrantes
877 1606 935 1635 per
958 1596 1083 1626 viscera
1106 1596 1329 1626 misericordie
1353 1597 1415 1627 Dei
1437 1597 1553 1630 nostri,
1571 1601 1605 1627 et
1622 1607 1681 1636 per

297 1641 520 1680 aspersionem
540 1639 680 1670 Preciosi
697 1639 757 1670 Sui
781 1639 959 1678 Sanguinis
982 1639 1200 1676 obtestamur,
1226 1650 1353 1670 necnon
1378 1640 1622 1671 committimus
1646 1645 1681 1670 et

297 1684 504 1721 mandamus,
522 1683 555 1713 in
575 1683 701 1713 virtute
719 1683 918 1713 Obediencie
942 1683 1036 1712 nobis
1060 1683 1201 1722 prestite
1216 1693 1253 1713 ac
1267 1683 1381 1723 jurate
1404 1684 1546 1714 firmiter
1569 1684 1680 1724 injun-

298 1730 424 1767 gentes,
442 1731 491 1765 ut,
509 1729 687 1766 pensantes
710 1726 878 1756 attencius
902 1726 1116 1756 commodum
1139 1736 1316 1756 commune
1339 1727 1547 1766 singulorum
1571 1732 1606 1758 et
1634 1727 1681 1757 rei

298 1770 439 1810 publice,
456 1770 684 1809 honoremque
702 1770 761 1799 Dei
785 1772 820 1799 et
846 1771 1061 1800 Sacrosancte
1081 1770 1232 1807 Ecclesie,
1251 1780 1364 1808 pacem
1391 1770 1595 1801 Universalis
1620 1771 1679 1800 Ec-

297 1814 404 1851 clesie,
421 1824 549 1844 necnon
565 1813 733 1843 salubrem
757 1816 886 1843 statum
910 1813 1014 1852 ipsius
1036 1813 1170 1843 Domini
1188 1813 1304 1850 nostri,
1331 1814 1428 1853 Regis
1452 1814 1680 1851 illustrissimi,

298 1861 334 1888 et
356 1857 476 1896 Regni,
500 1867 628 1887 necnon
648 1857 829 1887 Procerum
845 1860 880 1887 et
898 1857 1103 1895 Magnatum,
1129 1859 1163 1886 et
1188 1856 1307 1896 Populi
1331 1857 1514 1897 Anglicani,
1538 1857 1682 1888 humiles

298 1911 410 1940 preces
427 1900 580 1931 fundatis
602 1900 644 1930 ad
663 1900 855 1938 Dominum,
873 1902 907 1931 et
930 1900 972 1930 ad
997 1900 1085 1930 Eum
1109 1899 1238 1930 devotis
1254 1900 1392 1940 jejuniis
1415 1904 1450 1931 et
1473 1901 1682 1931 oracionibus

298 1943 471 1981 insistatis
500 1946 541 1974 ut
566 1943 608 1973 ab
635 1943 814 1974 hostilibus
839 1954 899 1973 nos
926 1946 1066 1974 tueatur
1092 1943 1289 1981 incursibus,
1308 1948 1343 1974 et
1370 1954 1429 1974 nos
1456 1948 1491 1975 et
1516 1945 1683 1983 Populum

299 1987 521 2026 Anglicanum
554 1987 642 2026 pacis
671 1986 883 2027 jocunditate
914 1989 949 2017 et
980 1989 1091 2017 status
1122 1986 1344 2026 prosperitate
1375 1992 1410 2018 et
1435 1988 1684 2028 tranquillitate

300 2040 395 2071 posse
418 2030 486 2060 frui
509 2034 543 2060 et
566 2029 673 2068 letari,
698 2030 733 2060 in
755 2030 895 2069 singulis
919 2030 1073 2060 Ecclesiis
1099 2030 1396 2063 Conventualibns,
1421 2031 1622 2071 Collegi-atis,
1648 2034 1683 2062 et

299 2074 383 2112 aliis,
416 2077 530 2104 nostre
562 2073 717 2112 Diocesis,
749 2073 837 2103 infra
868 2073 1166 2104 Archidiaconatus
1192 2074 1295 2104 vestri
1323 2074 1447 2104 limites
1478 2075 1683 2112 constitutis,

301 2117 436 2147 Missam
453 2127 530 2147 cum
547 2117 661 2148 Officio
678 2116 775 2147 Salus
792 2116 916 2156 populi,
934 2120 969 2147 et
992 2116 1200 2147 oracionibus
1223 2117 1264 2146 ad
1290 2118 1449 2156 premissa
1472 2118 1683 2157 congruenti-

300 2161 373 2197 bus,
391 2160 425 2190 in
449 2160 587 2200 singulis
610 2160 740 2200 quartis
763 2163 798 2190 et
827 2160 930 2191 sextis
953 2160 1045 2190 feriis
1068 2160 1271 2198 successivis,
1290 2160 1474 2191 dummodo
1498 2164 1603 2192 cesset
1619 2161 1684 2191 alia

300 2203 485 2243 impediens
501 2214 598 2234 causa
614 2203 831 2239 racionabilis,
849 2203 1050 2243 precedente
1061 2203 1225 2242 solempni
1240 2204 1458 2242 Processione,
1476 2207 1511 2235 et
1528 2204 1682 2235 decanta-

300 2247 394 2277 cione
419 2247 517 2278 solita
542 2246 688 2285 Letanie,
716 2257 774 2286 per
801 2247 889 2277 vicos
916 2250 951 2277 et
978 2247 1048 2277 loca
1071 2246 1214 2284 faciatis,
1240 2247 1372 2284 devote,
1398 2247 1624 2287 solempniter,
1649 2250 1684 2278 et

301 2290 458 2330 precipue
473 2290 651 2328 celebrari3
674 2289 832 2330 quodque
846 2290 980 2320 Clerum
993 2294 1028 2320 et
1041 2289 1207 2329 Populum
1225 2292 1389 2328 nostrum,
1404 2293 1472 2320 tam
1487 2293 1683 2330 exemptum

301 2343 403 2372 quam
426 2343 493 2363 non
516 2336 722 2373 exemptum,
740 2333 860 2364 vestris
883 2333 1050 2363 inclusum
1073 2333 1248 2370 limitibus,
1273 2333 1306 2363 in
1332 2333 1509 2364 Missarum
1534 2334 1683 2374 Solemp-

300 2376 364 2406 niis
380 2379 414 2406 et
430 2377 714 2416 proposicionibus
729 2376 831 2407 Verbi
848 2376 918 2415 Dei,
936 2376 978 2406 ad
1002 2376 1120 2406 similia
1137 2379 1172 2406 et
1194 2376 1274 2406 alias
1298 2376 1524 2406 Processiones
1547 2377 1685 2407 devotas

302 2419 442 2450 solerter
467 2419 625 2450 inducere
649 2420 839 2457 studeatis3
871 2423 911 2450 ut
941 2420 1017 2459 lpse
1048 2419 1220 2450 Gloriosus
1253 2420 1343 2449 Deus
1373 2423 1408 2450 et
1439 2419 1473 2450 in
1506 2420 1685 2459 Maiestate

302 2462 471 2499 mirabilis,
490 2462 597 2502 Cujus
619 2463 797 2493 ineffabilis
820 2462 967 2493 altitudo
985 2462 1159 2502 Cujusque
1183 2462 1335 2501 potencia
1358 2463 1459 2493 nullis
1482 2466 1531 2493 est
1556 2463 1683 2493 inclusa

302 2505 476 2543 limitibus,
490 2506 591 2536 nullis
607 2506 759 2537 terminis
775 2506 1021 2545 comprehensa,
1036 2505 1101 2543 Qui
1117 2505 1325 2535 concordiam
1342 2505 1423 2536 facit
1435 2506 1470 2536 in
1482 2506 1682 2537 sublimibus

304 2548 390 2586 Suis,
415 2548 461 2578 sic
485 2549 605 2580 efficiat
630 2549 797 2579 (lictorum
819 2549 967 2579 hostium
996 2552 1031 2579 et
1056 2549 1268 2578 inimicorum
1295 2552 1488 2579 nostrorum
1512 2550 1612 2580 corda
1639 2550 1683 2580 ad.

307 2601 419 2631 pacem
435 2591 525 2622 inter
541 2593 655 2631 Regna
670 2592 859 2622 habendam
882 2596 917 2623 et
940 2592 1159 2629 concordiam,
1176 2591 1350 2631 dictosque
1374 2592 1486 2623 hostes
1509 2597 1544 2624 et
1567 2603 1682 2623 omnes

303 2634 385 2665 alios
407 2644 490 2674 quos
512 2635 555 2665 ad
577 2635 824 2675 oppressionem
849 2635 953 2675 Regni
976 2638 1011 2665 et
1030 2634 1136 2674 plebis
1152 2634 1333 2674 Anglicane
1348 2635 1455 2666 rabies
1472 2636 1683 2676 Franssigeni

305 2678 428 2708 furoris
454 2678 662 2718 aliorumque
689 2678 843 2718 provexit
870 2678 1032 2718 superbia,
1059 2678 1125 2708 Sua
1149 2677 1278 2708 virtute
1302 2678 1477 2709 manifesta
1500 2679 1630 2717 deiciat,
1647 2683 1683 2710 et

306 2721 396 2751 dicto
425 2721 569 2761 Principi
596 2724 711 2752 nostro
737 2732 773 2752 ac
800 2721 862 2752 sibi
888 2721 1121 2752 assistentibus
1147 2721 1286 2752 Celestis
1310 2722 1425 2752 auxilii
1449 2722 1593 2762 graciam
1620 2723 1683 2753 sibi

304 2764 454 2794 conferat
484 2767 518 2795 et
550 2764 786 2804 triumphum;
816 2767 855 2794 ut
877 2764 948 2804 ipse
974 2764 1063 2794 idem
1091 2764 1172 2802 Rex,
1201 2764 1355 2803 Regnum
1386 2775 1495 2803 suum,
1523 2770 1558 2796 et
1589 2769 1683 2797 totus

306 2807 453 2847 Populus
469 2817 549 2838 suus
572 2807 635 2838 sibi
658 2807 840 2847 subjectUS,
865 2807 899 2837 in
923 2807 1012 2847 pacis
1035 2806 1262 2847 pulcritudine
1286 2810 1321 2838 et
1344 2808 1575 2849 prosperitatis
1593 2813 1683 2840 tran-
