1987 3062
464 233 750 269 REGISTRUM
776 232 1235 268 COMMUNE-ANNO
1263 222 1322 264 5⁰.
1565 221 1658 263 359

124 335 200 395 {43:7¹}-
234 338 587 383 Manumission,—

125 389 396 428 v01‚’1‚Omnibus
420 391 547 423 Christi
571 391 724 421 fidelibus
747 391 789 422 ad
813 401 896 431 quos
920 393 1090 431 presentes
1114 389 1227 420 Litere
1245 387 1468 428 pervenerint,
1487 386 1659 417 Johannes

276 435 465 473 Daumarle,
490 435 594 472 Miles,
619 435 763 465 salntem
786 434 819 464 in
846 433 1217 465 Domin0.—Noveritis
1241 432 1341 472 quod,
1366 441 1443 461 cum
1462 430 1658 467 willelmus,

276 478 363 509 filius
381 478 513 515 Ricardi
529 478 770 515 Yabbecombe,
788 478 922 508 nativus
939 487 1033 508 meus
1057 476 1197 506 Manerii
1213 476 1278 505 mei
1295 475 1336 505 de
1352 475 1505 505 Avetone
1529 474 1659 504 Giffard

276 522 400 560 extitit,
419 523 459 552 de
482 532 558 561 quo,
576 524 610 551 et
635 522 675 550 de
698 521 961 551 antecessoribus
978 520 1056 557 suis,
1075 529 1133 559 ego
1158 522 1192 549 et
1214 522 1437 549 antecessores
1460 517 1536 555 mei,
1556 520 1596 547 nt
1619 516 1660 546 de

277 565 397 595 nativis
415 565 544 603 nostris,
562 564 666 594 seisiti
686 564 848 594 fuerimus
864 575 882 594 a
905 567 1054 603 tempore
1072 573 1138 603 quo
1161 573 1227 592 non
1252 565 1346 592 extat
1369 560 1550 598 memoria;
1575 559 1658 597 volo,

278 612 400 647 tamen,
418 613 452 639 et
469 608 610 638 concedo
627 608 717 647 quod
735 608 904 646 predictus
922 607 1107 637 Willelmus
1124 616 1200 645 erga
1218 615 1269 636 me
1286 608 1320 636 et
1337 605 1474 635 heredes
1491 614 1581 634 meos
1598 603 1658 633 im-

280 655 480 692 perpetuum
496 652 541 682 sit
557 651 658 681 libere
674 650 875 681 condicionis
898 653 932 681 et
949 650 990 680 ab
1007 649 1098 680 omni
1114 649 1276 680 servitute
1300 647 1602 689 quietus—Dated
1628 650 1662 677 at

280 696 413 733 Exeter,
431 696 470 725 24
488 695 591 735 April.

235 750 291 786 St.
315 749 597 794 Constantine3
626 748 778 785 Licence
799 754 836 784 to
855 748 1104 793 celebrate,—

236 803 332 841 Item,
351 803 483 841 ibidem,
502 802 640 843 xxviij
657 802 719 840 die,
737 801 881 833 Jacobns
898 801 1044 841 Gerveys
1068 804 1102 831 et
1119 800 1259 831 Isabella
1275 809 1359 830 uxor
1374 798 1448 839 ejus
1472 799 1663 829 habuerunt

280 846 473 884 Licenciam,
492 850 563 884 etc„
588 847 622 876 in
647 845 814 885 presencia
837 845 985 885 ipsorum
1009 854 1067 874 sen
1091 853 1206 874 eorum
1231 843 1377 881 alterius,
1402 842 1490 873 infra
1513 842 1661 872 Maneria

278 900 338 920 sua
361 890 401 920 de
426 889 612 920 Benadleke
636 892 670 919 et
694 888 970 920 Caerwetheneke
995 886 1080 926 [both
1103 887 1139 917 in
1162 887 1208 918 Sc.
1228 885 1475 926 O·›nstantine];
1499 886 1659 926 quamdiu

280 933 422 963 Domino
440 932 613 973 placuerit.

235 987 479 1036 Witheridge
502 985 736 1038 [thitrng
757 983 856 1037 MS]
871 999 881 1032 3
912 985 1059 1022 Master
1079 984 1216 1034 Henry
1236 984 1283 1022 de
1304 983 1523 1030 Littiltone,
1547 984 1663 1029 R,-

236 1041 373 1072 Licence
389 1041 422 1072 of
438 1040 688 1071 non-residence
705 1040 756 1070 for
772 1051 790 1070 a
806 1050 884 1080 year
901 1040 1004 1078 (same
1021 1038 1122 1077 date).

236 1096 439 1146 Glasneye,
462 1096 530 1133 the
551 1095 765 1143 Collegiate
786 1094 943 1132 Church
963 1094 1004 1131 of
1019 1107 1029 1141 3
1067 1092 1322 1138 Withiella—

235 1150 387 1188 Thomas,
413 1154 488 1188 etc.‚
515 1149 673 1189 Magistro
697 1149 824 1179 Simoni
847 1148 1028 1185 Withielle,
1053 1147 1191 1178 officiali
1214 1150 1327 1177 nostre
1352 1146 1531 1178 Peculiaris
1553 1146 1574 1177 J
1580 1146 1660 1177 uris-

279 1193 434 1223 diccionis
450 1193 483 1223 in
501 1192 678 1230 Cornubia,
696 1192 850 1230 salutem,
867 1191 1080 1229 etc—Licet,
1096 1190 1196 1230 juxta
1218 1190 1420 1229 exigenciam
1444 1190 1663 1220 laudabilium

281 1237 494 1267 Statntorum
512 1235 655 1266 Ecclesie
672 1242 784 1265 nostre
802 1234 981 1274 Collegiate
998 1235 1093 1264 Beati
1109 1234 1245 1272 Thome,
1264 1233 1419 1271 Martii-is,
1435 1234 1609 1274 Glasneye,
1626 1233 1661 1263 in

281 1279 431 1319 quolibet
458 1280 538 1310 anni
564 1279 732 1319 quarterio
759 1278 802 1308 ad
828 1277 1045 1308 residenciam
1070 1276 1138 1317 xlvj
1166 1277 1297 1307 dierum
1324 1277 1485 1312 tenearis;
1516 1280 1662 1317 propter,

280 1326 403 1362 tamen,
421 1323 566 1352 diversas
582 1321 814 1361 occupationes
830 1321 994 1360 legitimas
1011 1321 1224 1359 negociorum
1247 1323 1438 1350 nostrorum
1463 1323 1496 1351 et
1522 1320 1665 1350 Ecclesie

282 1372 394 1396 nostre
419 1365 626 1397 Cathedralis
652 1365 786 1403 Exonie,
804 1365 927 1405 quibus
951 1367 1131 1404 occupatus
1155 1363 1280 1401 existis,
1304 1364 1346 1394 ab
1368 1363 1564 1403 hujusmodi
1587 1363 1664 1393 resi-

280 1409 395 1439 dencia
419 1412 452 1439 te
475 1409 648 1439 absentare
671 1412 827 1448 oportet3
853 1411 892 1438 ut
907 1408 940 1438 in
957 1407 1108 1447 quolibet
1123 1407 1292 1446 quarterio
1309 1404 1377 1437 xxti
1400 1407 1510 1437 tribus
1534 1406 1662 1445 diebus,

279 1453 402 1492 quibus
426 1452 622 1492 hujusmodi
645 1451 787 1491 negociis
804 1461 917 1481 vacare
935 1450 1121 1488 dinosceris,
1139 1450 1283 1480 durante
1306 1449 1502 1490 hujusmodi
1526 1460 1662 1490 occupa-

280 1496 372 1525 cione
389 1499 423 1526 et
439 1495 626 1533 excercicio,
644 1505 710 1525 non
724 1494 935 1525 obstantibus
948 1493 1144 1534 hujusmodi
1160 1493 1315 1532 Statutis,
1329 1496 1364 1524 te
1379 1493 1468 1524 licite
1481 1493 1663 1532 absentare,

279 1549 317 1569 ac
343 1539 478 1569 interim
506 1538 713 1578 integraliter
740 1537 995 1568 distribuciones
1022 1540 1055 1567 et
1081 1540 1208 1567 ceteros
1235 1540 1419 1577 proventus
1449 1540 1484 1567 et
1509 1537 1664 1567 redditus

280 1592 510 1622 quoscumque
533 1582 699 1621 percipere
717 1581 805 1612 licite
822 1581 940 1618 valeas,
960 1591 997 1611 ac
1020 1581 1048 1610 si
1071 1580 1289 1610 residenciam
1312 1580 1435 1611 faceres
1458 1580 1493 1610 in
1518 1580 1664 1611 Ecclesia

279 1626 427 1665 predicta
458 1625 672 1666 personalem,
699 1628 812 1655 tecum
836 1627 950 1654 tenore
974 1623 1188 1654 Presencium
1212 1624 1469 1663 dispensamus3
1502 1624 1662 1664 qnodque

280 1669 451 1709 Preposito
479 1672 513 1699 et
537 1669 653 1699 ceteris
679 1668 853 1699 Canonicis
877 1667 1021 1697 Ecclesie
1044 1670 1157 1697 nostre
1179 1667 1379 1706 supradicte,
1397 1667 1519 1697 nostris
1544 1667 1664 1698 Literis

279 1712 397 1743 damus
411 1712 443 1742 in
461 1712 770 1752 preceptis—quod
793 1710 856 1741 tibi
879 1710 1001 1749 debite,
1018 1714 1059 1741 ut
1082 1710 1179 1740 alteri
1201 1710 1361 1741 residenti
1386 1710 1602 1750 personaliter
1625 1710 1660 1741 in

277 1756 402 1793 eadem,
419 1755 460 1785 de
477 1755 673 1795 hujusmodi
696 1754 993 1785 distribucionibus
1016 1757 1051 1784 et
1073 1753 1190 1784 ceteris
1215 1753 1433 1794 proventibus
1455 1753 1664 1794 integraliter

277 1799 500 1839 respondeant
523 1802 557 1829 et
579 1809 657 1828 cum
680 1798 802 1829 effectu
821 1808 828 1836 3
861 1797 1059 1838 hujusmodi
1082 1796 1234 1828 absencia
1257 1800 1317 1828 tna
1343 1807 1409 1828 non
1433 1797 1599 1836 obstante,
1623 1801 1663 1828 ut

277 1842 487 1882 premittitur
502 1841 803 1873 causata—Dat&
819 1844 855 1872 at
874 1841 978 1882 Clyst,
999 1842 1038 1872 28
1056 1840 1162 1880 April.

233 1896 535 1947 Archdeaconry
555 1898 594 1934 of
613 1896 804 1934 Cornwall
822 1910 833 1944 3
860 1896 1055 1933 Inhibz'cz'o
1074 1903 1207 1933 eontra
1230 1895 1439 1945 Officialem
1458 1896 1663 1934 Arclcidia-

291 1952 375 1989 coni
404 1951 603 1996 Gornubie,
635 1964 679 1988 ne
708 1957 829 1988 teneat
861 1950 1050 1998 Capitula
1077 1956 1146 1987 aut
1176 1963 1327 1987 cursum
1357 1964 1468 1988 suum
1501 1957 1662 1999 tempore

292 2005 683 2051 Consistoriorum,-——

236 2059 389 2098 Thomas,
414 2063 486 2098 etc,
512 2059 680 2099 Magistris
702 2059 775 2089 Ade
798 2058 924 2098 Spar-ke
950 2068 987 2089 ac
1009 2057 1177 2089 'Willelmo
1202 2058 1400 2097 Castelaker‚
1430 2058 1604 2089 Canonicis
1626 2058 1661 2089 in

277 2103 422 2134 Ecclesia
438 2106 551 2133 nostra
575 2102 756 2142 Collegi-ata
780 2101 874 2132 Beati
897 2101 1033 2140 Thome,
1059 2101 1214 2139 Martiris,
1232 2101 1406 2140 Glasneye,
1423 2102 1578 2140 salutem,
1596 2105 1657 2133 etc.

277 2147 373 2177 —Ex
389 2146 548 2176 relacione
566 2146 733 2185 fidedigna
755 2156 793 2175 ac
816 2145 895 2175 facti
919 2145 1124 2185 experiencia
1148 2145 1385 2183 intelleximus,
1402 2144 1472 2185 jam
1497 2146 1538 2176 de
1561 2156 1657 2182 novo,

277 2190 367 2230 quod
384 2190 521 2229 quidam
540 2189 695 2229 Magister
713 2188 872 2219 Ricardus
894 2188 1114 2227 Trevemyny‚
1133 2188 1287 2219 Officialis
1305 2189 1536 2219 Archidiaconi
1553 2189 1659 2219 nostri

278 2233 454 2271 Cornubie,
475 2236 589 2263 contra
613 2233 751 2263 Statuta
771 2243 790 2261 a
812 2231 1103 2262 Predecessoribus
1127 2231 1251 2261 nostris
1274 2232 1371 2269 edita,
1391 2235 1424 2262 et
1449 2242 1506 2271 per
1523 2232 1657 2262 Clerum

275 2279 387 2306 nostre
406 2276 552 2306 Diocesis
567 2275 710 2306 admissa
727 2278 761 2305 et
783 2275 987 2305 sufficienter
1010 2274 1172 2304 hactenus
1196 2274 1330 2312 usitata,
1355 2280 1505 2314 tempore
1529 2275 1659 2306 Consis-

275 2319 437 2350 toriorum
453 2324 645 2349 nostrorum
662 2318 788 2349 Exonie
807 2317 1080 2348 celebrandorum
1103 2327 1238 2348 cursum
1262 2328 1361 2348 suum
1385 2321 1420 2348 et
1444 2318 1598 2357 Capitula
1622 2319 1656 2348 in

277 2362 556 2393 Archidiaconatu
590 2362 749 2402 predicto,
777 2361 810 2391 in
842 2360 1091 2391 enervacionem
1118 2363 1152 2390 et
1178 2360 1367 2391 illusionem
1404 2361 1656 2392 Jnrisdiccionis

275 2409 388 2436 nostre
418 2405 590 2443 ordinarie,
622 2405 794 2444 nostrique
829 2403 1052 2444 prejudicium
1090 2413 1127 2434 ac
1161 2406 1394 2443 contemptum
1426 2404 1653 2443 manifestum,

274 2452 387 2480 tenere
403 2459 470 2480 non
486 2452 630 2480 veretur.
676 2448 835 2479 Volentes
852 2452 1000 2477 nostram
1016 2446 1216 2476 ordinariam
1240 2446 1260 2477 J
1266 2446 1517 2478 nrisdiccionem
1541 2448 1654 2479 defen-

275 2493 361 2532 dere,
379 2496 419 2523 ut
433 2495 597 2530 tenemur,
616 2491 717 2530 vobis,
735 2490 958 2521 communiter
974 2492 1008 2520 et
1024 2489 1165 2527 divisim,
1183 2490 1437 2528 committimus,
1455 2493 1528 2529 etc.,
1546 2491 1654 2531 quati-

274 2546 338 2566 nus
354 2537 482 2576 prefato
499 2535 637 2567 Officiali
659 2534 839 2565 inhibeatis
862 2537 897 2564 et
920 2533 1095 2564 efficaciter
1119 2533 1281 2563 moneatis
1305 2534 1462 2572 eundem,
1481 2535 1544 2564 sub
1568 2544 1653 2574 pena

277 2579 641 2610 Excommunicacionis
664 2577 847 2618 Majoris‚—
857 2587 966 2617 quam,
991 2576 1019 2606 si
1049 2575 1245 2616 hujusmodi
1268 2576 1466 2607 Inhibicioni
1490 2580 1524 2607 et
1547 2578 1652 2608 Moni-

277 2622 362 2653 cioni
379 2623 505 2660 vestris,
519 2632 632 2662 ymmo
649 2621 758 2651 verius
775 2622 905 2658 nostris,
923 2619 1030 2659 culpa,
1049 2629 1150 2658 mora,
1165 2622 1198 2649 et
1213 2619 1336 2649 offensa
1351 2619 1419 2650 suis
1431 2620 1651 2659 exigentibus,

275 2675 341 2695 non
366 2666 514 2705 paruerit
536 2675 613 2696 cum
640 2664 770 2702 effectu,
786 2664 821 2694 in
850 2672 1023 2703 personam
1050 2662 1202 2702 ejusdem
1229 2662 1437 2693 intendimus
1464 2663 1653 2702 fulminare,

278 2719 362 2739 -ne
376 2711 526 2748 tempore
543 2708 823 2739 Consistoriorum
840 2711 1030 2737 nostrorum
1048 2705 1174 2736 Exonie
1187 2705 1468 2745 celebrandorum,
1479 2717 1653 2748 congrega—

277 2751 386 2782 ciones
409 2752 545 2792 aliquas,
562 2751 790 2788 correcciones,
808 2761 866 2780 seu
885 2749 1039 2789 Capitnla
1054 2748 1088 2779 in
1106 2748 1384 2780 Archidiaconatu
1409 2750 1558 2789 predicto
1582 2761 1652 2791 pre-

276 2798 390 2826 sumat
405 2795 446 2825 de
456 2798 566 2826 cetero
577 2794 684 2825 facere
695 2804 754 2825 seu
767 2797 880 2824 tenere
891 2792 1119 2833 quovismodo.
1165 2792 1338 2831 Moneatis,
1352 2792 1496 2833 insuper,
1510 2795 1655 2825 eundem

277 2837 467 2877 Officialem,
485 2837 547 2868 sub
563 2837 676 2868 debito
691 2836 874 2878 juramenti
893 2835 944 2867 sui
959 2835 1039 2866 alias
1056 2834 1197 2876 prestiti,
1214 2835 1305 2876 quod
1328 2835 1467 2876 singulis
1486 2837 1652 2868 Consisto·
