1987 3062
201 237 227 279 8
716 241 815 274 THE
850 240 1091 274 Recisrssn
1126 238 1186 272 oF

195 347 284 377 [Ap.
354 345 591 396 ampliandis
619 349 660 383 et
688 343 966 382 conservandis
995 343 1151 393 juribus
1185 343 1265 380 suis
1299 342 1354 379 sic
1383 355 1449 379 eos
1481 341 1541 378 tui
1571 340 1719 377 favoris

196 382 276 444 iiii?-
354 400 525 450 presidio
552 399 798 448 prosequaris
833 397 937 447 quod
971 398 1052 446 ipse
1081 397 1250 434 Thomas
1286 396 1457 440 Electus,
1489 399 1559 432 tuo
1592 394 1720 431 fultus

196 447 258 473 V⁰¹·
279 447 317 472 ¹¹·
356 454 515 499 auxilio,
543 454 585 490 in
614 453 818 489 commisso
846 451 921 488 sibi
944 451 1115 488 Ecclesie
1144 450 1298 499 prefate
1318 449 1507 499 regimine
1527 462 1567 485 se
1596 447 1721 497 possit

358 508 496 544 utilius
515 519 727 551 excercere,
749 509 872 554 tuque
892 505 1083 541 Divinam
1102 503 1411 541 misericordiam
1426 503 1558 540 valeas
1577 500 1721 539 exinde

358 561 517 598 uberius
536 559 758 609 promereri.
818 559 950 609 (Same
970 558 1091 608 date).

195 658 246 685 fo1.
256 658 301 685 3b·
357 658 582 696 —Domino
602 658 701 706 Reyi
714 671 789 706 pro
810 657 1040 694 liba-acione
1061 656 1404 705 temporalium,—

306 712 496 750 Urbanus
517 712 743 760 Episcopus,
767 711 911 748 Servus
940 724 1142 748 servorum
1163 710 1248 755 Dei,
1271 709 1473 746 carissimo
1499 708 1541 744 in
1562 707 1722 745 Christo

358 766 448 811 filio,
472 765 677 811 Edward0,
702 765 803 813 Regi
826 765 973 813 Anglie
1002 765 1159 809 illustri,
1191 764 1360 800 salutem
1388 766 1429 800 et
1448 762 1722 811 Apostolicam

356 818 882 856 benediccionem—Gracie
890 818 1036 855 Divine
1048 818 1242 866 premium
1254 821 1295 854 et
1310 817 1538 866 preconium
1550 815 1722 852 humane

357 872 486 909 laudis
505 872 734 921 acquiritur,
757 872 789 908 si
817 885 886 920 per
909 872 1102 909 seculares
1123 871 1326 920 Principes
1347 870 1613 907 Ecclesiarum
1634 869 1723 906 Pre-

357 926 460 971 latis,
475 926 682 974 presertim
699 925 963 962 Ecclesiarum
980 924 1279 962 Cathedralium
1295 924 1477 973 regimini
1492 922 1724 972 presidenti-

358 979 442 1024 bus,
464 979 650 1028 oportuni
669 979 816 1015 favoris
836 979 1051 1027 presidium
1070 983 1111 1016 et
1134 979 1258 1015 honor
1277 978 1436 1015 debitus
1455 976 1720 1026 impendatur.

359 1032 522 1069 Dudum
555 1032 749 1082 siquidem
783 1061 951 1069 .....
987 1033 1175 1081 suscipiet
1206 1033 1450 1069 incrementa
1479 1031 1541 1082 (ut
1569 1029 1720 1080 supra).

360 1086 470 1131 Cum,
493 1086 638 1135 itaque,
670 1086 726 1122 fili
755 1086 963 1131 carissime,
995 1087 1048 1123 sit
1076 1086 1240 1122 virtutis
1269 1099 1366 1134 opus
1398 1085 1471 1122 Dei
1500 1084 1721 1129 Ministros,

356 1143 398 1177 et
424 1140 633 1188 presertim
661 1139 859 1188 dignitate
888 1140 1114 1176 Pontificali
1142 1139 1330 1188 preditos,
1361 1139 1498 1175 favore
1526 1137 1720 1187 prosequi,

357 1206 403 1229 ac
426 1206 489 1230 eos
518 1192 649 1229 verbis
678 1196 719 1229 et
746 1192 929 1241 operibus
955 1206 1025 1241 pro
1056 1193 1197 1229 Eterni
1227 1193 1348 1242 Regis
1376 1193 1501 1241 gloria
1529 1191 1721 1236 venerari,

358 1246 621 1283 Serenitatem
659 1250 769 1282 tuam
800 1259 981 1295 rogamus
1012 1250 1052 1283 et
1089 1246 1295 1283 hortamur
1332 1249 1488 1283 attente
1522 1246 1722 1294 quatinus,

356 1299 525 1336 eundem
544 1299 733 1336 Thomam
750 1299 933 1336 Electum
952 1303 993 1336 et
1012 1300 1209 1348 prefatam
1226 1300 1442 1336 Ecclesiam
1459 1299 1724 1336 Exoniensem

357 1365 425 1389 sue
454 1366 545 1389 cure
573 1353 819 1389 commissam
848 1352 1008 1398 habens,
1040 1366 1111 1402 pro
1132 1353 1282 1389 Divina
1301 1357 1342 1390 et
1362 1353 1592 1402 Apostolice
1613 1352 1724 1389 Sedis

357 1410 398 1443 et
418 1410 553 1443 nostra
568 1406 793 1443 reverencia
807 1407 1039 1455 propensius
1055 1406 1359 1451 commendatos,
1376 1407 1430 1443 sic
1443 1407 1547 1455 ipsos
1563 1406 1725 1455 benigni

357 1459 504 1496 favoris
536 1460 686 1496 auxilio
713 1461 958 1509 prosequeris
988 1460 1091 1509 quod
1120 1460 1225 1497 idem
1254 1460 1423 1497 Thomas
1454 1460 1625 1504 Electus,
1657 1464 1725 1497 tue

358 1513 615 1550 Celsitudinis
635 1513 762 1550 fultus
781 1513 963 1562 presidio,
986 1514 1028 1550 in
1057 1515 1262 1551 commisso
1291 1514 1366 1551 sibi
1395 1527 1487 1551 cure
1508 1514 1725 1550 Pastoralis

357 1567 480 1603 officio
500 1567 633 1615 possit,
662 1567 747 1604 Deo
775 1568 959 1616 propicio,
990 1569 1223 1617 prosperari,
1255 1581 1300 1604 ac
1329 1567 1405 1604 tibi
1433 1567 1577 1605 exinde
1596 1581 1620 1604 a
1640 1567 1726 1604 Deo

358 1620 513 1668 plenius
546 1621 629 1658 vite
662 1621 856 1669 premium
885 1625 925 1658 et
955 1635 979 1657 a
1010 1621 1123 1659 nobis
1152 1621 1348 1671 condigna
1381 1621 1591 1670 proveniat
1619 1621 1726 1658 accio

357 1674 588 1723 graciarum.
648 1674 780 1725 (Same
800 1674 920 1725 date).

199 1768 248 1794 foi.
262 1770 284 1794 4.
308 1767 434 1821 [Here
467 1769 617 1807 follows
648 1783 671 1806 a
704 1769 905 1819 duplicate
938 1784 1036 1820 copy
1070 1770 1111 1808 of
1148 1771 1216 1808 the
1254 1771 1340 1808 first
1378 1771 1727 1819 Bull,—margsin;

364 1822 494 1859 “alibi
513 1823 702 1860 scribitur
721 1824 763 1860 in
782 1823 878 1861 folio
897 1823 1076 1876 p1·imo.'']

359 1918 599 1967 —Capitulo
618 1919 784 1956 Ecclesia
804 1919 1110 1965 firmiensis,—

309 1972 464 2003 Urbanus
483 1973 672 2012 Episcopus,
690 1976 764 2008 ete,
792 1973 946 2014 Capitulo
963 1974 1107 2004 Ecclesie
1126 1974 1320 2005 Exoniensis
1342 1974 1486 2005 salutem
1510 1978 1545 2005 et
1562 1975 1725 2015 Apostoli-

357 2026 429 2046 cam
470 2016 930 2047 benediccionem—Romani
968 2018 1148 2056 Pontificis,
1185 2022 1248 2049 etc.
1285 2018 1333 2057 (as
1372 2020 1408 2049 in
1439 2018 1488 2049 the
1512 2018 1624 2049 second
1647 2019 1727 2049 Ball

356 2058 571 2098 tkrouyhouc).
618 2059 730 2097 (Same
745 2059 847 2098 date).

199 2135 247 2162 s01·
260 2136 303 2162 4¹³-
359 2138 604 2176 ——Vassallis
623 2139 788 2177 Ecclesia
807 2140 1112 2187 Emoniensis‚—-

307 2191 391 2230 [The
406 2203 496 2223 same
511 2203 546 2223 as
562 2193 621 2224 the
637 2194 739 2224 above
756 2194 978 2234 throughout,
999 2198 1131 2227 mutatis
1146 2195 1337 2235 mutandi-ss.

199 2276 288 2303 101.5.
362 2279 696 2316 -Juramentum
715 2280 901 2329 Episcopi
921 2281 1225 2327 livoniensis,—

310 2333 389 2372 Ego,
408 2333 558 2370 Thomas,
576 2334 755 2374 Episcopus
774 2335 977 2373 Exoniensis,
996 2336 1037 2366 ab
1054 2336 1114 2366 hac
1138 2336 1217 2366 hora
1233 2336 1368 2367 inantea
1393 2336 1497 2366 fidelis
1519 2339 1553 2367 et
1570 2337 1726 2369 obediens

359 2386 415 2405 ero
432 2376 534 2406 Beato
552 2377 651 2407 Petro
668 2377 855 2417 Sancteque
875 2379 1060 2417 Apostolice
1078 2380 1226 2409 Romane
1255 2379 1404 2417 Ecclesie,
1427 2390 1464 2409 ac
1483 2380 1625 2410 Domino
1642 2391 1724 2418 meo,

362 2418 503 2449 Domino
533 2419 669 2450 Urbano
699 2421 784 2460 Pape
813 2421 849 2458 V,
878 2421 1014 2461 suisque
1039 2422 1289 2453 Successoribus
1315 2422 1480 2453 canonice
1506 2422 1724 2454 intrantibus.

361 2461 435 2491 Non
452 2472 506 2491 ero
522 2461 554 2492 in
570 2463 716 2498 consilio,
733 2474 904 2502 consensu,
922 2465 972 2494 vel
991 2465 1080 2495 facto
1096 2468 1136 2495 ut
1153 2466 1258 2495 vitam
1275 2465 1418 2504 perdant
1442 2468 1502 2495 aut
1528 2466 1724 2505 membrum,

359 2514 416 2534 seu
432 2505 605 2544 capiantur
622 2506 707 2536 mala
723 2508 884 2545 capcione.
918 2508 1111 2545 Consilium,
1130 2518 1216 2546 vero,
1235 2509 1324 2548 quod
1342 2508 1441 2538 michi
1458 2508 1618 2539 tradituri
1634 2513 1724 2548 sunt,

361 2557 418 2586 per
440 2558 473 2577 se
496 2551 556 2578 aut
581 2549 749 2579 Nuncium
777 2549 826 2579 vel
854 2560 913 2589 per
937 2551 1075 2587 Literas,
1097 2551 1139 2580 ad
1163 2561 1279 2581 eorum
1302 2551 1496 2590 dampnum,
1514 2561 1567 2581 me
1590 2552 1724 2591 sciente,

360 2590 483 2620 nemini
512 2591 663 2629 pandam.
711 2592 876 2632 Pap-atum
903 2594 1090 2624 Romanum
1116 2597 1151 2623 et
1178 2594 1311 2633 Regalia
1335 2594 1448 2624 Sancti
1476 2595 1565 2624 Petri
1588 2595 1726 2635 adjutor

360 2632 406 2662 eis
422 2643 477 2662 ero
492 2633 533 2662 ad
550 2634 763 2665 retinendum
780 2639 815 2665 et
831 2635 1091 2672 defendendum,
1112 2636 1202 2666 salvo
1220 2647 1291 2666 meo
1309 2636 1442 2673 Ordine,
1458 2640 1575 2668 contra
1591 2649 1725 2669 omnem

360 2675 535 2707 hominem.
583 2677 746 2716 Legatum
772 2679 959 2717 Apostolice
983 2679 1077 2709 Sedis
1100 2679 1133 2709 in
1162 2679 1272 2709 eundo
1295 2683 1330 2709 et
1353 2680 1524 2710 redeundo
1547 2681 1725 2712 honorifice

360 2718 519 2754 tractabo,
555 2722 590 2749 et
620 2720 653 2750 in
684 2721 752 2750 suis
783 2721 1037 2752 necessitatibus
1079 2722 1255 2761 adjuvabo.
1312 2722 1458 2753 Vocatus
1488 2723 1530 2752 ad
1562 2724 1724 2755 Sinodum

361 2760 500 2799 veniam,
531 2762 593 2791 nisi
631 2764 825 2802 prepeditus
861 2764 956 2794 fuero
991 2765 1157 2796 Canonica
1187 2764 1425 2804 prepedieione.
1488 2766 1726 2805 Apostolorum

361 2803 490 2833 Limina
510 2804 648 2844 singulis
674 2806 839 2837 Trienniis
862 2807 1014 2845 visitabo,
1041 2810 1102 2839 aut
1128 2818 1187 2847 per
1211 2818 1264 2838 me
1292 2811 1353 2839 aut
1378 2819 1437 2848 per
1464 2810 1633 2849 nuncium,
1662 2810 1726 2841 nisi
