1987 3062
326 192 419 235 262

323 305 400 331 A.D.

323 339 397 365 1372.

322 372 387 398 Vol.
402 372 427 398 1.

310 2683 359 2709 fol.
373 2684 415 2709 21.

528 204 626 236 THE
661 204 899 239 REGISTER
935 206 994 238 OF
1029 206 1205 240 BISHOP
1239 209 1641 244 BRANTYNGHAM.

473 308 618 347 trandos,
637 313 737 349 prout
761 313 875 341 tenore
900 311 1111 342 Presencium
1135 317 1383 355 sequestramus
1402 326 1409 353 ;
1432 317 1525 347 vobis
1549 317 1747 347 mandamus
1770 327 1848 357 qua-

474 353 565 382 tinus
581 352 776 393 hujusmodi
794 354 1011 394 Sequestrum
1036 360 1189 387 nostrum
1205 358 1240 388 in
1257 359 1346 389 dicta
1362 359 1505 390 Ecclesia
1521 360 1562 390 de
1578 360 1848 398 Northmoltone,

475 398 509 425 et
524 395 603 426 alibi
621 396 676 426 ubi
694 396 842 428 videritis
859 398 1021 437 expedire,
1042 400 1226 439 publicetis,
1244 412 1280 432 ac
1304 402 1498 442 hujusmodi
1522 404 1665 441 fructus,
1686 403 1847 441 redditus,

475 442 509 468 et
531 442 713 478 proventus
736 441 799 470 sub
822 444 893 471 arto
917 444 951 472 et
973 442 1062 472 salvo
1087 444 1266 484 Sequestro
1289 446 1493 485 custodiatis,
1518 457 1692 487 quousque
1716 447 1806 477 aliud
1830 457 1848 477 a

475 482 570 512 nobis
595 483 778 514 habueritis
800 484 833 514 in
856 483 1034 516 Mandatis.
1083 485 1127 517 Et
1143 487 1221 527 quid
1240 498 1297 527 per
1314 489 1570 528 Inquisicionem
1594 490 1698 530 ipsam
1723 501 1848 529 repere-

475 525 557 563 ritis,
575 536 630 555 seu
655 526 797 557 feceritis
821 528 854 557 in
879 529 1055 567 premissis,
1074 540 1142 567 nos,
1161 530 1354 570 hujusmodi
1381 532 1610 572 [uquisicionis
1634 534 1767 573 negocio
1792 544 1850 572 per

473 578 530 598 vos
547 569 710 608 expedito,
728 570 916 601 certificetis
939 582 997 611 per
1014 573 1140 604 Literas
1157 578 1282 605 vestras
1306 575 1440 614 clausas,
1458 575 1578 606 harum
1601 577 1717 606 seriem
1742 579 1776 606 et
1792 577 1847 607 In-

475 611 673 651 quisitorum
696 613 785 643 dicta
808 614 1026 654 continentes,
1044 616 1151 656 sigillo
1175 621 1283 648 vestro
1307 618 1476 657 impresse,
1496 630 1563 649 una
1587 630 1662 650 curn
1682 624 1791 650 vestro
1814 623 1848 650 et

474 655 791 686 contestificancium
810 657 1006 689 nominatim
1020 670 1248 699 expressorum
1266 661 1381 701 sigillis
1394 663 1617 702 pendentibus
1628 663 1846 702 consignatas.

473 698 643 728 —Datum
667 699 700 729 in
728 700 871 730 Manerio
896 704 1008 732 nostro
1032 703 1072 732 de
1097 704 1344 743 Chuddeleghe‚
1370 706 1443 736 xixa
1466 706 1518 736 <lie
1543 707 1663 736 mensis
1687 706 1846 744 Januarii,

472 741 558 772 A.D.
576 742 636 773 ΜΟ.
655 742 784 773 CCCmO
800 744 1001 783 sexagesimo
1018 753 1122 784 sextO,
1134 751 1168 778 et
1187 749 1448 779 Consecracionis
1461 752 1574 780 nostre
1587 750 1846 789 quadragesime.

472 784 621 824 *Cujus
644 787 844 817 auctoritate
867 788 1017 819 Mandati
1042 791 1142 820 vestri
1164 792 1346 828 reverendi,
1365 793 1488 823 vocatis
1515 793 1555 823 de
1582 792 1657 833 jure
1681 793 1846 831 vocandis,

472 828 512 857 de
529 828 726 859 defectubus
742 829 937 870 hujusmodi
954 833 1010 871 qui
1027 836 1062 863 et
1078 834 1191 873 quales
1211 838 1300 873 sunt,
1318 838 1352 865 et
1375 836 1408 865 in
1433 836 1554 875 quibus
1578 836 1675 866 rebus
1692 837 1846 875 existant,

471 881 507 901 ac
535 871 606 902 aliis
634 873 780 903 articulis
808 873 841 903 in
869 874 958 904 (licto
988 876 1144 906 Mandato
1170 882 1278 908 vestro
1302 879 1453 918 superius
1482 879 1609 918 plenius
1637 880 1845 919 expressatis,

473 924 530 953 per
553 915 746 955 fisleslignos,
767 920 835 946 tam
860 917 992 948 clericos
1020 929 1119 959 quam
1148 920 1270 957 laicos;
1296 922 1458 960 videlicet,
1482 923 1639 953 Dominos
1665 923 1844 959 Oliverum,

471 957 512 987 (le
547 958 721 989 Esseraufe
753 959 932 1000 [Roseasl1],
962 962 1160 1001 Johannem,
1193 964 1233 994 de
1265 965 1489 1005 Warkeleghe,
1522 973 1555 996 et
1585 966 1774 997 ‚Iohannem
1805 966 1846 996 de

472 1001 755 1041 Romondesleghe
779 1002 1041 1044 [Ronzanslez'ylz],
1073 1006 1292 1037 Ecclesiarum
1318 1008 1483 1046 Rectores,
1510 1009 1652 1047 clericos,
1677 1020 1713 1040 ac
1737 1009 1845 1040 Ricar-

470 1043 551 1074 dum
584 1045 703 1084 Leghe,
731 1046 920 1077 Gilbertum
953 1048 1098 1088 Fenyan,
1127 1050 1332 1081 NVillelmum
1365 1052 1459 1090 Bufe,
1490 1053 1667 1082 Ricardum
1696 1053 1844 1091 Schorte‚

471 1087 647 1118 Paulinum
685 1089 793 1127 Miste,
825 1090 1030 1122 &Villelmum
1065 1093 1265 1132 vaanecote,
1297 1094 1458 1125 Thomam
1493 1095 1689 1135 Frankleyn,
1722 1096 1845 1126 ,Iohan—

471 1140 545 1160 nem
571 1131 742 1168 Gardiner,
766 1136 801 1162 et
826 1133 1004 1164 Paulinum
1034 1135 1210 1174 Mollonde,
1236 1137 1345 1173 laicos,
1372 1148 1471 1177 super
1497 1139 1663 1178 premissis
1691 1139 1845 1169 omnibus

469 1176 504 1202 et
534 1174 673 1213 singulis
706 1175 886 1214 pleniorem
921 1178 1076 1208 noticiam
1108 1180 1308 1218 optinentes,
1342 1181 1480 1221 juratos,
1513 1182 1689 1221 diligenter
1719 1186 1752 1213 et
1783 1183 1844 1212 sol-

469 1216 556 1246 licite
587 1218 754 1257 inquisivi.
820 1220 885 1257 Qui
917 1221 1035 1251 dicunt
1065 1223 1156 1262 quod
1188 1226 1258 1253 tam
1290 1224 1322 1254 in
1357 1225 1519 1263 Cancello,
1554 1225 1672 1263 Libris,
1707 1229 1741 1256 et
1774 1226 1845 1256 aliis

469 1260 683 1291 Ornamentis
700 1272 800 1301 quam
818 1263 850 1292 in
869 1263 1036 1295 domubus
1053 1269 1087 1295 et
1108 1266 1268 1296 clausuris
1293 1266 1478 1298 Sanctuarii
1504 1266 1647 1299 Ecclesie
1664 1270 1704 1298 de
1722 1269 1843 1299 North-

468 1303 624 1339 moltone,
649 1308 799 1344 ternpore
829 1316 895 1346 quo
928 1307 1082 1347 Religiosi
1114 1309 1193 1348 Viri,
1226 1310 1333 1341 Abbas
1366 1315 1399 1341 et
1431 1312 1624 1342 Conventus
1656 1312 1846 1343 Monasterii

466 1347 507 1376 de
526 1347 730 1378 Lulleshnlle
754 1349 857 1388 ipsam
877 1350 1054 1381 Ecclesiam
1079 1355 1269 1391 tenuerunt,
1288 1355 1506 1394 percipientes
1530 1355 1659 1386 fructus
1683 1355 1843 1395 ejusdem,

467 1390 705 1430 contingebant
729 1392 880 1423 defectus
904 1394 936 1423 in
961 1404 1028 1424 uno
1052 1396 1257 1436 portiphorio
1283 1398 1367 1428 male
1395 1398 1505 1437 ligato,
1530 1398 1588 1439 qui
1619 1399 1673 1429 vix
1701 1399 1844 1439 reparari

468 1440 606 1472 possunt
623 1445 697 1464 cum
715 1433 804 1475 iijbus
821 1436 934 1467 solidis
956 1441 990 1467 et
1011 1438 1058 1478 iiij
1083 1440 1225 1470 denariis
1249 1441 1495 1480 sterlingorum,
1513 1446 1547 1472 et
1564 1442 1598 1472 in
1618 1453 1683 1472 una
1699 1442 1844 1472 fenestra

467 1476 571 1507 vitrea
602 1477 635 1507 in
670 1478 822 1509 Cancello
853 1480 1001 1511 defracta
1028 1486 1061 1512 et
1091 1482 1200 1513 hostio
1227 1484 1370 1514 Cancelli
1397 1485 1485 1515 dicte
1520 1485 1673 1523 Ecclesie,
1703 1486 1760 1525 qui
1788 1486 1844 1516 vix

466 1520 607 1559 reparari
643 1527 781 1560 possunt
821 1533 896 1553 cnm
928 1524 986 1564 xiij
1020 1525 1132 1556 solidis
1162 1527 1407 1566 sterlingorum.
1477 1529 1573 1566 Item,
1605 1529 1843 1569 contingebant

465 1562 616 1593 defectus
648 1564 681 1594 in
713 1569 908 1604 coopertura
945 1567 1089 1598 Cancelli
1127 1572 1161 1599 et
1200 1580 1266 1600 uno
1306 1571 1483 1610 stillicidio,
1516 1573 1574 1612 qui
1609 1572 1663 1602 vix
1699 1572 1842 1611 reparari

466 1611 607 1645 possunt
630 1617 706 1638 cum
729 1608 814 1648 iiijli.
833 1610 1079 1650 sterlingorum.
1127 1613 1223 1651 Item,
1249 1615 1486 1653 contingebant
1509 1615 1659 1645 defectus
1683 1616 1715 1645 in
1740 1615 1841 1655 parie-

466 1650 558 1680 tibus
575 1654 608 1680 et
625 1655 818 1689 coopertura
837 1653 934 1683 unius
951 1655 1084 1694 grangie
1102 1656 1252 1686 Rectorie
1277 1657 1364 1688 dicte
1381 1658 1534 1696 Ecclesie,
1552 1659 1609 1698 qui
1627 1659 1680 1688 vix
1699 1659 1842 1698 reparari

466 1698 605 1731 possunt
635 1705 710 1724 cum
741 1696 765 1725 G
797 1696 909 1725 solidis
941 1698 1185 1736 sterlingorum.
1243 1700 1340 1739 Item,
1365 1701 1602 1741 contingebant
1629 1702 1780 1732 defectus
1808 1703 1841 1732 in

465 1736 605 1776 coquina
632 1740 667 1767 et
691 1737 790 1768 furno
818 1739 968 1778 ejusdem
995 1742 1154 1780 Rectorie,
1179 1743 1236 1782 qui
1264 1743 1317 1773 vix
1342 1745 1483 1784 reparari
1507 1748 1647 1784 possunt
1676 1755 1751 1775 cum
1781 1745 1839 1775 xli.

464 1780 709 1818 sterlingorum.
782 1781 877 1820 Item,
911 1784 1148 1823 contingebant
1178 1786 1328 1817 defectus
1359 1787 1392 1817 iu
1425 1788 1555 1818 duabus
1585 1789 1722 1818 cameris
1753 1788 1841 1818 dicte

465 1823 625 1859 Rectorie‚
644 1824 797 1854 videlicet
818 1825 850 1854 in
869 1826 1051 1864 parietibus
1067 1831 1101 1857 et
1117 1832 1310 1868 coopertura
1334 1831 1526 1869 earundem,
1546 1831 1604 1871 qui
1627 1832 1681 1862 vix
1699 1832 1841 1871 reparari

465 1869 606 1904 possunt
634 1877 709 1896 cum
737 1867 808 1898 lxli.
840 1869 1087 1907 sterlingorum.
1136 1872 1232 1910 Item,
1261 1873 1498 1913 contingebant
1526 1875 1676 1905 defectus
1703 1875 1735 1905 in
1765 1875 1840 1905 aula

464 1909 615 1939 Rectorie
632 1910 781 1939 totaliter
797 1911 935 1949 dirruta,
950 1923 1014 1952 que
1033 1913 1086 1944 vix
1102 1916 1249 1945 construi
1267 1920 1378 1955 potest
1393 1927 1468 1947 cum
1487 1917 1579 1947 lxxli.
1592 1919 1838 1957 sterlingorum.

465 1952 563 1987 Item,
594 1953 832 1992 contingebant
862 1955 1013 1986 defectus
1044 1956 1076 1986 in
1110 1968 1176 1987 una
1206 1959 1304 1989 domo
1336 1970 1394 1999 pro
1426 1961 1582 2000 plaustro,
1616 1964 1650 1991 et
1681 1961 1840 1991 clausuris

465 1995 651 2025 Sanctuarii
676 1996 819 2026 Ecclesie
843 1999 1041 2037 supradicte,
1066 2001 1123 2039 qui
1147 2002 1202 2031 vix
1230 2003 1373 2041 reparari
1401 2007 1540 2043 possunt
1565 2015 1641 2034 cum
1670 2005 1702 2035 lx
1726 2005 1838 2035 solidis

463 2038 707 2078 sterlingorum.
766 2040 861 2077 Item,
890 2042 1129 2082 contingebant
1156 2045 1306 2075 defectus
1337 2046 1369 2076 in
1401 2047 1531 2077 duabus
1563 2047 1714 2085 beveriis,
1749 2048 1837 2078 vide-

463 2081 541 2111 licet
570 2081 602 2111 in
636 2083 815 2121 parietibus
847 2088 881 2114 et
911 2089 1115 2124 coopertura,
1146 2088 1205 2127 qui
1236 2088 1289 2118 vix
1321 2090 1464 2129 reparari
1499 2095 1640 2130 possunt
1674 2102 1749 2121 cum
1781 2091 1839 2121 lxx

463 2124 576 2154 solidis
599 2125 844 2165 sterlingorum.
891 2127 987 2167 Item,
1005 2130 1242 2169 contingebant
1265 2132 1416 2163 defectus
1441 2134 1473 2163 in
1500 2144 1566 2164 uno
1589 2135 1730 2173 stabulo,
1749 2135 1836 2164 vide-

462 2167 539 2198 licet
555 2168 588 2198 in
606 2169 772 2207 meremio,
791 2170 981 2209 parietibus,
1003 2177 1037 2202 et
1059 2178 1277 2213 coopertura3
1304 2179 1338 2206 et
1361 2175 1394 2206 in
1422 2187 1485 2207 una
1508 2188 1582 2207 area
1606 2188 1780 2217 porcorum
1802 2177 1836 2207 in

464 2211 645 2250 parietibus
669 2215 702 2242 et
722 2216 926 2251 coopertura,
952 2218 984 2244 et
1008 2215 1040 2245 in
1068 2226 1132 2246 una
1156 2218 1254 2247 domo
1278 2229 1336 2258 pro
1360 2219 1436 2249 feno
1460 2224 1494 2250 et
1517 2225 1712 2260 coopertura
1738 2221 1836 2251 unius

463 2254 671 2292 columbaris,
685 2256 742 2295 qui
759 2257 813 2286 vix
829 2258 972 2296 reparari
990 2263 1128 2297 possunt
1141 2270 1216 2290 cum
1233 2262 1312 2301 xxxj
1331 2263 1444 2293 solidis
1457 2263 1701 2304 sterlingorum.
1738 2264 1836 2302 QuOS,

463 2298 609 2337 quidem,
627 2298 787 2337 defectus,
805 2309 919 2330 omnes
936 2304 968 2330 et
985 2301 1140 2340 singulos,
1159 2304 1278 2342 prefati
1304 2305 1457 2345 Religiosi
1478 2307 1553 2344 Viri,
1572 2308 1683 2337 Abbas
1700 2310 1734 2337 et
1751 2308 1835 2338 Con-

464 2344 585 2371 ventus
612 2341 652 2371 de
686 2342 899 2381 Lulleshulle,
927 2344 1009 2374 dum
1039 2345 1162 2376 dictam
1191 2347 1370 2378 Ecclesiam
1399 2353 1589 2389 tenuerunt,
1619 2350 1836 2391 percipientes

464 2384 594 2414 fructus
611 2384 772 2424 ejusdem,
791 2386 1029 2426 contingentes,
1047 2388 1245 2420 incorrectos
1262 2401 1319 2430 per
1335 2402 1430 2422 suam
1446 2393 1607 2424 incuriam
1625 2394 1834 2431 dimiserunt,

462 2431 495 2457 et
511 2428 553 2457 ad
569 2427 656 2467 ipsos
674 2428 852 2468 Religiosos
869 2429 973 2468 Viros,
991 2431 1156 2462 Abbatem
1174 2437 1207 2462 et
1225 2434 1446 2474 Conventum,
1462 2437 1624 2476 pertinuit
1640 2441 1671 2467 et
1691 2437 1836 2476 pertinet

462 2471 626 2510 reparacio
649 2472 839 2502 eorundem.
893 2473 1076 2512 Prefatum,
1094 2485 1177 2514 ver0,
1197 2477 1415 2516 sequestrum
1433 2485 1581 2510 vestrum
1605 2480 1639 2510 in
1663 2481 1752 2511 dieta
1780 2481 1834 2510 Ee-

461 2513 559 2543 clesia
581 2515 622 2543 de
644 2514 911 2549 Northmoltone,
930 2520 963 2546 et
985 2517 1062 2547 alibi
1088 2518 1143 2548 ubi
1168 2519 1276 2550 visum
1299 2521 1402 2552 fuerit
1426 2523 1588 2562 expedire,
1606 2523 1781 2564 publicavi,
1799 2534 1835 2554 ac

462 2556 658 2596 hujusmodi
681 2558 821 2596 fructus,
840 2559 999 2598 redditus,
1016 2563 1050 2590 et
1074 2565 1263 2601 proventus,
1289 2569 1456 2603 quatenus
1479 2570 1602 2606 potero,
1619 2567 1683 2597 sub
1706 2571 1778 2597 arto
1801 2570 1835 2597 et

463 2599 553 2629 salvo
569 2601 752 2631 custodiam
770 2602 958 2641 Sequestr0‚
972 2613 1145 2644 quousque
1158 2605 1247 2636 aliud
1265 2617 1282 2636 a
1296 2612 1403 2637 vestra
1421 2609 1611 2640 Reverenda
1632 2611 1834 2641 paternitate

461 2642 606 2673 habuero
629 2643 662 2673 in
688 2644 864 2676 Mandatis.
920 2646 1036 2684 Quam,
1054 2648 1199 2686 quidem,
1224 2650 1488 2689 Inquisichmem,
1514 2653 1619 2692 sigillo
1642 2654 1747 2684 Officii
1771 2655 1835 2686 mei

461 2686 630 2724 impresso,
650 2697 713 2717 una
730 2697 804 2717 cum
822 2689 936 2718 eodeni
960 2692 994 2719 et
1015 2690 1178 2720 dictorum
1206 2692 1447 2732 Inquisitorum
1466 2696 1579 2735 sigillis
1601 2699 1832 2738 pendentibus,

460 2729 695 2768 consignatam,
714 2734 821 2760 vestre
838 2731 1028 2762 Reverende
1053 2733 1251 2765 Paternitati
1275 2738 1468 2768 transmitto
1488 2739 1832 2773 inclusam.—Datum

460 2771 492 2801 in
508 2771 651 2802 Ecclesia
664 2773 844 2804 Parochiali
862 2775 901 2804 (le
919 2775 1184 2816 Southmoltone,
1199 2788 1264 2818 quo
1281 2780 1321 2809 ad
1338 2781 1629 2823 consignacimiem,
1647 2787 1833 2826 penultimo
