<?xml version="1.0" encoding="UTF-8"?>
<!DOCTYPE html PUBLIC "-//W3C//DTD XHTML 1.0 Transitional//EN"
    "http://www.w3.org/TR/xhtml1/DTD/xhtml1-transitional.dtd">
<html xmlns="http://www.w3.org/1999/xhtml" xml:lang="en" lang="en">
 <head>
  <title>
</title>
<meta http-equiv="Content-Type" content="text/html;charset=utf-8" />
  <meta name='ocr-system' content='tesseract 3.04.00' />
  <meta name='ocr-capabilities' content='ocr_page ocr_carea ocr_par ocr_line ocrx_word'/>
</head>
<body>
  <div class='ocr_page' id='page_1' title='image "./registerofthomas01cathuoft_0397.png"; bbox 0 0 1987 3062; ppageno 0'>
   <div class='ocr_carea' id='block_1_1' title="bbox 97 309 205 403">
    <p class='ocr_par' dir='ltr' id='par_1_1' title="bbox 97 309 205 403">
     <span class='ocr_line' id='line_1_1' title="bbox 97 309 174 336; baseline 0.026 -2"><span class='ocrx_word' id='word_1_1' title='bbox 97 309 174 336; x_wconf 61' lang='grc' dir='ltr'><em>ΑΛ).</em></span> 
     </span>
     <span class='ocr_line' id='line_1_2' title="bbox 98 342 172 369; baseline 0.014 -1"><span class='ocrx_word' id='word_1_2' title='bbox 98 342 172 369; x_wconf 86' lang='grc'><strong>1376.</strong></span> 
     </span>
     <span class='ocr_line' id='line_1_3' title="bbox 100 376 205 403; baseline 0.019 -2"><span class='ocrx_word' id='word_1_3' title='bbox 100 376 160 402; x_wconf 89' lang='lat' dir='ltr'><em>Vol.</em></span> <span class='ocrx_word' id='word_1_4' title='bbox 182 377 205 403; x_wconf 89' lang='lat'><em>1.</em></span> 
     </span>
    </p>
   </div>
   <div class='ocr_carea' id='block_1_2' title="bbox 407 202 1634 248">
    <p class='ocr_par' dir='ltr' id='par_1_2' title="bbox 407 202 1634 248">
     <span class='ocr_line' id='line_1_4' title="bbox 407 202 1634 248; baseline 0.003 -6"><span class='ocrx_word' id='word_1_5' title='bbox 407 210 698 244; x_wconf 78' lang='lat' dir='ltr'><strong>REGISTRUM</strong></span> <span class='ocrx_word' id='word_1_6' title='bbox 735 212 1085 246; x_wconf 84' lang='lat' dir='ltr'><strong>COMMUNE—-A</strong></span> <span class='ocrx_word' id='word_1_7' title='bbox 1094 213 1198 246; x_wconf 82' lang='lat' dir='ltr'><em>NNo</em></span> <span class='ocrx_word' id='word_1_8' title='bbox 1237 202 1298 248; x_wconf 84' lang='lat'><em>7⁰.</em></span> <span class='ocrx_word' id='word_1_9' title='bbox 1542 205 1566 246; x_wconf 85' lang='lat'><strong>3</strong></span> <span class='ocrx_word' id='word_1_10' title='bbox 1576 206 1600 246; x_wconf 81' lang='grc'><strong>6</strong></span> <span class='ocrx_word' id='word_1_11' title='bbox 1609 205 1634 246; x_wconf 88' lang='grc'>9</span> 
     </span>
    </p>
   </div>
   <div class='ocr_carea' id='block_1_3' title="bbox 245 315 1631 649">
    <p class='ocr_par' dir='ltr' id='par_1_3' title="bbox 245 315 1631 649">
     <span class='ocr_line' id='line_1_5' title="bbox 245 315 1631 358; baseline 0.004 -14"><span class='ocrx_word' id='word_1_12' title='bbox 245 316 358 345; x_wconf 87' lang='lat' dir='ltr'><em>turam</em></span> <span class='ocrx_word' id='word_1_13' title='bbox 377 324 384 352; x_wconf 93' lang='lat'>;</span> <span class='ocrx_word' id='word_1_14' title='bbox 409 325 484 345; x_wconf 90' lang='lat' dir='ltr'><em>cum</em></span> <span class='ocrx_word' id='word_1_15' title='bbox 502 315 651 347; x_wconf 82' lang='lat' dir='ltr'>clausula</span> <span class='ocrx_word' id='word_1_16' title='bbox 667 316 774 348; x_wconf 86' lang='lat' dir='ltr'><em>eidem</em></span> <span class='ocrx_word' id='word_1_17' title='bbox 791 316 1100 358; x_wconf 56' lang='lat' dir='ltr'><em>adjectas—Noluit</em></span> <span class='ocrx_word' id='word_1_18' title='bbox 1117 327 1172 348; x_wconf 79' lang='lat' dir='ltr'><em>nec</em></span> <span class='ocrx_word' id='word_1_19' title='bbox 1195 317 1377 349; x_wconf 73' lang='lat' dir='ltr'><em>intendebat</em></span> <span class='ocrx_word' id='word_1_20' title='bbox 1399 328 1455 358; x_wconf 78' lang='lat' dir='ltr'><em>per</em></span> <span class='ocrx_word' id='word_1_21' title='bbox 1476 320 1631 358; x_wconf 77' lang='lat' dir='ltr'><em>premissa</em></span> 
     </span>
     <span class='ocr_line' id='line_1_6' title="bbox 247 356 1628 401; baseline 0.004 -14"><span class='ocrx_word' id='word_1_22' title='bbox 247 356 350 396; x_wconf 74' lang='lat' dir='ltr'><em>Officio</em></span> <span class='ocrx_word' id='word_1_23' title='bbox 365 358 599 389; x_wconf 66' lang='lat' dir='ltr'><em>Penitenciarit</em></span> <span class='ocrx_word' id='word_1_24' title='bbox 610 359 775 391; x_wconf 78' lang='lat' dir='ltr'><em>Generalis</em></span> <span class='ocrx_word' id='word_1_25' title='bbox 793 363 827 391; x_wconf 81' lang='grc' dir='ltr'><em>ἱη</em></span> <span class='ocrx_word' id='word_1_26' title='bbox 837 361 924 391; x_wconf 75' lang='lat' dir='ltr'><em>dicta</em></span> <span class='ocrx_word' id='word_1_27' title='bbox 942 361 1078 391; x_wconf 77' lang='lat' dir='ltr'><em>Ecclesia</em></span> <span class='ocrx_word' id='word_1_28' title='bbox 1091 360 1279 392; x_wconf 69' lang='lat' dir='ltr'><em>Catheclrali</em></span> <span class='ocrx_word' id='word_1_29' title='bbox 1295 361 1332 392; x_wconf 83' lang='lat' dir='ltr'><em>in</em></span> <span class='ocrx_word' id='word_1_30' title='bbox 1345 363 1456 401; x_wconf 74' lang='lat' dir='ltr'><em>aliquo</em></span> <span class='ocrx_word' id='word_1_31' title='bbox 1468 362 1628 400; x_wconf 66' lang='lat' dir='ltr'><em>deroqare,</em></span> 
     </span>
     <span class='ocr_line' id='line_1_7' title="bbox 250 400 1630 442; baseline 0.003 -11"><span class='ocrx_word' id='word_1_32' title='bbox 250 400 328 431; x_wconf 87' lang='lat' dir='ltr'><em>—in</em></span> <span class='ocrx_word' id='word_1_33' title='bbox 352 401 644 440; x_wconf 84' lang='lat' dir='ltr'><em>Archidiaconatu,</em></span> <span class='ocrx_word' id='word_1_34' title='bbox 665 404 829 441; x_wconf 85' lang='lat' dir='ltr'><em>videlicet,</em></span> <span class='ocrx_word' id='word_1_35' title='bbox 849 404 985 442; x_wconf 83' lang='lat' dir='ltr'><em>Exonie,</em></span> <span class='ocrx_word' id='word_1_36' title='bbox 1006 405 1179 435; x_wconf 83' lang='lat' dir='ltr'><em>Rectorem</em></span> <span class='ocrx_word' id='word_1_37' title='bbox 1198 405 1341 435; x_wconf 84' lang='lat' dir='ltr'><em>Ecclesie</em></span> <span class='ocrx_word' id='word_1_38' title='bbox 1366 404 1565 435; x_wconf 74' lang='lat' dir='ltr'><em>parochialis</em></span> <span class='ocrx_word' id='word_1_39' title='bbox 1589 405 1630 435; x_wconf 89' lang='lat' dir='ltr'><em>de</em></span> 
     </span>
     <span class='ocr_line' id='line_1_8' title="bbox 250 444 1626 487; baseline 0.003 -13"><span class='ocrx_word' id='word_1_40' title='bbox 250 444 442 485; x_wconf 86' lang='lat' dir='ltr'><em>Plymptre;</em></span> <span class='ocrx_word' id='word_1_41' title='bbox 459 445 492 476; x_wconf 92' lang='lat' dir='ltr'><em>in</em></span> <span class='ocrx_word' id='word_1_42' title='bbox 506 445 786 478; x_wconf 75' lang='lat' dir='ltr'><em>Archidiaeonatu</em></span> <span class='ocrx_word' id='word_1_43' title='bbox 800 448 1057 487; x_wconf 81' lang='lat' dir='ltr'><em>Barnastapolie,</em></span> <span class='ocrx_word' id='word_1_44' title='bbox 1074 448 1270 487; x_wconf 78' lang='lat' dir='ltr'><em>Magistrum</em></span> <span class='ocrx_word' id='word_1_45' title='bbox 1282 448 1471 479; x_wconf 56' lang='lat' dir='ltr'><em>„Iohannem</em></span> <span class='ocrx_word' id='word_1_46' title='bbox 1486 449 1626 487; x_wconf 83' lang='lat' dir='ltr'><em>Lugans,</em></span> 
     </span>
     <span class='ocr_line' id='line_1_9' title="bbox 251 488 1626 530; baseline 0.003 -13"><span class='ocrx_word' id='word_1_47' title='bbox 251 488 423 518; x_wconf 75' lang='lat' dir='ltr'><em>Rectorem</em></span> <span class='ocrx_word' id='word_1_48' title='bbox 449 489 592 519; x_wconf 86' lang='lat' dir='ltr'><em>Ecclesie</em></span> <span class='ocrx_word' id='word_1_49' title='bbox 616 490 657 519; x_wconf 89' lang='lat' dir='ltr'><em>de</em></span> <span class='ocrx_word' id='word_1_50' title='bbox 684 490 955 530; x_wconf 79' lang='lat' dir='ltr'><em>Petrokystowe3</em></span> <span class='ocrx_word' id='word_1_51' title='bbox 990 491 1024 521; x_wconf 87' lang='lat' dir='ltr'><em>in</em></span> <span class='ocrx_word' id='word_1_52' title='bbox 1049 491 1328 522; x_wconf 78' lang='lat' dir='ltr'><em>Archidiaconatu</em></span> <span class='ocrx_word' id='word_1_53' title='bbox 1353 491 1521 529; x_wconf 83' lang='lat' dir='ltr'><em>Tottonie,</em></span> <span class='ocrx_word' id='word_1_54' title='bbox 1550 492 1626 521; x_wconf 87' lang='lat' dir='ltr'><em>Per-</em></span> 
     </span>
     <span class='ocr_line' id='line_1_10' title="bbox 248 531 1625 574; baseline 0.003 -13"><span class='ocrx_word' id='word_1_55' title='bbox 248 535 389 571; x_wconf 86' lang='lat' dir='ltr'><em>petuum</em></span> <span class='ocrx_word' id='word_1_56' title='bbox 405 531 573 563; x_wconf 82' lang='lat' dir='ltr'><em>Vicarium</em></span> <span class='ocrx_word' id='word_1_57' title='bbox 592 532 735 563; x_wconf 87' lang='lat' dir='ltr'><em>Ecclesie</em></span> <span class='ocrx_word' id='word_1_58' title='bbox 753 534 949 564; x_wconf 82' lang='lat' dir='ltr'><em>Parochialis</em></span> <span class='ocrx_word' id='word_1_59' title='bbox 965 534 1007 564; x_wconf 85' lang='lat' dir='ltr'><em>de</em></span> <span class='ocrx_word' id='word_1_60' title='bbox 1024 535 1253 574; x_wconf 75' lang='lat' dir='ltr'><em>Ermyngtone</em></span> <span class='ocrx_word' id='word_1_61' title='bbox 1270 546 1277 573; x_wconf 78' lang='lat'><em>3</em></span> <span class='ocrx_word' id='word_1_62' title='bbox 1300 535 1334 565; x_wconf 91' lang='lat' dir='ltr'><em>in</em></span> <span class='ocrx_word' id='word_1_63' title='bbox 1347 535 1625 565; x_wconf 80' lang='lat' dir='ltr'><em>Archidiaconatu</em></span> 
     </span>
     <span class='ocr_line' id='line_1_11' title="bbox 251 574 1628 618; baseline 0.001 -12"><span class='ocrx_word' id='word_1_64' title='bbox 251 574 427 613; x_wconf 86' lang='lat' dir='ltr'><em>Cornubie,</em></span> <span class='ocrx_word' id='word_1_65' title='bbox 445 576 628 616; x_wconf 79' lang='lat' dir='ltr'><em>Perpetuos</em></span> <span class='ocrx_word' id='word_1_66' title='bbox 651 576 797 607; x_wconf 85' lang='lat' dir='ltr'><em>Vicarios</em></span> <span class='ocrx_word' id='word_1_67' title='bbox 821 577 1043 608; x_wconf 72' lang='lat' dir='ltr'><em>Ecclesiarum</em></span> <span class='ocrx_word' id='word_1_68' title='bbox 1068 578 1309 609; x_wconf 79' lang='lat' dir='ltr'><em>Parochialium</em></span> <span class='ocrx_word' id='word_1_69' title='bbox 1334 579 1375 608; x_wconf 88' lang='lat' dir='ltr'><em>de</em></span> <span class='ocrx_word' id='word_1_70' title='bbox 1401 578 1569 618; x_wconf 81' lang='lat' dir='ltr'><em>Lyskerde</em></span> <span class='ocrx_word' id='word_1_71' title='bbox 1593 581 1628 609; x_wconf 87' lang='lat' dir='ltr'><em>et</em></span> 
     </span>
     <span class='ocr_line' id='line_1_12' title="bbox 249 619 519 649; baseline 0 0"><span class='ocrx_word' id='word_1_72' title='bbox 249 619 371 649; x_wconf 82' lang='lat' dir='ltr'>Sancte</span> <span class='ocrx_word' id='word_1_73' title='bbox 390 620 519 649; x_wconf 83' lang='lat' dir='ltr'><em>Breace.</em></span> 
     </span>
    </p>
   </div>
   <div class='ocr_carea' id='block_1_4' title="bbox 96 670 1163 723">
    <p class='ocr_par' dir='ltr' id='par_1_4' title="bbox 96 670 1163 723">
     <span class='ocr_line' id='line_1_13' title="bbox 96 670 1163 723; baseline 0.002 -13"><span class='ocrx_word' id='word_1_74' title='bbox 96 670 156 701; x_wconf 78' lang='lat' dir='ltr'>[f⁰¹·</span> <span class='ocrx_word' id='word_1_75' title='bbox 206 672 468 723; x_wconf 84' lang='lat' dir='ltr'><em>Illegitimacy</em></span> <span class='ocrx_word' id='word_1_76' title='bbox 485 687 495 721; x_wconf 82' lang='lat'>3</span> <span class='ocrx_word' id='word_1_77' title='bbox 523 674 772 722; x_wconf 76' lang='lat' dir='ltr'><em>Dispensaeio</em></span> <span class='ocrx_word' id='word_1_78' title='bbox 792 688 875 712; x_wconf 82' lang='lat' dir='ltr'><em>cum</em></span> <span class='ocrx_word' id='word_1_79' title='bbox 894 675 1163 723; x_wconf 55' lang='lat' dir='ltr'><em>Mefitim,—</em></span> 
     </span>
    </p>
   </div>
   <div class='ocr_carea' id='block_1_5' title="bbox 95 704 170 734">
    <p class='ocr_par' dir='ltr' id='par_1_5' title="bbox 95 704 170 734">
     <span class='ocr_line' id='line_1_14' title="bbox 95 704 170 734; baseline 0.013 -5"><span class='ocrx_word' id='word_1_80' title='bbox 95 704 170 734; x_wconf 83' lang='lat' dir='ltr'>65b.]</span> 
     </span>
    </p>
   </div>
   <div class='ocr_carea' id='block_1_6' title="bbox 96 727 1626 771">
    <p class='ocr_par' dir='ltr' id='par_1_6' title="bbox 96 727 1626 771">
     <span class='ocr_line' id='line_1_15' title="bbox 96 727 1626 771; baseline 0.002 -13"><span class='ocrx_word' id='word_1_81' title='bbox 96 738 175 764; x_wconf 62' lang='grc' dir='ltr'><strong>ΜΑῙ.</strong></span> <span class='ocrx_word' id='word_1_82' title='bbox 203 727 242 758; x_wconf 83' lang='grc'><em>111</em></span> <span class='ocrx_word' id='word_1_83' title='bbox 259 727 378 758; x_wconf 85' lang='lat' dir='ltr'><strong>favour</strong></span> <span class='ocrx_word' id='word_1_84' title='bbox 400 727 435 757; x_wconf 84' lang='lat' dir='ltr'><em>of</em></span> <span class='ocrx_word' id='word_1_85' title='bbox 457 728 547 759; x_wconf 88' lang='lat' dir='ltr'><em>John</em></span> <span class='ocrx_word' id='word_1_86' title='bbox 573 729 672 765; x_wconf 84' lang='lat' dir='ltr'><em>More,</em></span> <span class='ocrx_word' id='word_1_87' title='bbox 690 728 855 766; x_wconf 75' lang='lat' dir='ltr'><em>clei-k,—‘²</em></span> <span class='ocrx_word' id='word_1_88' title='bbox 869 733 903 760; x_wconf 82' lang='lat' dir='ltr'><em>et</em></span> <span class='ocrx_word' id='word_1_89' title='bbox 920 729 1029 770; x_wconf 87' lang='lat' dir='ltr'><em>ipsum</em></span> <span class='ocrx_word' id='word_1_90' title='bbox 1053 730 1086 760; x_wconf 92' lang='lat' dir='ltr'><em>in</em></span> <span class='ocrx_word' id='word_1_91' title='bbox 1104 730 1264 761; x_wconf 79' lang='lat' dir='ltr'>Ordinem</span> <span class='ocrx_word' id='word_1_92' title='bbox 1281 730 1488 762; x_wconf 77' lang='lat' dir='ltr'><em>Accolitatus</em></span> <span class='ocrx_word' id='word_1_93' title='bbox 1512 733 1626 771; x_wconf 80' lang='lat' dir='ltr'><em>postea</em></span> 
     </span>
    </p>
   </div>
   <div class='ocr_carea' id='block_1_7' title="bbox 95 779 138 798">
    <p class='ocr_par' dir='ltr' id='par_1_7' title="bbox 95 779 138 798">
     <span class='ocr_line' id='line_1_16' title="bbox 95 779 138 798; baseline 0 0"><span class='ocrx_word' id='word_1_94' title='bbox 95 779 138 798; x_wconf 83' lang='lat' dir='ltr'><em>US.</em></span> 
     </span>
    </p>
   </div>
   <div class='ocr_carea' id='block_1_8' title="bbox 250 770 770 812">
    <p class='ocr_par' dir='ltr' id='par_1_8' title="bbox 250 770 770 812">
     <span class='ocr_line' id='line_1_17' title="bbox 250 770 770 812; baseline 0.002 -10"><span class='ocrx_word' id='word_1_95' title='bbox 250 771 416 802; x_wconf 73' lang='lat' dir='ltr'><em>ordinavit</em></span> <span class='ocrx_word' id='word_1_96' title='bbox 432 770 594 810; x_wconf 86' lang='lat' dir='ltr'><em>(London,</em></span> <span class='ocrx_word' id='word_1_97' title='bbox 613 772 650 803; x_wconf 84' lang='lat'><em>11</em></span> <span class='ocrx_word' id='word_1_98' title='bbox 669 771 770 812; x_wconf 83' lang='lat' dir='ltr'>May).</span> 
     </span>
    </p>
   </div>
   <div class='ocr_carea' id='block_1_9' title="bbox 610 891 1162 894">
    <p class='ocr_par' dir='ltr' id='par_1_9' title="bbox 610 891 1162 894">
     <span class='ocr_line' id='line_1_18' title="bbox 610 891 1162 894; baseline 0 0"><span class='ocrx_word' id='word_1_99' title='bbox 610 891 1162 894; x_wconf 95' lang='lat' dir='ltr'><em> </em></span> 
     </span>
    </p>
   </div>
   <div class='ocr_carea' id='block_1_10' title="bbox 286 940 1454 997">
    <p class='ocr_par' dir='ltr' id='par_1_10' title="bbox 286 940 1454 997">
     <span class='ocr_line' id='line_1_19' title="bbox 286 940 1454 997; baseline 0.002 -15"><span class='ocrx_word' id='word_1_100' title='bbox 286 940 423 992; x_wconf 60' lang='lat' dir='ltr'><em>‘glimo</em></span> <span class='ocrx_word' id='word_1_101' title='bbox 444 941 794 984; x_wconf 69' lang='lat' dir='ltr'><em>OEonsecracioniz</em></span> <span class='ocrx_word' id='word_1_102' title='bbox 814 943 993 995; x_wconf 51' lang='lat' dir='ltr'><em>gemini</em></span> <span class='ocrx_word' id='word_1_103' title='bbox 1014 943 1196 996; x_wconf 56' lang='lat' dir='ltr'><em>septimo</em></span> <span class='ocrx_word' id='word_1_104' title='bbox 1216 943 1454 997; x_wconf 63' lang='lat' dir='ltr'><em>insipiente.</em></span> 
     </span>
    </p>
   </div>
   <div class='ocr_carea' id='block_1_11' title="bbox 94 1018 1624 1070">
    <p class='ocr_par' dir='ltr' id='par_1_11' title="bbox 94 1018 1624 1070">
     <span class='ocr_line' id='line_1_20' title="bbox 94 1018 1624 1070; baseline 0.003 -15"><span class='ocrx_word' id='word_1_105' title='bbox 94 1018 505 1068; x_wconf 79' lang='lat' dir='ltr'><em>f01-64·Ar0hdeaconry</em></span> <span class='ocrx_word' id='word_1_106' title='bbox 535 1019 576 1055; x_wconf 80' lang='lat' dir='ltr'><em>of</em></span> <span class='ocrx_word' id='word_1_107' title='bbox 604 1019 747 1057; x_wconf 85' lang='lat' dir='ltr'><em>Exeter</em></span> <span class='ocrx_word' id='word_1_108' title='bbox 776 1018 862 1070; x_wconf 84' lang='lat'>(12)</span> <span class='ocrx_word' id='word_1_109' title='bbox 879 1034 889 1067; x_wconf 80' lang='lat'><em>3</em></span> <span class='ocrx_word' id='word_1_110' title='bbox 929 1020 1258 1066; x_wconf 70' lang='lat' dir='ltr'><em>Procuratorz&#39;um,</em></span> <span class='ocrx_word' id='word_1_111' title='bbox 1289 1022 1333 1058; x_wconf 76' lang='lat' dir='ltr'><em>in</em></span> <span class='ocrx_word' id='word_1_112' title='bbox 1362 1022 1456 1059; x_wconf 75' lang='lat' dir='ltr'><em>bona</em></span> <span class='ocrx_word' id='word_1_113' title='bbox 1477 1022 1624 1070; x_wconf 73' lang='lat' dir='ltr'><em>forma,</em></span> 
     </span>
    </p>
   </div>
   <div class='ocr_carea' id='block_1_12' title="bbox 258 1072 1627 1125">
    <p class='ocr_par' dir='ltr' id='par_1_12' title="bbox 258 1072 1627 1125">
     <span class='ocr_line' id='line_1_21' title="bbox 258 1072 1627 1125; baseline 0.003 -17"><span class='ocrx_word' id='word_1_114' title='bbox 258 1072 469 1119; x_wconf 75' lang='lat' dir='ltr'><em>occupandi</em></span> <span class='ocrx_word' id='word_1_115' title='bbox 488 1072 680 1121; x_wconf 73' lang='lat' dir='ltr'><em>Beneficia</em></span> <span class='ocrx_word' id='word_1_116' title='bbox 699 1074 742 1111; x_wconf 80' lang='lat' dir='ltr'><em>in</em></span> <span class='ocrx_word' id='word_1_117' title='bbox 761 1074 937 1112; x_wconf 73' lang='lat' dir='ltr'><em>absencia</em></span> <span class='ocrx_word' id='word_1_118' title='bbox 951 1075 1180 1123; x_wconf 74' lang='lat' dir='ltr'><em>Beneficiati</em></span> <span class='ocrx_word' id='word_1_119' title='bbox 1195 1074 1252 1125; x_wconf 86' lang='lat' dir='ltr'><em>(in</em></span> <span class='ocrx_word' id='word_1_120' title='bbox 1273 1089 1296 1112; x_wconf 85' lang='lat' dir='ltr'><em>a</em></span> <span class='ocrx_word' id='word_1_121' title='bbox 1315 1075 1416 1113; x_wconf 84' lang='lat' dir='ltr'><em>later</em></span> <span class='ocrx_word' id='word_1_122' title='bbox 1435 1076 1627 1124; x_wconf 77' lang='lat' dir='ltr'><em>hand),—</em></span> 
     </span>
    </p>
   </div>
   <div class='ocr_carea' id='block_1_13' title="bbox 207 1125 1623 1169">
    <p class='ocr_par' dir='ltr' id='par_1_13' title="bbox 207 1125 1623 1169">
     <span class='ocr_line' id='line_1_22' title="bbox 207 1125 1623 1169; baseline 0.002 -12"><span class='ocrx_word' id='word_1_123' title='bbox 207 1125 449 1157; x_wconf 81' lang='lat' dir='ltr'><em>Tereiadeeima</em></span> <span class='ocrx_word' id='word_1_124' title='bbox 461 1126 514 1156; x_wconf 87' lang='lat' dir='ltr'><em>die</em></span> <span class='ocrx_word' id='word_1_125' title='bbox 528 1128 649 1157; x_wconf 87' lang='lat' dir='ltr'><em>mensis</em></span> <span class='ocrx_word' id='word_1_126' title='bbox 668 1128 755 1166; x_wconf 83' lang='lat' dir='ltr'><em>Maii,</em></span> <span class='ocrx_word' id='word_1_127' title='bbox 768 1128 932 1158; x_wconf 82' lang='lat' dir='ltr'>Dominus</span> <span class='ocrx_word' id='word_1_128' title='bbox 946 1129 1081 1168; x_wconf 83' lang='lat' dir='ltr'><em>recepit,</em></span> <span class='ocrx_word' id='word_1_129' title='bbox 1093 1129 1127 1159; x_wconf 91' lang='lat' dir='ltr'><em>in</em></span> <span class='ocrx_word' id='word_1_130' title='bbox 1144 1129 1300 1169; x_wconf 85' lang='lat' dir='ltr'><em>Hospicio</em></span> <span class='ocrx_word' id='word_1_131' title='bbox 1313 1140 1373 1160; x_wconf 87' lang='lat' dir='ltr'><em>suo</em></span> <span class='ocrx_word' id='word_1_132' title='bbox 1392 1130 1623 1168; x_wconf 87' lang='lat' dir='ltr'><em>Londoniensi‚</em></span> 
     </span>
    </p>
   </div>
   <div class='ocr_carea' id='block_1_14' title="bbox 99 2681 225 2708">
    <p class='ocr_par' dir='ltr' id='par_1_14' title="bbox 99 2681 225 2708">
     <span class='ocr_line' id='line_1_23' title="bbox 99 2681 225 2708; baseline 0 0"><span class='ocrx_word' id='word_1_133' title='bbox 99 2681 148 2708; x_wconf 84' lang='lat' dir='ltr'><em>fol.</em></span> <span class='ocrx_word' id='word_1_134' title='bbox 164 2681 225 2708; x_wconf 77' lang='lat' dir='ltr'><strong>64b.</strong></span> 
     </span>
    </p>
   </div>
   <div class='ocr_carea' id='block_1_15' title="bbox 249 1169 1626 2856">
    <p class='ocr_par' dir='ltr' id='par_1_15' title="bbox 249 1169 1626 2856">
     <span class='ocr_line' id='line_1_24' title="bbox 251 1169 1626 1211; baseline 0.004 -12"><span class='ocrx_word' id='word_1_135' title='bbox 251 1169 522 1200; x_wconf 86' lang='lat' dir='ltr'><em>Procuratorium</em></span> <span class='ocrx_word' id='word_1_136' title='bbox 555 1170 815 1210; x_wconf 76' lang='lat' dir='ltr'><em>infrascriptum,</em></span> <span class='ocrx_word' id='word_1_137' title='bbox 846 1172 910 1202; x_wconf 87' lang='lat' dir='ltr'><em>sub</em></span> <span class='ocrx_word' id='word_1_138' title='bbox 940 1171 1001 1202; x_wconf 81' lang='lat' dir='ltr'><em>hac</em></span> <span class='ocrx_word' id='word_1_139' title='bbox 1034 1172 1142 1202; x_wconf 84' lang='lat' dir='ltr'><em>forma</em></span> <span class='ocrx_word' id='word_1_140' title='bbox 1172 1173 1448 1211; x_wconf 70' lang='lat' dir='ltr'><em>verborum‚—-IN</em></span> <span class='ocrx_word' id='word_1_141' title='bbox 1484 1174 1626 1204; x_wconf 81' lang='lat' dir='ltr'>NOMINE</span> 
     </span>
     <span class='ocr_line' id='line_1_25' title="bbox 250 1212 1625 1256; baseline 0.004 -14"><span class='ocrx_word' id='word_1_142' title='bbox 250 1212 394 1250; x_wconf 83' lang='lat' dir='ltr'>DOMINI,</span> <span class='ocrx_word' id='word_1_143' title='bbox 411 1213 635 1244; x_wconf 77' lang='lat' dir='ltr'><em>AMEN.—Per</em></span> <span class='ocrx_word' id='word_1_144' title='bbox 651 1214 712 1244; x_wconf 90' lang='lat' dir='ltr'><em>hoc</em></span> <span class='ocrx_word' id='word_1_145' title='bbox 729 1225 863 1254; x_wconf 83' lang='lat' dir='ltr'><em>presens</em></span> <span class='ocrx_word' id='word_1_146' title='bbox 881 1215 1058 1245; x_wconf 81' lang='lat' dir='ltr'><em>Publicum</em></span> <span class='ocrx_word' id='word_1_147' title='bbox 1076 1216 1346 1246; x_wconf 86' lang='lat' dir='ltr'><em>Instrumeutum</em></span> <span class='ocrx_word' id='word_1_148' title='bbox 1364 1217 1493 1246; x_wconf 86' lang='lat' dir='ltr'><em>cunctis</em></span> <span class='ocrx_word' id='word_1_149' title='bbox 1511 1220 1625 1256; x_wconf 80' lang='lat' dir='ltr'><em>pateat</em></span> 
     </span>
     <span class='ocr_line' id='line_1_26' title="bbox 249 1256 1623 1297; baseline 0.004 -12"><span class='ocrx_word' id='word_1_150' title='bbox 249 1256 420 1285; x_wconf 86' lang='lat' dir='ltr'><em>evidenter</em></span> <span class='ocrx_word' id='word_1_151' title='bbox 436 1256 525 1296; x_wconf 90' lang='lat' dir='ltr'><em>quod</em></span> <span class='ocrx_word' id='word_1_152' title='bbox 543 1267 611 1295; x_wconf 91' lang='lat' dir='ltr'><em>nos,</em></span> <span class='ocrx_word' id='word_1_153' title='bbox 630 1257 759 1295; x_wconf 85' lang='lat' dir='ltr'><em>Petrus,</em></span> <span class='ocrx_word' id='word_1_154' title='bbox 778 1262 854 1297; x_wconf 64' lang='lat' dir='ltr'><em>etc„</em></span> <span class='ocrx_word' id='word_1_155' title='bbox 871 1258 993 1289; x_wconf 82' lang='lat' dir='ltr'><em>Sancte</em></span> <span class='ocrx_word' id='word_1_156' title='bbox 1011 1259 1113 1288; x_wconf 80' lang='lat' dir='ltr'><em>Marie</em></span> <span class='ocrx_word' id='word_1_157' title='bbox 1129 1259 1161 1288; x_wconf 89' lang='lat' dir='ltr'><em>in</em></span> <span class='ocrx_word' id='word_1_158' title='bbox 1181 1259 1242 1289; x_wconf 82' lang='lat' dir='ltr'><em>Via</em></span> <span class='ocrx_word' id='word_1_159' title='bbox 1260 1260 1343 1290; x_wconf 78' lang='lat' dir='ltr'><em>Lata</em></span> <span class='ocrx_word' id='word_1_160' title='bbox 1362 1260 1528 1290; x_wconf 75' lang='lat' dir='ltr'><em>Diaconus</em></span> <span class='ocrx_word' id='word_1_161' title='bbox 1547 1261 1623 1291; x_wconf 80' lang='lat' dir='ltr'><em>Car-</em></span> 
     </span>
     <span class='ocr_line' id='line_1_27' title="bbox 250 1298 1623 1343; baseline 0.004 -15"><span class='ocrx_word' id='word_1_162' title='bbox 250 1298 380 1337; x_wconf 62' lang='lat' dir='ltr'><em>dinalis,</em></span> <span class='ocrx_word' id='word_1_163' title='bbox 398 1299 439 1329; x_wconf 83' lang='lat' dir='ltr'><em>ad</em></span> <span class='ocrx_word' id='word_1_164' title='bbox 457 1299 772 1331; x_wconf 78' lang='lat' dir='ltr'><em>Archidiaconatum</em></span> <span class='ocrx_word' id='word_1_165' title='bbox 791 1301 1012 1331; x_wconf 82' lang='lat' dir='ltr'><em>Exoniensem</em></span> <span class='ocrx_word' id='word_1_166' title='bbox 1030 1305 1064 1332; x_wconf 89' lang='lat' dir='ltr'><em>et</em></span> <span class='ocrx_word' id='word_1_167' title='bbox 1081 1302 1230 1333; x_wconf 80' lang='lat' dir='ltr'><em>membra</em></span> <span class='ocrx_word' id='word_1_168' title='bbox 1247 1303 1288 1332; x_wconf 89' lang='lat' dir='ltr'><em>ab</em></span> <span class='ocrx_word' id='word_1_169' title='bbox 1304 1303 1375 1341; x_wconf 86' lang='lat' dir='ltr'><em>ipso</em></span> <span class='ocrx_word' id='word_1_170' title='bbox 1389 1304 1623 1343; x_wconf 84' lang='lat' dir='ltr'><em>dependencia,</em></span> 
     </span>
     <span class='ocr_line' id='line_1_28' title="bbox 249 1342 1623 1386; baseline 0.004 -15"><span class='ocrx_word' id='word_1_171' title='bbox 249 1352 377 1372; x_wconf 81' lang='lat' dir='ltr'>necnon</span> <span class='ocrx_word' id='word_1_172' title='bbox 403 1342 645 1373; x_wconf 76' lang='lat' dir='ltr'><em>Canonicatum</em></span> <span class='ocrx_word' id='word_1_173' title='bbox 670 1347 704 1374; x_wconf 88' lang='lat' dir='ltr'><em>et</em></span> <span class='ocrx_word' id='word_1_174' title='bbox 736 1344 942 1375; x_wconf 83' lang='lat' dir='ltr'><em>Prebendam</em></span> <span class='ocrx_word' id='word_1_175' title='bbox 966 1345 998 1375; x_wconf 87' lang='lat' dir='ltr'><em>in</em></span> <span class='ocrx_word' id='word_1_176' title='bbox 1032 1345 1178 1375; x_wconf 84' lang='lat' dir='ltr'><em>Ecclesia</em></span> <span class='ocrx_word' id='word_1_177' title='bbox 1209 1346 1445 1383; x_wconf 84' lang='lat' dir='ltr'><em>Lincolniensi‚</em></span> <span class='ocrx_word' id='word_1_178' title='bbox 1469 1357 1552 1386; x_wconf 80' lang='lat' dir='ltr'><em>quos</em></span> <span class='ocrx_word' id='word_1_179' title='bbox 1584 1358 1623 1377; x_wconf 84' lang='lat' dir='ltr'><em>ex</em></span> 
     </span>
     <span class='ocr_line' id='line_1_29' title="bbox 251 1385 1624 1429; baseline 0.003 -13"><span class='ocrx_word' id='word_1_180' title='bbox 251 1385 470 1416; x_wconf 74' lang='lat' dir='ltr'><em>concessione</em></span> <span class='ocrx_word' id='word_1_181' title='bbox 498 1389 532 1416; x_wconf 88' lang='lat' dir='ltr'><em>et</em></span> <span class='ocrx_word' id='word_1_182' title='bbox 564 1386 820 1426; x_wconf 83' lang='lat' dir='ltr'><em>Dispensacionc</em></span> <span class='ocrx_word' id='word_1_183' title='bbox 851 1388 946 1418; x_wconf 86' lang='lat' dir='ltr'><em>Sedis</em></span> <span class='ocrx_word' id='word_1_184' title='bbox 972 1388 1161 1428; x_wconf 88' lang='lat' dir='ltr'><em>Apostolice</em></span> <span class='ocrx_word' id='word_1_185' title='bbox 1184 1389 1226 1419; x_wconf 83' lang='lat' dir='ltr'><em>ad</em></span> <span class='ocrx_word' id='word_1_186' title='bbox 1258 1400 1392 1429; x_wconf 80' lang='lat' dir='ltr'><em>presens</em></span> <span class='ocrx_word' id='word_1_187' title='bbox 1423 1391 1624 1429; x_wconf 84' lang='lat' dir='ltr'><em>optinemus,</em></span> 
     </span>
     <span class='ocr_line' id='line_1_30' title="bbox 252 1428 1625 1473; baseline 0.004 -15"><span class='ocrx_word' id='word_1_188' title='bbox 252 1428 402 1468; x_wconf 83' lang='lat' dir='ltr'><em>specialis</em></span> <span class='ocrx_word' id='word_1_189' title='bbox 425 1429 613 1460; x_wconf 78' lang='lat' dir='ltr'>devocionis</span> <span class='ocrx_word' id='word_1_190' title='bbox 641 1430 752 1460; x_wconf 86' lang='lat' dir='ltr'><em>oculos</em></span> <span class='ocrx_word' id='word_1_191' title='bbox 776 1431 967 1470; x_wconf 78' lang='lat' dir='ltr'><em>dirigentes,</em></span> <span class='ocrx_word' id='word_1_192' title='bbox 993 1431 1234 1471; x_wconf 85' lang='lat' dir='ltr'><em>cupientesque</em></span> <span class='ocrx_word' id='word_1_193' title='bbox 1262 1436 1301 1463; x_wconf 91' lang='lat' dir='ltr'><em>ut</em></span> <span class='ocrx_word' id='word_1_194' title='bbox 1328 1433 1400 1472; x_wconf 83' lang='lat' dir='ltr'><em>ipsi,</em></span> <span class='ocrx_word' id='word_1_195' title='bbox 1425 1437 1459 1463; x_wconf 81' lang='lat' dir='ltr'><em>et</em></span> <span class='ocrx_word' id='word_1_196' title='bbox 1486 1443 1625 1473; x_wconf 82' lang='lat' dir='ltr'><em>persone</em></span> 
     </span>
     <span class='ocr_line' id='line_1_31' title="bbox 250 1472 1625 1516; baseline 0.004 -15"><span class='ocrx_word' id='word_1_197' title='bbox 250 1472 409 1510; x_wconf 80' lang='lat' dir='ltr'><em>degentes</em></span> <span class='ocrx_word' id='word_1_198' title='bbox 432 1472 465 1502; x_wconf 87' lang='lat' dir='ltr'><em>in</em></span> <span class='ocrx_word' id='word_1_199' title='bbox 490 1472 625 1510; x_wconf 85' lang='lat' dir='ltr'><em>eisdem,</em></span> <span class='ocrx_word' id='word_1_200' title='bbox 650 1473 817 1504; x_wconf 80' lang='lat' dir='ltr'>salubrius</span> <span class='ocrx_word' id='word_1_201' title='bbox 841 1477 875 1504; x_wconf 91' lang='lat' dir='ltr'><em>et</em></span> <span class='ocrx_word' id='word_1_202' title='bbox 898 1485 1053 1514; x_wconf 83' lang='lat' dir='ltr'><em>prospere</em></span> <span class='ocrx_word' id='word_1_203' title='bbox 1077 1475 1275 1514; x_wconf 78' lang='lat' dir='ltr'><em>dirigantur,</em></span> <span class='ocrx_word' id='word_1_204' title='bbox 1300 1479 1334 1506; x_wconf 89' lang='lat' dir='ltr'><em>et</em></span> <span class='ocrx_word' id='word_1_205' title='bbox 1360 1476 1401 1506; x_wconf 84' lang='lat' dir='ltr'><em>ad</em></span> <span class='ocrx_word' id='word_1_206' title='bbox 1430 1476 1491 1507; x_wconf 90' lang='lat' dir='ltr'><em>hoc</em></span> <span class='ocrx_word' id='word_1_207' title='bbox 1518 1477 1625 1516; x_wconf 84' lang='lat' dir='ltr'><em>plenis</em></span> 
     </span>
     <span class='ocr_line' id='line_1_32' title="bbox 253 1515 1622 1559; baseline 0.004 -15"><span class='ocrx_word' id='word_1_208' title='bbox 253 1515 425 1545; x_wconf 78' lang='lat' dir='ltr'><em>desideriis</em></span> <span class='ocrx_word' id='word_1_209' title='bbox 446 1515 660 1546; x_wconf 88' lang='lat' dir='ltr'><em>intendentes</em></span> <span class='ocrx_word' id='word_1_210' title='bbox 678 1527 684 1554; x_wconf 89' lang='grc'>;</span> <span class='ocrx_word' id='word_1_211' title='bbox 701 1527 739 1547; x_wconf 79' lang='lat' dir='ltr'><em>ac</em></span> <span class='ocrx_word' id='word_1_212' title='bbox 754 1517 795 1547; x_wconf 84' lang='lat' dir='ltr'><em>de</em></span> <span class='ocrx_word' id='word_1_213' title='bbox 811 1517 1119 1557; x_wconf 82' lang='lat' dir='ltr'><em>circumspeccione,</em></span> <span class='ocrx_word' id='word_1_214' title='bbox 1137 1519 1310 1557; x_wconf 82' lang='lat' dir='ltr'><em>industria,</em></span> <span class='ocrx_word' id='word_1_215' title='bbox 1329 1522 1362 1549; x_wconf 80' lang='lat' dir='ltr'><em>et</em></span> <span class='ocrx_word' id='word_1_216' title='bbox 1379 1519 1544 1559; x_wconf 75' lang='lat' dir='ltr'><em>probitate</em></span> <span class='ocrx_word' id='word_1_217' title='bbox 1561 1521 1622 1550; x_wconf 87' lang='lat' dir='ltr'><em>Ve-</em></span> 
     </span>
     <span class='ocr_line' id='line_1_33' title="bbox 250 1557 1622 1601; baseline 0.005 -14"><span class='ocrx_word' id='word_1_218' title='bbox 250 1557 449 1588; x_wconf 86' lang='lat' dir='ltr'><em>nerabilium</em></span> <span class='ocrx_word' id='word_1_219' title='bbox 461 1558 627 1597; x_wconf 84' lang='lat' dir='ltr'><em>Virorum,</em></span> <span class='ocrx_word' id='word_1_220' title='bbox 646 1560 865 1590; x_wconf 88' lang='lat' dir='ltr'><em>Dominorum</em></span> <span class='ocrx_word' id='word_1_221' title='bbox 881 1561 1071 1600; x_wconf 82' lang='lat' dir='ltr'><em>Raymundi</em></span> <span class='ocrx_word' id='word_1_222' title='bbox 1084 1562 1257 1601; x_wconf 81' lang='lat' dir='ltr'><em>Pelegriui,</em></span> <span class='ocrx_word' id='word_1_223' title='bbox 1275 1563 1431 1593; x_wconf 84' lang='lat' dir='ltr'><em>Canonici</em></span> <span class='ocrx_word' id='word_1_224' title='bbox 1443 1563 1622 1601; x_wconf 81' lang='lat' dir='ltr'><em>Lineolnie,</em></span> 
     </span>
     <span class='ocr_line' id='line_1_34' title="bbox 254 1601 1623 1643; baseline 0.004 -12"><span class='ocrx_word' id='word_1_225' title='bbox 254 1604 290 1632; x_wconf 85' lang='lat' dir='ltr'><em>et</em></span> <span class='ocrx_word' id='word_1_226' title='bbox 307 1601 477 1632; x_wconf 86' lang='lat' dir='ltr'><em>Guillelmi</em></span> <span class='ocrx_word' id='word_1_227' title='bbox 494 1602 535 1632; x_wconf 90' lang='lat' dir='ltr'><em>de</em></span> <span class='ocrx_word' id='word_1_228' title='bbox 552 1602 674 1633; x_wconf 84' lang='lat' dir='ltr'><em>Sancto</em></span> <span class='ocrx_word' id='word_1_229' title='bbox 692 1603 797 1641; x_wconf 83' lang='lat' dir='ltr'><em>Claro,</em></span> <span class='ocrx_word' id='word_1_230' title='bbox 815 1604 972 1634; x_wconf 89' lang='lat' dir='ltr'><em>Canonici</em></span> <span class='ocrx_word' id='word_1_231' title='bbox 996 1604 1132 1643; x_wconf 83' lang='lat' dir='ltr'><em>Cestrie,</em></span> <span class='ocrx_word' id='word_1_232' title='bbox 1158 1605 1416 1636; x_wconf 79' lang='lat' dir='ltr'><em>Lichefelclensis</em></span> <span class='ocrx_word' id='word_1_233' title='bbox 1434 1610 1467 1636; x_wconf 84' lang='lat' dir='ltr'><em>et</em></span> <span class='ocrx_word' id='word_1_234' title='bbox 1485 1607 1623 1637; x_wconf 82' lang='lat' dir='ltr'><em>Convel-</em></span> 
     </span>
     <span class='ocr_line' id='line_1_35' title="bbox 251 1644 1622 1688; baseline 0.005 -14"><span class='ocrx_word' id='word_1_235' title='bbox 251 1645 368 1675; x_wconf 89' lang='lat' dir='ltr'><em>riensis</em></span> <span class='ocrx_word' id='word_1_236' title='bbox 386 1644 456 1682; x_wconf 81' lang='lat' dir='ltr'><em>(sic)</em></span> <span class='ocrx_word' id='word_1_237' title='bbox 475 1645 677 1684; x_wconf 86' lang='lat' dir='ltr'><em>Diocesium,</em></span> <span class='ocrx_word' id='word_1_238' title='bbox 692 1647 891 1677; x_wconf 73' lang='lat' dir='ltr'><em>dilectorum</em></span> <span class='ocrx_word' id='word_1_239' title='bbox 905 1650 1106 1685; x_wconf 81' lang='lat' dir='ltr'><em>nostrorum,</em></span> <span class='ocrx_word' id='word_1_240' title='bbox 1121 1648 1253 1688; x_wconf 81' lang='lat' dir='ltr'><em>plenam</em></span> <span class='ocrx_word' id='word_1_241' title='bbox 1264 1649 1296 1679; x_wconf 92' lang='lat' dir='ltr'><em>in</em></span> <span class='ocrx_word' id='word_1_242' title='bbox 1312 1649 1455 1679; x_wconf 84' lang='lat' dir='ltr'><em>Domino</em></span> <span class='ocrx_word' id='word_1_243' title='bbox 1468 1650 1622 1681; x_wconf 80' lang='lat' dir='ltr'><em>fiduciam</em></span> 
     </span>
     <span class='ocr_line' id='line_1_36' title="bbox 249 1687 1622 1732; baseline 0.005 -15"><span class='ocrx_word' id='word_1_244' title='bbox 249 1687 440 1728; x_wconf 76' lang='lat' dir='ltr'><em>optinentes</em></span> <span class='ocrx_word' id='word_1_245' title='bbox 457 1698 465 1725; x_wconf 88' lang='lat'>;</span> <span class='ocrx_word' id='word_1_246' title='bbox 490 1689 705 1728; x_wconf 79' lang='lat' dir='ltr'><em>Radulphum</em></span> <span class='ocrx_word' id='word_1_247' title='bbox 725 1690 895 1730; x_wconf 80' lang='lat' dir='ltr'><em>Pylatone,</em></span> <span class='ocrx_word' id='word_1_248' title='bbox 913 1694 948 1721; x_wconf 88' lang='lat' dir='ltr'><em>et</em></span> <span class='ocrx_word' id='word_1_249' title='bbox 970 1691 1050 1721; x_wconf 85' lang='lat' dir='ltr'><em>alios</em></span> <span class='ocrx_word' id='word_1_250' title='bbox 1073 1701 1304 1732; x_wconf 86' lang='lat' dir='ltr'><em>quoscumque</em></span> <span class='ocrx_word' id='word_1_251' title='bbox 1327 1692 1474 1723; x_wconf 75' lang='lat' dir='ltr'><em>vicarios</em></span> <span class='ocrx_word' id='word_1_252' title='bbox 1491 1697 1525 1724; x_wconf 85' lang='lat' dir='ltr'><em>et</em></span> <span class='ocrx_word' id='word_1_253' title='bbox 1541 1692 1622 1724; x_wconf 89' lang='lat' dir='ltr'><em>Pro-</em></span> 
     </span>
     <span class='ocr_line' id='line_1_37' title="bbox 252 1733 1623 1777; baseline 0.005 -17"><span class='ocrx_word' id='word_1_254' title='bbox 252 1736 420 1761; x_wconf 81' lang='lat' dir='ltr'><em>curatores</em></span> <span class='ocrx_word' id='word_1_255' title='bbox 433 1735 563 1762; x_wconf 77' lang='lat' dir='ltr'><em>nostros</em></span> <span class='ocrx_word' id='word_1_256' title='bbox 579 1733 659 1763; x_wconf 77' lang='lat' dir='ltr'><em>alias</em></span> <span class='ocrx_word' id='word_1_257' title='bbox 675 1743 733 1772; x_wconf 85' lang='lat' dir='ltr'><em>per</em></span> <span class='ocrx_word' id='word_1_258' title='bbox 749 1744 808 1764; x_wconf 90' lang='lat' dir='ltr'><em>nos</em></span> <span class='ocrx_word' id='word_1_259' title='bbox 821 1734 862 1764; x_wconf 84' lang='lat' dir='ltr'><em>ad</em></span> <span class='ocrx_word' id='word_1_260' title='bbox 880 1734 1090 1774; x_wconf 81' lang='lat' dir='ltr'><em>infrascripta</em></span> <span class='ocrx_word' id='word_1_261' title='bbox 1103 1736 1315 1773; x_wconf 84' lang='lat' dir='ltr'><em>constitutos,</em></span> <span class='ocrx_word' id='word_1_262' title='bbox 1330 1737 1522 1775; x_wconf 81' lang='lat' dir='ltr'><em>revocando,</em></span> <span class='ocrx_word' id='word_1_263' title='bbox 1535 1737 1623 1777; x_wconf 86' lang='lat' dir='ltr'><em>ipsos</em></span> 
     </span>
     <span class='ocr_line' id='line_1_38' title="bbox 249 1774 1623 1818; baseline 0.004 -14"><span class='ocrx_word' id='word_1_264' title='bbox 249 1774 490 1814; x_wconf 82' lang='lat' dir='ltr'><em>Raymundum</em></span> <span class='ocrx_word' id='word_1_265' title='bbox 507 1779 540 1806; x_wconf 83' lang='lat' dir='ltr'><em>et</em></span> <span class='ocrx_word' id='word_1_266' title='bbox 558 1776 775 1807; x_wconf 83' lang='lat' dir='ltr'><em>Guillelmum</em></span> <span class='ocrx_word' id='word_1_267' title='bbox 794 1780 963 1817; x_wconf 77' lang='lat' dir='ltr'><em>presentes</em></span> <span class='ocrx_word' id='word_1_268' title='bbox 980 1781 1014 1808; x_wconf 81' lang='lat' dir='ltr'><em>et</em></span> <span class='ocrx_word' id='word_1_269' title='bbox 1029 1778 1214 1818; x_wconf 85' lang='lat' dir='ltr'><em>quemlibet</em></span> <span class='ocrx_word' id='word_1_270' title='bbox 1232 1789 1347 1809; x_wconf 87' lang='lat' dir='ltr'><em>eorum</em></span> <span class='ocrx_word' id='word_1_271' title='bbox 1373 1779 1553 1810; x_wconf 85' lang='lat' dir='ltr'><em>insolidum</em></span> <span class='ocrx_word' id='word_1_272' title='bbox 1576 1781 1623 1811; x_wconf 84' lang='lat' dir='ltr'><em>ita</em></span> 
     </span>
     <span class='ocr_line' id='line_1_39' title="bbox 251 1817 1624 1863; baseline 0.004 -15"><span class='ocrx_word' id='word_1_273' title='bbox 251 1817 341 1857; x_wconf 90' lang='lat' dir='ltr'><em>quod</em></span> <span class='ocrx_word' id='word_1_274' title='bbox 358 1828 424 1848; x_wconf 86' lang='lat' dir='ltr'><em>non</em></span> <span class='ocrx_word' id='word_1_275' title='bbox 442 1818 486 1849; x_wconf 87' lang='lat' dir='ltr'><em>sit</em></span> <span class='ocrx_word' id='word_1_276' title='bbox 502 1819 617 1850; x_wconf 84' lang='lat' dir='ltr'><em>melior</em></span> <span class='ocrx_word' id='word_1_277' title='bbox 637 1820 786 1850; x_wconf 84' lang='lat' dir='ltr'><em>condicio</em></span> <span class='ocrx_word' id='word_1_278' title='bbox 803 1821 1004 1860; x_wconf 86' lang='lat' dir='ltr'><em>occupantis,</em></span> <span class='ocrx_word' id='word_1_279' title='bbox 1023 1825 1074 1852; x_wconf 87' lang='lat' dir='ltr'><em>set</em></span> <span class='ocrx_word' id='word_1_280' title='bbox 1097 1822 1186 1862; x_wconf 86' lang='lat' dir='ltr'><em>quod</em></span> <span class='ocrx_word' id='word_1_281' title='bbox 1211 1833 1298 1852; x_wconf 90' lang='lat' dir='ltr'><em>unus</em></span> <span class='ocrx_word' id='word_1_282' title='bbox 1322 1832 1436 1853; x_wconf 90' lang='lat' dir='ltr'><em>eorum</em></span> <span class='ocrx_word' id='word_1_283' title='bbox 1463 1824 1624 1863; x_wconf 72' lang='lat' dir='ltr'><em>inceperit</em></span> 
     </span>
     <span class='ocr_line' id='line_1_40' title="bbox 250 1861 1622 1906; baseline 0.004 -15"><span class='ocrx_word' id='word_1_284' title='bbox 250 1861 335 1891; x_wconf 81' lang='lat' dir='ltr'><em>alter</em></span> <span class='ocrx_word' id='word_1_285' title='bbox 350 1861 497 1901; x_wconf 89' lang='lat' dir='ltr'><em>ipsorum</em></span> <span class='ocrx_word' id='word_1_286' title='bbox 515 1863 679 1903; x_wconf 85' lang='lat' dir='ltr'><em>prosequi,</em></span> <span class='ocrx_word' id='word_1_287' title='bbox 692 1863 835 1894; x_wconf 82' lang='lat' dir='ltr'><em>mediare</em></span> <span class='ocrx_word' id='word_1_288' title='bbox 848 1863 957 1894; x_wconf 88' lang='lat' dir='ltr'><em>valeat</em></span> <span class='ocrx_word' id='word_1_289' title='bbox 970 1868 1002 1895; x_wconf 83' lang='lat' dir='ltr'><em>et</em></span> <span class='ocrx_word' id='word_1_290' title='bbox 1019 1864 1123 1900; x_wconf 65' lang='lat' dir='ltr'><em>finire,</em></span> <span class='ocrx_word' id='word_1_291' title='bbox 1140 1865 1295 1896; x_wconf 87' lang='lat' dir='ltr'><em>omnibus</em></span> <span class='ocrx_word' id='word_1_292' title='bbox 1308 1866 1500 1897; x_wconf 85' lang='lat' dir='ltr'><em>melioribus</em></span> <span class='ocrx_word' id='word_1_293' title='bbox 1513 1868 1622 1906; x_wconf 87' lang='lat' dir='ltr'><em>modo,</em></span> 
     </span>
     <span class='ocr_line' id='line_1_41' title="bbox 250 1904 1623 1948; baseline 0.005 -14"><span class='ocrx_word' id='word_1_294' title='bbox 250 1904 334 1944; x_wconf 81' lang='lat' dir='ltr'><em>jure,</em></span> <span class='ocrx_word' id='word_1_295' title='bbox 342 1915 448 1944; x_wconf 84' lang='lat' dir='ltr'><em>causa,</em></span> <span class='ocrx_word' id='word_1_296' title='bbox 460 1908 494 1935; x_wconf 84' lang='lat' dir='ltr'><em>et</em></span> <span class='ocrx_word' id='word_1_297' title='bbox 506 1905 622 1944; x_wconf 81' lang='lat' dir='ltr'><em>forma,</em></span> <span class='ocrx_word' id='word_1_298' title='bbox 637 1907 759 1947; x_wconf 87' lang='lat' dir='ltr'><em>quibus</em></span> <span class='ocrx_word' id='word_1_299' title='bbox 772 1907 892 1937; x_wconf 85' lang='lat' dir='ltr'><em>melius</em></span> <span class='ocrx_word' id='word_1_300' title='bbox 904 1908 1131 1947; x_wconf 83' lang='lat' dir='ltr'><em>possumus,in</em></span> <span class='ocrx_word' id='word_1_301' title='bbox 1145 1909 1302 1948; x_wconf 75' lang='lat' dir='ltr'><em>predictis</em></span> <span class='ocrx_word' id='word_1_302' title='bbox 1317 1909 1488 1940; x_wconf 87' lang='lat' dir='ltr'><em>Beneficiis</em></span> <span class='ocrx_word' id='word_1_303' title='bbox 1502 1911 1623 1941; x_wconf 83' lang='lat' dir='ltr'><em>nostris</em></span> 
     </span>
     <span class='ocr_line' id='line_1_42' title="bbox 250 1947 1622 1994; baseline 0.005 -17"><span class='ocrx_word' id='word_1_304' title='bbox 250 1947 399 1986; x_wconf 79' lang='lat' dir='ltr'><em>facimus,</em></span> <span class='ocrx_word' id='word_1_305' title='bbox 417 1949 664 1987; x_wconf 86' lang='lat' dir='ltr'><em>constituimus,</em></span> <span class='ocrx_word' id='word_1_306' title='bbox 681 1953 715 1980; x_wconf 85' lang='lat' dir='ltr'><em>et</em></span> <span class='ocrx_word' id='word_1_307' title='bbox 731 1953 846 1981; x_wconf 87' lang='lat' dir='ltr'><em>tenore</em></span> <span class='ocrx_word' id='word_1_308' title='bbox 868 1951 1079 1982; x_wconf 83' lang='lat' dir='ltr'><em>Presencium</em></span> <span class='ocrx_word' id='word_1_309' title='bbox 1097 1952 1290 1983; x_wconf 79' lang='lat' dir='ltr'><em>ordinamus</em></span> <span class='ocrx_word' id='word_1_310' title='bbox 1314 1957 1445 1984; x_wconf 85' lang='lat' dir='ltr'><em>nostros</em></span> <span class='ocrx_word' id='word_1_311' title='bbox 1470 1953 1504 1984; x_wconf 89' lang='grc'><em>111</em></span> <span class='ocrx_word' id='word_1_312' title='bbox 1529 1954 1622 1994; x_wconf 84' lang='lat' dir='ltr'><em>spiri-</em></span> 
     </span>
     <span class='ocr_line' id='line_1_43' title="bbox 251 1991 1622 2035; baseline 0.004 -14"><span class='ocrx_word' id='word_1_313' title='bbox 251 1991 400 2022; x_wconf 77' lang='lat' dir='ltr'><em>tualibus</em></span> <span class='ocrx_word' id='word_1_314' title='bbox 417 1995 451 2022; x_wconf 88' lang='lat' dir='ltr'><em>et</em></span> <span class='ocrx_word' id='word_1_315' title='bbox 467 1993 707 2032; x_wconf 84' lang='lat' dir='ltr'><em>temporalibus</em></span> <span class='ocrx_word' id='word_1_316' title='bbox 723 1993 870 2024; x_wconf 80' lang='lat' dir='ltr'><em>Vicarios</em></span> <span class='ocrx_word' id='word_1_317' title='bbox 893 1997 927 2024; x_wconf 89' lang='lat' dir='ltr'><em>et</em></span> <span class='ocrx_word' id='word_1_318' title='bbox 951 1994 1193 2032; x_wconf 82' lang='lat' dir='ltr'><em>Procuratores,</em></span> <span class='ocrx_word' id='word_1_319' title='bbox 1213 1996 1360 2035; x_wconf 80' lang='lat' dir='ltr'><em>Actores,</em></span> <span class='ocrx_word' id='word_1_320' title='bbox 1380 1996 1545 2035; x_wconf 79' lang='lat' dir='ltr'><em>Factores,</em></span> <span class='ocrx_word' id='word_1_321' title='bbox 1565 2008 1622 2028; x_wconf 89' lang='lat' dir='ltr'><em>ne-</em></span> 
     </span>
     <span class='ocr_line' id='line_1_44' title="bbox 250 2034 1623 2078; baseline 0.005 -14"><span class='ocrx_word' id='word_1_322' title='bbox 250 2034 418 2074; x_wconf 84' lang='lat' dir='ltr'><em>gociorum</em></span> <span class='ocrx_word' id='word_1_323' title='bbox 430 2038 621 2066; x_wconf 88' lang='lat' dir='ltr'><em>nostrorum</em></span> <span class='ocrx_word' id='word_1_324' title='bbox 635 2037 800 2075; x_wconf 85' lang='lat' dir='ltr'><em>Gestores,</em></span> <span class='ocrx_word' id='word_1_325' title='bbox 810 2037 958 2068; x_wconf 87' lang='lat' dir='ltr'><em>Nuncios</em></span> <span class='ocrx_word' id='word_1_326' title='bbox 969 2038 1124 2078; x_wconf 77' lang='lat' dir='ltr'><em>speciales</em></span> <span class='ocrx_word' id='word_1_327' title='bbox 1137 2042 1171 2069; x_wconf 85' lang='lat' dir='ltr'><em>et</em></span> <span class='ocrx_word' id='word_1_328' title='bbox 1180 2039 1361 2077; x_wconf 78' lang='lat' dir='ltr'><em>generales3</em></span> <span class='ocrx_word' id='word_1_329' title='bbox 1374 2040 1492 2071; x_wconf 79' lang='lat' dir='ltr'><em>(lantes</em></span> <span class='ocrx_word' id='word_1_330' title='bbox 1503 2044 1537 2071; x_wconf 87' lang='lat' dir='ltr'><em>et</em></span> <span class='ocrx_word' id='word_1_331' title='bbox 1550 2051 1623 2071; x_wconf 91' lang='lat' dir='ltr'><em>con-</em></span> 
     </span>
     <span class='ocr_line' id='line_1_45' title="bbox 251 2078 1623 2124; baseline 0.004 -16"><span class='ocrx_word' id='word_1_332' title='bbox 251 2078 405 2108; x_wconf 86' lang='lat' dir='ltr'><em>cedentes</em></span> <span class='ocrx_word' id='word_1_333' title='bbox 418 2078 541 2109; x_wconf 76' lang='lat' dir='ltr'><em>eisdem</em></span> <span class='ocrx_word' id='word_1_334' title='bbox 552 2079 690 2110; x_wconf 80' lang='lat' dir='ltr'><em>Vicariis</em></span> <span class='ocrx_word' id='word_1_335' title='bbox 702 2084 737 2111; x_wconf 85' lang='lat' dir='ltr'><em>et</em></span> <span class='ocrx_word' id='word_1_336' title='bbox 751 2081 1024 2112; x_wconf 84' lang='lat' dir='ltr'><em>Procuratoribus</em></span> <span class='ocrx_word' id='word_1_337' title='bbox 1037 2082 1159 2112; x_wconf 85' lang='lat' dir='ltr'><em>nostris</em></span> <span class='ocrx_word' id='word_1_338' title='bbox 1174 2082 1304 2122; x_wconf 84' lang='lat' dir='ltr'><em>plenam</em></span> <span class='ocrx_word' id='word_1_339' title='bbox 1318 2086 1352 2113; x_wconf 82' lang='lat' dir='ltr'><em>et</em></span> <span class='ocrx_word' id='word_1_340' title='bbox 1364 2083 1500 2114; x_wconf 76' lang='lat' dir='ltr'><em>liberam</em></span> <span class='ocrx_word' id='word_1_341' title='bbox 1516 2088 1623 2124; x_wconf 87' lang='lat' dir='ltr'><em>potes-</em></span> 
     </span>
     <span class='ocr_line' id='line_1_46' title="bbox 251 2122 1624 2164; baseline 0.005 -13"><span class='ocrx_word' id='word_1_342' title='bbox 251 2123 356 2152; x_wconf 84' lang='lat' dir='ltr'><em>tatem</em></span> <span class='ocrx_word' id='word_1_343' title='bbox 373 2131 410 2152; x_wconf 86' lang='lat' dir='ltr'><em>ac</em></span> <span class='ocrx_word' id='word_1_344' title='bbox 420 2122 558 2161; x_wconf 87' lang='lat' dir='ltr'><em>speciale</em></span> <span class='ocrx_word' id='word_1_345' title='bbox 570 2123 768 2154; x_wconf 84' lang='lat' dir='ltr'><em>mandatum</em></span> <span class='ocrx_word' id='word_1_346' title='bbox 779 2124 986 2164; x_wconf 84' lang='lat' dir='ltr'><em>supradictos</em></span> <span class='ocrx_word' id='word_1_347' title='bbox 998 2124 1311 2156; x_wconf 81' lang='lat' dir='ltr'><em>Archidiaconatun]</em></span> <span class='ocrx_word' id='word_1_348' title='bbox 1325 2130 1360 2156; x_wconf 86' lang='lat' dir='ltr'><em>et</em></span> <span class='ocrx_word' id='word_1_349' title='bbox 1371 2127 1519 2163; x_wconf 77' lang='lat' dir='ltr'><em>membra</em></span> <span class='ocrx_word' id='word_1_350' title='bbox 1532 2127 1574 2157; x_wconf 83' lang='lat' dir='ltr'><em>ab</em></span> <span class='ocrx_word' id='word_1_351' title='bbox 1587 2138 1624 2158; x_wconf 88' lang='lat' dir='ltr'><em>eo</em></span> 
     </span>
     <span class='ocr_line' id='line_1_47' title="bbox 251 2164 1624 2210; baseline 0.005 -16"><span class='ocrx_word' id='word_1_352' title='bbox 251 2164 485 2204; x_wconf 81' lang='lat' dir='ltr'><em>dependencia,</em></span> <span class='ocrx_word' id='word_1_353' title='bbox 503 2175 630 2197; x_wconf 85' lang='lat' dir='ltr'><em>necnon</em></span> <span class='ocrx_word' id='word_1_354' title='bbox 656 2167 897 2198; x_wconf 78' lang='lat' dir='ltr'><em>Canonicatum</em></span> <span class='ocrx_word' id='word_1_355' title='bbox 920 2171 954 2197; x_wconf 88' lang='lat' dir='ltr'><em>et</em></span> <span class='ocrx_word' id='word_1_356' title='bbox 979 2168 1195 2206; x_wconf 77' lang='lat' dir='ltr'><em>Prebendam,</em></span> <span class='ocrx_word' id='word_1_357' title='bbox 1213 2169 1347 2200; x_wconf 88' lang='lat' dir='ltr'><em>nomine</em></span> <span class='ocrx_word' id='word_1_358' title='bbox 1370 2173 1484 2200; x_wconf 88' lang='lat' dir='ltr'><em>nostro</em></span> <span class='ocrx_word' id='word_1_359' title='bbox 1507 2174 1542 2201; x_wconf 85' lang='lat' dir='ltr'><em>et</em></span> <span class='ocrx_word' id='word_1_360' title='bbox 1567 2182 1624 2210; x_wconf 85' lang='lat' dir='ltr'><em>pro</em></span> 
     </span>
     <span class='ocr_line' id='line_1_48' title="bbox 252 2207 1622 2252; baseline 0.005 -15"><span class='ocrx_word' id='word_1_361' title='bbox 252 2207 347 2238; x_wconf 90' lang='lat' dir='ltr'><em>nobis</em></span> <span class='ocrx_word' id='word_1_362' title='bbox 363 2208 580 2247; x_wconf 85' lang='lat' dir='ltr'><em>gubernandi,</em></span> <span class='ocrx_word' id='word_1_363' title='bbox 595 2210 741 2249; x_wconf 79' lang='lat' dir='ltr'><em>tenendi,</em></span> <span class='ocrx_word' id='word_1_364' title='bbox 759 2213 793 2241; x_wconf 81' lang='lat' dir='ltr'><em>et</em></span> <span class='ocrx_word' id='word_1_365' title='bbox 810 2211 999 2251; x_wconf 81' lang='lat' dir='ltr'><em>possidendi</em></span> <span class='ocrx_word' id='word_1_366' title='bbox 1015 2211 1084 2241; x_wconf 84' lang='lat' dir='ltr'><em>loca</em></span> <span class='ocrx_word' id='word_1_367' title='bbox 1101 2214 1136 2242; x_wconf 86' lang='lat' dir='ltr'><em>et</em></span> <span class='ocrx_word' id='word_1_368' title='bbox 1153 2222 1307 2252; x_wconf 87' lang='lat' dir='ltr'><em>personas</em></span> <span class='ocrx_word' id='word_1_369' title='bbox 1322 2213 1355 2242; x_wconf 89' lang='lat' dir='ltr'><em>in</em></span> <span class='ocrx_word' id='word_1_370' title='bbox 1373 2213 1496 2252; x_wconf 89' lang='lat' dir='ltr'><em>quibus</em></span> <span class='ocrx_word' id='word_1_371' title='bbox 1518 2214 1622 2252; x_wconf 87' lang='lat' dir='ltr'><em>nobis,</em></span> 
     </span>
     <span class='ocr_line' id='line_1_49' title="bbox 252 2250 1622 2296; baseline 0.006 -16"><span class='ocrx_word' id='word_1_372' title='bbox 252 2251 382 2281; x_wconf 82' lang='lat' dir='ltr'><em>racione</em></span> <span class='ocrx_word' id='word_1_373' title='bbox 399 2250 595 2292; x_wconf 85' lang='lat' dir='ltr'><em>hujusmodi</em></span> <span class='ocrx_word' id='word_1_374' title='bbox 611 2253 910 2284; x_wconf 83' lang='lat' dir='ltr'><em>Archidiacouatus</em></span> <span class='ocrx_word' id='word_1_375' title='bbox 926 2257 961 2284; x_wconf 81' lang='lat' dir='ltr'><em>et</em></span> <span class='ocrx_word' id='word_1_376' title='bbox 983 2255 1211 2285; x_wconf 82' lang='lat' dir='ltr'><em>membrorum</em></span> <span class='ocrx_word' id='word_1_377' title='bbox 1227 2255 1269 2285; x_wconf 83' lang='lat' dir='ltr'><em>ab</em></span> <span class='ocrx_word' id='word_1_378' title='bbox 1293 2266 1330 2285; x_wconf 91' lang='lat' dir='ltr'><em>eo</em></span> <span class='ocrx_word' id='word_1_379' title='bbox 1347 2256 1622 2296; x_wconf 83' lang='lat' dir='ltr'><em>dependencium,</em></span> 
     </span>
     <span class='ocr_line' id='line_1_50' title="bbox 253 2293 1623 2338; baseline 0.006 -15"><span class='ocrx_word' id='word_1_380' title='bbox 253 2293 411 2324; x_wconf 88' lang='lat' dir='ltr'><em>Visitacio</em></span> <span class='ocrx_word' id='word_1_381' title='bbox 427 2296 596 2335; x_wconf 82' lang='lat' dir='ltr'><em>competit,</em></span> <span class='ocrx_word' id='word_1_382' title='bbox 613 2296 655 2326; x_wconf 89' lang='lat' dir='ltr'><em>de</em></span> <span class='ocrx_word' id='word_1_383' title='bbox 667 2297 919 2335; x_wconf 87' lang='lat' dir='ltr'><em>consuetudine,</em></span> <span class='ocrx_word' id='word_1_384' title='bbox 934 2300 1075 2335; x_wconf 85' lang='lat' dir='ltr'><em>statuto,</em></span> <span class='ocrx_word' id='word_1_385' title='bbox 1086 2298 1135 2328; x_wconf 89' lang='lat' dir='ltr'><em>vel</em></span> <span class='ocrx_word' id='word_1_386' title='bbox 1151 2298 1192 2328; x_wconf 86' lang='lat' dir='ltr'><em>de</em></span> <span class='ocrx_word' id='word_1_387' title='bbox 1204 2298 1278 2338; x_wconf 87' lang='lat' dir='ltr'><em>jure</em></span> <span class='ocrx_word' id='word_1_388' title='bbox 1290 2299 1456 2338; x_wconf 82' lang='lat' dir='ltr'><em>visitandi,</em></span> <span class='ocrx_word' id='word_1_389' title='bbox 1471 2310 1623 2331; x_wconf 87' lang='lat' dir='ltr'><em>excessus</em></span> 
     </span>
     <span class='ocr_line' id='line_1_51' title="bbox 252 2337 1621 2382; baseline 0.006 -16"><span class='ocrx_word' id='word_1_390' title='bbox 252 2337 437 2376; x_wconf 86' lang='lat' dir='ltr'><em>corrigendi</em></span> <span class='ocrx_word' id='word_1_391' title='bbox 453 2341 488 2368; x_wconf 81' lang='lat' dir='ltr'><em>et</em></span> <span class='ocrx_word' id='word_1_392' title='bbox 504 2339 674 2378; x_wconf 87' lang='lat' dir='ltr'><em>puniendi,</em></span> <span class='ocrx_word' id='word_1_393' title='bbox 692 2340 834 2379; x_wconf 86' lang='lat' dir='ltr'><em>fructus,</em></span> <span class='ocrx_word' id='word_1_394' title='bbox 846 2341 1007 2378; x_wconf 85' lang='lat' dir='ltr'><em>redditus,</em></span> <span class='ocrx_word' id='word_1_395' title='bbox 1021 2344 1213 2380; x_wconf 87' lang='lat' dir='ltr'><em>proventus,</em></span> <span class='ocrx_word' id='word_1_396' title='bbox 1225 2341 1453 2380; x_wconf 86' lang='lat' dir='ltr'><em>obvenciones‚</em></span> <span class='ocrx_word' id='word_1_397' title='bbox 1467 2343 1621 2382; x_wconf 84' lang='lat' dir='ltr'><em>decimas,</em></span> 
     </span>
     <span class='ocr_line' id='line_1_52' title="bbox 253 2380 1622 2424; baseline 0.005 -14"><span class='ocrx_word' id='word_1_398' title='bbox 253 2390 314 2417; x_wconf 83' lang='lat' dir='ltr'><em>res,</em></span> <span class='ocrx_word' id='word_1_399' title='bbox 331 2380 427 2418; x_wconf 83' lang='lat' dir='ltr'><em>bona,</em></span> <span class='ocrx_word' id='word_1_400' title='bbox 445 2382 610 2421; x_wconf 84' lang='lat' dir='ltr'><em>pecunias,</em></span> <span class='ocrx_word' id='word_1_401' title='bbox 629 2383 751 2422; x_wconf 84' lang='lat' dir='ltr'><em>debita,</em></span> <span class='ocrx_word' id='word_1_402' title='bbox 773 2384 946 2423; x_wconf 53' lang='lat' dir='ltr'><em>arreraffla,</em></span> <span class='ocrx_word' id='word_1_403' title='bbox 969 2387 1004 2414; x_wconf 87' lang='lat' dir='ltr'><em>et</em></span> <span class='ocrx_word' id='word_1_404' title='bbox 1027 2384 1102 2424; x_wconf 87' lang='lat' dir='ltr'><em>jura</em></span> <span class='ocrx_word' id='word_1_405' title='bbox 1125 2384 1284 2424; x_wconf 84' lang='lat' dir='ltr'><em>quelibet,</em></span> <span class='ocrx_word' id='word_1_406' title='bbox 1311 2396 1348 2415; x_wconf 85' lang='lat' dir='ltr'><em>ac</em></span> <span class='ocrx_word' id='word_1_407' title='bbox 1364 2386 1466 2416; x_wconf 84' lang='lat' dir='ltr'><em>eciam</em></span> <span class='ocrx_word' id='word_1_408' title='bbox 1490 2386 1622 2418; x_wconf 83' lang='lat' dir='ltr'><em>fructus</em></span> 
     </span>
     <span class='ocr_line' id='line_1_53' title="bbox 252 2425 1621 2468; baseline 0.005 -15"><span class='ocrx_word' id='word_1_409' title='bbox 252 2433 482 2464; x_wconf 89' lang='lat' dir='ltr'><em>quoscumque</em></span> <span class='ocrx_word' id='word_1_410' title='bbox 509 2428 544 2455; x_wconf 86' lang='lat' dir='ltr'><em>et</em></span> <span class='ocrx_word' id='word_1_411' title='bbox 567 2425 653 2456; x_wconf 87' lang='lat' dir='ltr'><em>bona</em></span> <span class='ocrx_word' id='word_1_412' title='bbox 676 2426 748 2465; x_wconf 80' lang='lat' dir='ltr'><em>alia,</em></span> <span class='ocrx_word' id='word_1_413' title='bbox 773 2429 842 2457; x_wconf 83' lang='lat' dir='ltr'><em>tam</em></span> <span class='ocrx_word' id='word_1_414' title='bbox 870 2437 931 2466; x_wconf 90' lang='lat' dir='ltr'><em>pro</em></span> <span class='ocrx_word' id='word_1_415' title='bbox 958 2427 1165 2466; x_wconf 79' lang='lat' dir='ltr'><em>reparacione</em></span> <span class='ocrx_word' id='word_1_416' title='bbox 1193 2427 1396 2458; x_wconf 80' lang='lat' dir='ltr'><em>edificiorum</em></span> <span class='ocrx_word' id='word_1_417' title='bbox 1425 2429 1621 2468; x_wconf 83' lang='lat' dir='ltr'><em>hujusmodi</em></span> 
     </span>
     <span class='ocr_line' id='line_1_54' title="bbox 252 2466 1620 2513; baseline 0.005 -17"><span class='ocrx_word' id='word_1_418' title='bbox 252 2466 493 2498; x_wconf 87' lang='lat' dir='ltr'><em>Beneficiorum</em></span> <span class='ocrx_word' id='word_1_419' title='bbox 511 2472 701 2500; x_wconf 83' lang='lat' dir='ltr'><em>nostrorum</em></span> <span class='ocrx_word' id='word_1_420' title='bbox 718 2480 819 2509; x_wconf 87' lang='lat' dir='ltr'><em>quam</em></span> <span class='ocrx_word' id='word_1_421' title='bbox 835 2470 915 2500; x_wconf 84' lang='lat' dir='ltr'><em>alias</em></span> <span class='ocrx_word' id='word_1_422' title='bbox 931 2470 1044 2500; x_wconf 83' lang='lat' dir='ltr'><em>debita</em></span> <span class='ocrx_word' id='word_1_423' title='bbox 1060 2473 1093 2501; x_wconf 90' lang='lat' dir='ltr'><em>et</em></span> <span class='ocrx_word' id='word_1_424' title='bbox 1110 2471 1269 2510; x_wconf 83' lang='lat' dir='ltr'><em>deposita,</em></span> <span class='ocrx_word' id='word_1_425' title='bbox 1290 2481 1416 2502; x_wconf 87' lang='lat' dir='ltr'><em>necnon</em></span> <span class='ocrx_word' id='word_1_426' title='bbox 1438 2472 1524 2503; x_wconf 85' lang='lat' dir='ltr'><em>bona</em></span> <span class='ocrx_word' id='word_1_427' title='bbox 1540 2483 1620 2513; x_wconf 87' lang='lat' dir='ltr'><em>que-</em></span> 
     </span>
     <span class='ocr_line' id='line_1_55' title="bbox 251 2512 1619 2557; baseline 0.005 -18"><span class='ocrx_word' id='word_1_428' title='bbox 251 2519 395 2549; x_wconf 88' lang='lat' dir='ltr'><em>cumque</em></span> <span class='ocrx_word' id='word_1_429' title='bbox 411 2514 618 2550; x_wconf 82' lang='lat' dir='ltr'><em>sequestrata</em></span> <span class='ocrx_word' id='word_1_430' title='bbox 635 2515 670 2543; x_wconf 88' lang='lat' dir='ltr'><em>et</em></span> <span class='ocrx_word' id='word_1_431' title='bbox 686 2512 828 2543; x_wconf 81' lang='lat' dir='ltr'><em>alienata</em></span> <span class='ocrx_word' id='word_1_432' title='bbox 843 2513 885 2543; x_wconf 89' lang='lat' dir='ltr'><em>ad</em></span> <span class='ocrx_word' id='word_1_433' title='bbox 902 2523 970 2550; x_wconf 88' lang='lat' dir='ltr'><em>nos,</em></span> <span class='ocrx_word' id='word_1_434' title='bbox 984 2513 1114 2543; x_wconf 79' lang='lat' dir='ltr'><em>racione</em></span> <span class='ocrx_word' id='word_1_435' title='bbox 1130 2514 1297 2544; x_wconf 86' lang='lat' dir='ltr'><em>dictorum</em></span> <span class='ocrx_word' id='word_1_436' title='bbox 1311 2515 1619 2557; x_wconf 79' lang='lat' dir='ltr'><em>Archidiaconatus,</em></span> 
     </span>
     <span class='ocr_line' id='line_1_56' title="bbox 251 2552 1618 2599; baseline 0.006 -17"><span class='ocrx_word' id='word_1_437' title='bbox 251 2553 479 2584; x_wconf 87' lang='lat' dir='ltr'><em>membrorum</em></span> <span class='ocrx_word' id='word_1_438' title='bbox 496 2552 537 2584; x_wconf 86' lang='lat' dir='ltr'><em>ab</em></span> <span class='ocrx_word' id='word_1_439' title='bbox 553 2565 590 2585; x_wconf 88' lang='lat' dir='ltr'><em>eo</em></span> <span class='ocrx_word' id='word_1_440' title='bbox 607 2555 869 2596; x_wconf 86' lang='lat' dir='ltr'><em>dependencium</em></span> <span class='ocrx_word' id='word_1_441' title='bbox 887 2567 924 2586; x_wconf 81' lang='lat' dir='ltr'><em>ac</em></span> <span class='ocrx_word' id='word_1_442' title='bbox 942 2557 1164 2587; x_wconf 82' lang='lat' dir='ltr'><em>Canonicatus</em></span> <span class='ocrx_word' id='word_1_443' title='bbox 1180 2560 1214 2587; x_wconf 84' lang='lat' dir='ltr'><em>et</em></span> <span class='ocrx_word' id='word_1_444' title='bbox 1238 2557 1417 2596; x_wconf 82' lang='lat' dir='ltr'><em>Prebende,</em></span> <span class='ocrx_word' id='word_1_445' title='bbox 1436 2560 1618 2599; x_wconf 86' lang='lat' dir='ltr'><em>quomodo-</em></span> 
     </span>
     <span class='ocr_line' id='line_1_57' title="bbox 250 2595 1620 2642; baseline 0.007 -17"><span class='ocrx_word' id='word_1_446' title='bbox 250 2595 332 2626; x_wconf 81' lang='lat' dir='ltr'><em>libet</em></span> <span class='ocrx_word' id='word_1_447' title='bbox 349 2596 563 2635; x_wconf 83' lang='lat' dir='ltr'><em>pertinencia,</em></span> <span class='ocrx_word' id='word_1_448' title='bbox 583 2599 728 2638; x_wconf 86' lang='lat' dir='ltr'><em>petendi,</em></span> <span class='ocrx_word' id='word_1_449' title='bbox 746 2599 885 2638; x_wconf 87' lang='lat' dir='ltr'><em>levandi,</em></span> <span class='ocrx_word' id='word_1_450' title='bbox 911 2599 1074 2639; x_wconf 82' lang='lat' dir='ltr'><em>exigendi,</em></span> <span class='ocrx_word' id='word_1_451' title='bbox 1098 2600 1285 2640; x_wconf 86' lang='lat' dir='ltr'><em>recipiendi,</em></span> <span class='ocrx_word' id='word_1_452' title='bbox 1311 2605 1345 2631; x_wconf 90' lang='lat' dir='ltr'><em>et</em></span> <span class='ocrx_word' id='word_1_453' title='bbox 1368 2604 1585 2642; x_wconf 82' lang='lat' dir='ltr'><em>recuperandi</em></span> <span class='ocrx_word' id='word_1_454' title='bbox 1601 2615 1620 2634; x_wconf 85' lang='lat' dir='ltr'><em>a</em></span> 
     </span>
     <span class='ocr_line' id='line_1_58' title="bbox 249 2639 1620 2687; baseline 0.007 -19"><span class='ocrx_word' id='word_1_455' title='bbox 249 2639 517 2679; x_wconf 89' lang='lat' dir='ltr'><em>quibuscumque</em></span> <span class='ocrx_word' id='word_1_456' title='bbox 529 2641 683 2680; x_wconf 86' lang='lat' dir='ltr'><em>personis,</em></span> <span class='ocrx_word' id='word_1_457' title='bbox 694 2644 765 2673; x_wconf 88' lang='lat' dir='ltr'><em>tam</em></span> <span class='ocrx_word' id='word_1_458' title='bbox 778 2642 1015 2673; x_wconf 84' lang='lat' dir='ltr'><em>Ecclesiasticis</em></span> <span class='ocrx_word' id='word_1_459' title='bbox 1030 2653 1130 2682; x_wconf 76' lang='lat' dir='ltr'><em>quam</em></span> <span class='ocrx_word' id='word_1_460' title='bbox 1144 2643 1363 2683; x_wconf 87' lang='lat' dir='ltr'><em>Secularibus,</em></span> <span class='ocrx_word' id='word_1_461' title='bbox 1377 2646 1620 2687; x_wconf 84' lang='lat' dir='ltr'><em>cujuscumque</em></span> 
     </span>
     <span class='ocr_line' id='line_1_59' title="bbox 252 2682 1618 2727; baseline 0.006 -15"><span class='ocrx_word' id='word_1_462' title='bbox 252 2685 362 2712; x_wconf 86' lang='lat' dir='ltr'><em>status</em></span> <span class='ocrx_word' id='word_1_463' title='bbox 375 2682 426 2712; x_wconf 86' lang='lat' dir='ltr'><em>vel</em></span> <span class='ocrx_word' id='word_1_464' title='bbox 438 2684 638 2714; x_wconf 86' lang='lat' dir='ltr'><em>condicionis</em></span> <span class='ocrx_word' id='word_1_465' title='bbox 651 2685 786 2723; x_wconf 85' lang='lat' dir='ltr'><em>fuerint,</em></span> <span class='ocrx_word' id='word_1_466' title='bbox 798 2686 952 2726; x_wconf 86' lang='lat' dir='ltr'><em>ipsosque</em></span> <span class='ocrx_word' id='word_1_467' title='bbox 964 2686 1110 2725; x_wconf 86' lang='lat' dir='ltr'><em>regendi,</em></span> <span class='ocrx_word' id='word_1_468' title='bbox 1122 2687 1338 2726; x_wconf 77' lang='lat' dir='ltr'><em>gubernandi,</em></span> <span class='ocrx_word' id='word_1_469' title='bbox 1352 2689 1527 2727; x_wconf 82' lang='lat' dir='ltr'><em>retinendi,</em></span> <span class='ocrx_word' id='word_1_470' title='bbox 1541 2700 1618 2721; x_wconf 91' lang='lat' dir='ltr'><em>ven-</em></span> 
     </span>
     <span class='ocr_line' id='line_1_60' title="bbox 250 2725 1618 2772; baseline 0.007 -17"><span class='ocrx_word' id='word_1_471' title='bbox 250 2725 361 2763; x_wconf 90' lang='lat' dir='ltr'><em>dendi,</em></span> <span class='ocrx_word' id='word_1_472' title='bbox 379 2725 518 2764; x_wconf 86' lang='lat' dir='ltr'><em>locandi,</em></span> <span class='ocrx_word' id='word_1_473' title='bbox 536 2728 745 2764; x_wconf 77' lang='lat' dir='ltr'><em>arrendandi,</em></span> <span class='ocrx_word' id='word_1_474' title='bbox 762 2729 962 2767; x_wconf 82' lang='lat' dir='ltr'><em>assensandi,</em></span> <span class='ocrx_word' id='word_1_475' title='bbox 979 2732 1014 2759; x_wconf 81' lang='lat' dir='ltr'><em>et</em></span> <span class='ocrx_word' id='word_1_476' title='bbox 1029 2730 1069 2759; x_wconf 87' lang='lat' dir='ltr'><em>ad</em></span> <span class='ocrx_word' id='word_1_477' title='bbox 1087 2729 1217 2760; x_wconf 82' lang='lat' dir='ltr'><em>firmam</em></span> <span class='ocrx_word' id='word_1_478' title='bbox 1241 2741 1298 2761; x_wconf 88' lang='lat' dir='ltr'><em>seu</em></span> <span class='ocrx_word' id='word_1_479' title='bbox 1322 2741 1468 2762; x_wconf 81' lang='lat' dir='ltr'><em>annuam</em></span> <span class='ocrx_word' id='word_1_480' title='bbox 1491 2735 1618 2772; x_wconf 88' lang='lat' dir='ltr'><em>pensio-</em></span> 
     </span>
     <span class='ocr_line' id='line_1_61' title="bbox 251 2768 1621 2812; baseline 0.007 -14"><span class='ocrx_word' id='word_1_481' title='bbox 251 2777 329 2798; x_wconf 87' lang='lat' dir='ltr'><em>nem</em></span> <span class='ocrx_word' id='word_1_482' title='bbox 347 2768 449 2799; x_wconf 88' lang='lat' dir='ltr'><em>dandi</em></span> <span class='ocrx_word' id='word_1_483' title='bbox 466 2779 525 2809; x_wconf 90' lang='lat' dir='ltr'><em>pro</em></span> <span class='ocrx_word' id='word_1_484' title='bbox 541 2770 660 2810; x_wconf 86' lang='lat' dir='ltr'><em>precio,</em></span> <span class='ocrx_word' id='word_1_485' title='bbox 674 2775 708 2802; x_wconf 88' lang='lat' dir='ltr'><em>et</em></span> <span class='ocrx_word' id='word_1_486' title='bbox 724 2772 870 2812; x_wconf 88' lang='lat' dir='ltr'><em>personis</em></span> <span class='ocrx_word' id='word_1_487' title='bbox 887 2772 1008 2812; x_wconf 86' lang='lat' dir='ltr'><em>quibus</em></span> <span class='ocrx_word' id='word_1_488' title='bbox 1018 2772 1142 2803; x_wconf 87' lang='lat' dir='ltr'><em>eisdem</em></span> <span class='ocrx_word' id='word_1_489' title='bbox 1154 2773 1291 2804; x_wconf 86' lang='lat' dir='ltr'><em>Vicariis</em></span> <span class='ocrx_word' id='word_1_490' title='bbox 1302 2778 1336 2805; x_wconf 84' lang='lat' dir='ltr'><em>et</em></span> <span class='ocrx_word' id='word_1_491' title='bbox 1347 2775 1621 2808; x_wconf 84' lang='lat' dir='ltr'><em>Procuratoribus</em></span> 
     </span>
     <span class='ocr_line' id='line_1_62' title="bbox 249 2811 1622 2856; baseline 0.007 -14"><span class='ocrx_word' id='word_1_492' title='bbox 249 2811 373 2842; x_wconf 82' lang='lat' dir='ltr'><em>nostris</em></span> <span class='ocrx_word' id='word_1_493' title='bbox 389 2811 559 2844; x_wconf 84' lang='lat' dir='ltr'><em>videbitur</em></span> <span class='ocrx_word' id='word_1_494' title='bbox 568 2814 722 2854; x_wconf 87' lang='lat' dir='ltr'><em>expedire</em></span> <span class='ocrx_word' id='word_1_495' title='bbox 738 2824 747 2854; x_wconf 68' lang='grc' dir='ltr'><strong><em>ς</em></strong></span> <span class='ocrx_word' id='word_1_496' title='bbox 763 2818 921 2856; x_wconf 81' lang='lat' dir='ltr'><em>computa</em></span> <span class='ocrx_word' id='word_1_497' title='bbox 930 2817 965 2846; x_wconf 84' lang='lat' dir='ltr'><em>et</em></span> <span class='ocrx_word' id='word_1_498' title='bbox 974 2815 1121 2848; x_wconf 83' lang='lat' dir='ltr'><em>raciones</em></span> <span class='ocrx_word' id='word_1_499' title='bbox 1136 2826 1156 2848; x_wconf 85' lang='lat' dir='ltr'><em>a</em></span> <span class='ocrx_word' id='word_1_500' title='bbox 1168 2816 1258 2848; x_wconf 86' lang='lat' dir='ltr'><em>dicto</em></span> <span class='ocrx_word' id='word_1_501' title='bbox 1270 2817 1448 2854; x_wconf 75' lang='lat' dir='ltr'><em>Radulnho</em></span> <span class='ocrx_word' id='word_1_502' title='bbox 1459 2819 1622 2855; x_wconf 79' lang='lat' dir='ltr'><em>Pvlatone</em></span> 
     </span>
    </p>
   </div>
   <div class='ocr_carea' id='block_1_16' title="bbox 306 2859 385 2903">
    <p class='ocr_par' dir='ltr' id='par_1_16' title="bbox 306 2859 385 2903">
     <span class='ocr_line' id='line_1_63' title="bbox 306 2859 385 2903; baseline 0 0"><span class='ocrx_word' id='word_1_503' title='bbox 306 2859 385 2903; x_wconf 78' lang='lat' dir='ltr'><em>2A</em></span> 
     </span>
    </p>
   </div>
  </div>
 </body>
</html>
