1987 3062
329 197 423 244 372
539 210 637 243 THE
672 210 911 244 REGISTER
949 210 1008 243 or
1044 210 1220 244 BISHOP
1257 210 1654 244 BRANTYNGHAM.

327 312 403 339 Α-Β·
483 318 635 356 tempore
650 316 868 347 confeccionis
892 316 1015 356 Scripti
1040 316 1081 347 de
1104 326 1171 356 quo
1193 316 1281 347 infra-
1303 316 1343 348 fit
1365 317 1504 355 mencio,
1522 317 1701 357 Gregorius
1717 316 1758 347 de
1774 316 1861 347 Wel-

326 346 426 407 &gf-3}-
482 359 643 399 lyngtone
659 363 694 390 et
710 360 730 390 J
733 360 864 390 ohanna
880 370 964 390 uxor
973 359 1057 400 ejus,
1071 360 1158 390 infra
1171 360 1344 398 nominati,
1357 360 1497 391 fuerunt
1512 360 1617 391 seisiti
1632 360 1673 391 de
1689 363 1859 391 tenemen-

481 403 526 434 tis
542 403 582 433 de
599 404 720 443 quibus
743 403 831 433 infra
847 403 886 434 fit
903 403 1040 441 mencio,
1065 406 1106 434 ut
1128 403 1170 433 de
1191 404 1295 434 libero
1318 406 1521 435 tenemento.
1569 404 1614 434 Et
1629 404 1748 434 dicunt
1771 403 1860 443 quod

479 446 616 487 quidam
637 446 808 477 XValterus
824 447 865 477 de
882 447 1094 486 Stapeldone,
1119 447 1287 487 quondam
1313 447 1495 487 Episcopus
1518 447 1724 484 Exoniensis,
1743 446 1860 486 prede-

480 500 588 520 cessor
604 490 747 529 predicti
762 500 851 520 nunc
869 490 1031 530 Episcopi,
1050 490 1247 530 perquisivit,
1263 491 1335 527 sibi,
1351 494 1386 521 et
1402 491 1653 521 Successoribus
1670 490 1747 527 suis,
1765 494 1859 520 tene-

480 537 593 563 menta
611 534 768 573 predicta,
786 544 861 564 cum
879 533 1103 573 pertinenciis,
1120 533 1162 564 de
1172 534 1317 573 quodam
1331 533 1478 564 Roberto
1491 534 1532 564 de
1545 533 1860 570 Cantokeshevede)

480 587 539 616 per
557 577 692 607 Cartam
709 587 775 616 que
790 577 877 616 gerit
893 577 1009 607 datam
1024 576 1114 616 apud
1133 578 1325 616 Peingtone,
1343 577 1497 607 vicesimo
1511 577 1564 607 die
1581 577 1703 607 mensis
1722 577 1857 607 Decem-

480 620 556 652 bris.
574 621 672 650 Anno
689 620 795 660 Regni
813 620 910 660 Regis
928 620 1092 658 Edwardi,
1110 620 1215 660 patris
1232 620 1367 651 Domini
1382 620 1479 660 Regis
1493 630 1591 658 nunc,
1609 619 1859 660 quintodecimo

480 664 593 703 [1321]
611 674 619 699 ;
642 666 677 694 et
694 673 759 703 que
777 663 878 695 Carta
893 663 1017 693 eisdem
1043 663 1173 694 Juratis
1188 674 1248 703 pro
1271 664 1441 694 evidencia
1456 673 1495 694 ex
1512 666 1607 703 parte
1623 663 1765 703 predicti
1783 663 1861 702 Epi-

478 707 567 746 scopi
582 707 747 737 liberatur
763 717 769 744 3
794 707 862 747 qui,
879 707 1026 746 quidem,
1039 707 1208 738 Robertus
1224 710 1417 738 tenementa
1434 707 1582 747 predicta
1598 707 1711 737 tenuit
1727 708 1768 737 de
1790 706 1861 736 Ab-

478 751 557 781 bate
574 750 614 780 de
632 751 747 781 Monte
771 750 885 780 Sancti
911 750 1080 780 Michaelis
1102 750 1136 780 in
1160 750 1307 790 periculo
1324 750 1444 789 maris3
1469 754 1504 781 et
1519 750 1608 781 idem
1632 750 1745 780 Abbas
1768 752 1860 780 tene-

479 797 595 824 menta
611 793 667 824 illa
684 794 796 824 tenuit
813 794 854 824 de
870 793 960 824 dicto
977 795 1065 833 Rege
1082 793 1256 830 Edwardo,
1281 797 1386 834 patre,
1404 796 1483 831 etc„
1502 793 1535 824 in
1552 793 1661 833 capite
1676 804 1684 830 ;
1710 793 1862 823 Licencia

478 837 581 877 ipsius
598 837 696 877 Regis
714 837 879 874 Edwardi,
897 837 1010 876 patris,
1027 840 1103 875 etc,
1129 837 1169 867 de
1192 837 1433 877 perquisicione
1455 837 1605 877 predicta
1627 847 1694 867 non
1711 839 1861 876 optenta.

478 882 524 912 Et
540 884 655 921 postea
672 880 838 910 Dominus
857 881 925 911 Rex
941 891 1030 911 nunc
1047 880 1173 910 donum
1189 883 1224 911 et
1240 880 1482 911 concessionem
1500 880 1590 911 facta
1606 879 1756 919 predicto
1773 879 1861 910 Wal-

479 928 562 963 tero,
579 934 688 964 nuper
704 924 876 963 Episcopo,
894 927 968 962 ete„
985 924 1026 954 de
1043 924 1247 954 tenementis
1263 923 1422 964 predictis
1446 933 1505 963 per
1528 923 1717 963 predictum
1736 923 1861 953 Rober-

476 970 552 998 tum
576 978 635 1007 per
659 967 794 998 cartam
818 967 1013 1007 predictam,
1038 977 1097 1006 per
1120 967 1257 998 Cartam
1284 977 1378 997 suam
1405 967 1550 997 recitans
1573 977 1619 1003 ea,
1648 976 1706 1006 per
1721 966 1861 996 eandem

479 1011 615 1042 Cartam
632 1021 737 1047 suam,
754 1021 814 1050 pro
830 1021 864 1040 se
880 1014 914 1041 et
930 1010 1108 1040 heredibus
1131 1011 1208 1049 suis,
1226 1013 1392 1050 quantum
1409 1011 1444 1040 in
1461 1010 1532 1050 ipso
1548 1010 1625 1047 fuit,
1642 1010 1804 1040 concessit
1828 1012 1863 1040 et

477 1054 686 1085 confirmavit
702 1054 849 1085 ,Iohanni
865 1054 907 1083 de
924 1053 1159 1092 Grandissono,
1177 1058 1259 1084 tunc
1282 1054 1445 1093 Episcopo
1469 1053 1657 1091 Exoniensi,
1674 1057 1709 1083 et
1726 1053 1862 1083 Succes-

474 1098 604 1128 soribus
620 1097 697 1135 suis,
722 1100 824 1136 prout
848 1097 949 1128 Carta
972 1097 1028 1127 illa
1051 1097 1297 1127 racionabiliter
1319 1100 1492 1132 testatum
1516 1106 1582 1136 que
1599 1096 1701 1128 Carta
1724 1095 1860 1126 Domini

479 1142 578 1179 Regis
594 1151 684 1171 nunc
699 1140 785 1180 gerit
801 1141 926 1178 datam,
950 1140 1040 1179 apud
1066 1141 1204 1177 Menros,
1223 1140 1390 1170 tricesimo
1406 1140 1526 1179 quinto
1543 1141 1615 1178 (sic)
1632 1139 1685 1169 die
1702 1139 1860 1179 Augusti,

478 1185 584 1224 Regni
609 1184 713 1224 ipsius
742 1184 876 1214 Domini
903 1184 1000 1222 Regis
1026 1193 1116 1214 nunc
1144 1184 1263 1223 Anglie
1286 1186 1381 1214 sexto
1405 1183 1533 1213 decimo
1561 1182 1680 1223 [1342]
1707 1193 1714 1220 ;
1738 1187 1773 1213 et
1796 1192 1862 1221 que

479 1228 582 1259 Carta
606 1227 747 1267 prefatis
763 1227 784 1258 J
791 1227 895 1257 oratis
919 1237 979 1267 pro
1002 1226 1172 1257 evidencia
1195 1237 1236 1257 ex
1259 1230 1355 1266 parte
1380 1226 1521 1266 predicti
1538 1227 1692 1266 Episcopi
1708 1225 1864 1256 similiter

478 1272 652 1302 liberatur.
688 1271 730 1301 Et
747 1270 865 1301 dicunt
881 1270 971 1310 quod
987 1270 1158 1310 predictus
1176 1270 1343 1301 Robertus
1360 1270 1401 1300 de
1418 1269 1713 1301 Cantokeshevede
1730 1269 1861 1309 perqui-

479 1315 558 1346 sivit
575 1317 768 1346 tenementa
791 1314 941 1354 predicta
957 1314 998 1344 de
1015 1313 1165 1353 predicto
1189 1313 1349 1353 Gregorio
1373 1317 1449 1353 post
1471 1316 1614 1343 mortem
1639 1313 1789 1353 predicte
1805 1312 1861 1343 Jo-

324 1367 371 1394 fol,
387 1368 446 1394 651),
478 1359 589 1390 hanne
606 1358 718 1388 uxoris
741 1367 809 1387 sue,
857 1358 902 1388 Et
918 1357 1036 1387 dicunt
1053 1357 1142 1397 quod
1159 1357 1250 1387 nulla
1267 1357 1410 1387 habetur
1425 1357 1562 1387 collusio
1577 1357 1610 1386 in
1627 1356 1689 1387 hac
1705 1360 1800 1396 parte
1816 1355 1864 1385 in-

478 1406 531 1434 ter
554 1403 671 1432 Partes
695 1400 861 1440 predictas
885 1401 1066 1440 prelocuta.
1131 1400 1211 1431 Ideo
1233 1400 1481 1431 consideratum
1504 1403 1556 1431 est
1579 1400 1669 1439 quod
1692 1399 1863 1439 predictus

480 1445 664 1486 Episcopus
680 1447 735 1475 eat
750 1445 828 1474 inde
844 1444 914 1474 sine
931 1444 993 1482 die,
1011 1446 1046 1474 et
1062 1444 1232 1483 predictus
1250 1443 1416 1474 Henricus
1440 1443 1539 1474 nichil
1557 1443 1667 1483 capiat
1684 1453 1741 1483 per
1759 1443 1863 1472 Breve

478 1499 590 1527 suum,
610 1490 661 1519 set
677 1488 721 1519 sit
737 1487 772 1518 in
788 1487 1014 1518 misericordia
1030 1498 1090 1527 pro
1106 1487 1189 1518 falso
1206 1487 1324 1518 cla-mio
1340 1497 1411 1525 suo,
1431 1489 1494 1517 etc.

436 1550 492 1587 St.
516 1549 584 1586 Ive
606 1546 760 1600 [Sancti
782 1547 925 1593 Ivonis,
949 1545 1077 1598 MS.];
1107 1547 1169 1584 Sir
1187 1547 1292 1584 John
1314 1546 1529 1597 Choparde,
1552 1547 1668 1593 R,—

437 1604 576 1635 Licence
592 1603 626 1633 of
641 1602 894 1633 non-residence
910 1602 963 1632 for
978 1612 997 1632 a
1012 1611 1092 1642 year
1109 1601 1272 1640 (London,
1291 1602 1330 1633 15
1348 1602 1448 1642 May).

436 1663 894 1711 Letters-Dimissory,—

437 1718 527 1748 John
545 1717 654 1755 Petre,
671 1716 811 1754 scholar,
831 1716 849 1730 “
863 1715 904 1746 ad
921 1725 1036 1746 omnes
1053 1715 1204 1754 Ordines,
1223 1717 1294 1746 tam
1318 1715 1463 1746 Minores
1486 1725 1586 1756 quam
1605 1715 1721 1746 Sacros
1733 1715 1750 1727 '⁵
1770 1715 1868 1752 (Lon-

439 1759 862 1844 Joiiiinbiigjiiiglgiiccolite,
882 1802 952 1832 “ad
968 1811 1083 1833 omnes
1100 1802 1216 1833 Sacros
1235 1802 1376 1833 Ordines
1390 1802 1407 1814 '¹
1425 1802 1589 1841 (London,
1608 1803 1647 1832 24
1665 1800 1765 1843 May).

441 1863 690 1902 Confessions
708 1876 717 1909 3
746 1863 810 1899 Ad
829 1862 1041 1910 eligsendum
1064 1861 1388 1910 Confessorem‚—

442 1918 540 1956 Item,
558 1918 679 1948 ultimo
696 1916 749 1947 die
765 1916 847 1947 dicti
860 1916 991 1954 mensis,
1009 1915 1143 1954 ibidem,
1163 1915 1326 1946 Dominus
1342 1916 1504 1946 concessit
1521 1915 1708 1946 Licenciam
1726 1915 1871 1946 Domino

484 1961 612 1992 Thome
629 1960 851 2000 Stayndrope‚
878 1959 1011 1990 Hectori
1035 1959 1179 1989 Ecclesie
1203 1959 1404 1989 Parochialis
1427 1959 1468 1990 de
1492 1959 1757 1998 Northtautone,
1782 1959 1873 1999 quod
1915 1973 1917 1975 ·

487 2004 592 2044 possit
608 2004 728 2044 eligere
745 2003 807 2033 sibi
823 2003 992 2043 ydoneum
1017 2002 1250 2033 Confessorem
1274 2004 1432 2042 quociens
1455 2008 1661 2042 oportunum
1678 2003 1792 2041 fuerit,
1817 2003 1876 2043 qui

486 2048 597 2088 ipsum
614 2057 632 2078 a
648 2050 860 2087 peccatorum
879 2056 1017 2077 suorum
1034 2046 1171 2076 maculis
1194 2045 1364 2076 absolvere
1386 2046 1506 2084 valeat,
1530 2049 1566 2077 et
1588 2046 1792 2086 penitenciae
1815 2056 1875 2086 pro

485 2091 670 2122 commissis
685 2091 857 2130 imponere
872 2090 1046 2128 salutares,
1064 2089 1167 2120 eciam
1185 2089 1218 2120 in
1236 2089 1378 2120 casubus
1402 2089 1547 2120 Domino
1563 2090 1752 2130 specialiter
1768 2099 1874 2120 reser-

335 2189 427 2250 {gm-
449 2219 456 2228 .
486 2137 583 2227 {mimi
612 2217 619 2225 .
651 2219 657 2225 .
694 2188 729 2226 .ss
751 2186 969 2240 [Whittele‚
993 2188 1113 2225 Exon.
1143 2187 1265 2234 Dioc.‚
1288 2187 1494 2234 MS.‚—see
1514 2188 1679 2225 General
1708 2184 1876 2239 Index],·

360 2241 384 2250 ‘⁶
502 2244 565 2281 Sir
592 2243 696 2281 John
717 2243 765 2280 de
785 2242 1028 2288 Mukeltone,
1052 2242 1168 2288 R,—

446 2298 585 2330 Licence
601 2297 635 2327 of
656 2296 910 2327 non—residence
933 2296 986 2326 for
1008 2306 1027 2326 a
1049 2306 1137 2336 year,
1157 2295 1471 2335 “contemplacione
1489 2295 1624 2326 Domini
1648 2295 1812 2326 Johannis
1835 2295 1876 2326 de

489 2340 710 2381 Campedene,
727 2340 846 2379 clerici,
870 2340 898 2370 si
921 2339 955 2370 in
979 2339 1145 2380 obsequiis
1168 2339 1236 2370 suis
1259 2339 1395 2370 steterit
1411 2349 1470 2379 per
1484 2339 1573 2369 idem
1596 2339 1760 2379 tempus”
1777 2337 1874 2375 (Lon-

489 2385 565 2423 don,
583 2385 600 2415 9
617 2383 732 2422 June).

448 2445 646 2483 Oratories
661 2457 671 2491 3
700 2443 856 2481 Licence
876 2450 912 2480 to
932 2443 1177 2487 celebrate,—

449 2500 547 2537 Item,
565 2498 688 2529 eisdem
706 2497 759 2528 die
782 2500 818 2528 et
840 2497 920 2535 loco,
945 2496 1110 2527 Dominus
1133 2496 1296 2527 concessit
1319 2495 1479 2526 Nicholao
1495 2495 1668 2526 VVamford
1685 2499 1720 2527 et
1738 2495 1872 2535 Hugoni

493 2543 579 2573 Gros
596 2541 781 2572 Licenciam
798 2540 952 2578 faciendi,
970 2544 1044 2577 etc„
1064 2540 1097 2570 in
1117 2539 1285 2579 presencia
1308 2539 1457 2579 ipsorum
1481 2542 1516 2570 et
1539 2549 1655 2570 eorum
1671 2539 1820 2575 alterius,
1838 2539 1872 2569 in

495 2585 637 2625 Capellis
660 2584 729 2615 sive
753 2583 915 2615 Oratoriis
938 2584 980 2614 de
1004 2583 1152 2614 Ebforde
1179 2582 1400 2622 [Ebbinyford
1423 2582 1472 2620 (or
1495 2582 1618 2621 Efford)
1642 2582 1679 2612 in
1702 2581 1871 2620 Sti-attam,

492 2628 717 2659 Thurlebeare
732 2627 781 2665 [ιή
800 2625 991 2664 Launcells]‚
1008 2629 1044 2657 et
1060 2626 1248 2666 WVhiteleye
1264 2624 1316 2665 [in
1335 2625 1433 2656 Black
1453 2625 1660 2664 Torrinqton]
1678 2635 1685 2662 ;
1707 2626 1799 2664 dum,
1817 2628 1868 2655 ta-

493 2682 581 2708 men,
605 2670 760 2702 Ecclesiis
784 2670 989 2707 Matricibus,
1014 2673 1088 2707 etc,
1112 2669 1338 2709 prejudicium
1361 2669 1492 2699 nullum
1510 2669 1595 2708 fiat3
1619 2669 1779 2709 quamdiu
1803 2668 1868 2699 Do-

493 2715 584 2745 mino
600 2714 764 2754 placuerit
780 2713 1018 2744 tantummodo
1034 2713 1244 2743 duraturam.

645 2802 656 2821 ¹
680 2804 743 2835 See
759 2802 880 2843 Bishop
895 2801 1097 2843 Scapeldon’s
1112 2801 1264 2842 Reyister,
1281 2811 1312 2842 p.
1332 2800 1402 2841 570,
1420 2803 1501 2833 note
1516 2804 1544 2834 4.
