1987 3062
137 319 214 345 A.D.

137 352 212 378 1372.

142 386 198 411 Vol.
219 387 240 412 ῐ.

134 2010 196 2041 [fol.

135 2045 190 2074 28]

443 220 736 254 REGISTRUM
774 221 1240 254 COMMUNE——ANNO
1280 211 1341 265 30.
1573 210 1665 251 269

288 322 403 352 Partes
418 320 596 362 predictas,
617 322 669 353 die
685 325 720 353 et
735 321 806 353 loco
829 323 1038 363 supradictis,
1062 333 1172 354 coram
1196 323 1300 360 vobis,
1326 332 1383 353 seu
1411 332 1479 353 uno
1505 325 1665 360 vestrum,

287 365 434 404 legitime
457 365 657 404 preconizari
681 366 818 405 faciatis,
844 367 1052 407 ulteriusque
1075 366 1278 406 cognoscatis
1296 369 1330 396 et
1346 365 1540 406 procedatis,
1576 368 1666 395 ‚mut

287 412 406 439 natura
424 408 530 439 Cause
545 408 739 448 hujusmodi
755 410 859 448 exigit
874 413 908 440 et
924 411 1073 450 requirit,
1091 420 1166 440 cum
1184 410 1364 450 cujuslibet
1381 409 1584 439 cohercionis
1602 408 1661 439 Ca-

288 452 404 482 nonice
422 454 586 491 potestate
603 463 610 487 ;
628 453 723 483 nobis
739 454 779 483 de
796 456 869 484 toto
882 453 970 484 facto
988 459 1096 484 vestro
1113 454 1146 484 in
1163 454 1224 484 hac
1241 456 1342 493 parte,
1362 463 1438 483 cum
1456 463 1515 492 per
1532 452 1664 482 Partem

287 495 368 525 dicti
389 495 534 525 Hectoris
552 495 681 526 fueritis
698 496 860 536 requisiti,
887 497 950 527 sub
973 497 1088 537 sigillis
1112 497 1230 527 vestris
1254 496 1366 527 debite
1390 496 1683 527 rescribentes—⁰

288 538 398 569 Dated
414 541 450 569 at
466 538 680 576 Stokenbam,
700 538 717 572 7
734 540 831 570 June.

246 583 290 612 Et
314 586 435 621 postea,
463 580 513 611 vi*O
537 581 703 612 Kalendas
726 583 809 614 Julii
834 582 888 622 [27
916 584 1028 622 June],
1058 583 1186 614 Literas
1217 584 1305 614 dicte
1331 583 1430 614 Curie
1457 582 1666 612 inhibitorias

287 625 483 665 recepimus,
503 625 565 655 sub
582 625 641 655 hac
658 625 976 664 f01·ma,-Officialis
994 627 1092 658 Cur-ie
1118 627 1365 658 Cantuariensis
1390 626 1526 656 Domini
1551 625 1665 656 Archi-

288 668 416 699 diaconi
433 668 561 708 Salopie
587 669 734 707 Officiali,
753 670 927 709 Perpetuis
944 671 1081 700 Vicariis
1106 670 1326 701 Ecclesiarum
1351 670 1392 700 de
1417 669 1609 700 Lilleshulle
1633 672 1667 699 et

289 711 498 750 Attinghmn,
524 711 629 742 Alano
656 712 697 742 de
721 713 882 753 Dyttone,
917 714 1055 743 ilenrico
1084 714 1174 753 Lyle,
1204 717 1238 744 et
1265 713 1410 744 Joh-mni
1438 714 1479 743 de
1508 712 1665 753 Fryseby,

289 755 435 786 Notariis
452 755 606 791 Publicis,
625 755 868 794 Ooventrensis,
881 757 1151 795 Lichefeldensis,
1165 760 1199 787 et
1217 757 1357 787 Eliensis
1373 767 1410 787 ac
1426 756 1666 787 Lincolniensis

288 798 487 836 Diocesium,
505 802 540 828 et
556 799 682 829 'l'home
698 800 739 829 de
756 800 918 838 lValtone,
943 800 1030 830 dicte
1056 800 1155 831 Curie
1173 801 1372 841 Apparitori,
1390 800 1542 838 salutem,
1561 803 1666 830 etc.—

290 843 339 872 Ex
367 845 459 882 parte
490 841 729 881 Religiosorum
757 843 923 881 Virorum,
954 844 1094 874 Abbatis
1121 846 1155 874 et
1182 844 1376 875 Conventus
1406 844 1597 873 Monasterii
1625 843 1666 873 de

289 884 488 923 Lilleshulle,
515 885 648 916 Ordinis
672 886 786 916 Sancti
810 887 999 926 Augustini,
1023 887 1116 917 nobis
1140 887 1255 918 extitit
1278 887 1473 917 intimatum
1498 887 1587 927 quod
1605 887 1665 917 Re-

287 929 461 966 verendus,
478 932 551 966 etc„
569 929 722 968 Thomas,
739 933 811 967 etc,
828 931 969 960 asseruit
984 934 1085 970 prout
1108 930 1171 961 sibi
1193 931 1319 970 placuit
1334 934 1368 961 et
1385 931 1604 969 pretendebat
1619 931 1666 969 ip-

291 983 345 1003 sos
370 972 549 1011 Religiosos
566 972 661 1003 Viros
679 974 893 1013 quamplures
917 974 1067 1004 defectus
1090 974 1123 1004 in
1150 974 1312 1013 Cancello,
1332 974 1449 1012 Libris,
1467 977 1501 1004 et
1518 974 1590 1004 aliis
1607 974 1665 1005 Or-

288 1015 455 1046 namentis
472 1015 615 1046 Ecclesie
632 1017 672 1046 de
688 1017 958 1056 Northmoltone,
975 1028 1011 1048 ac
1027 1018 1061 1048 in
1079 1018 1254 1056 domubus,
1272 1018 1395 1048 mansis
1413 1018 1562 1048 Rectorie
1579 1018 1665 1058 ejus-

290 1060 376 1097 dem,
393 1058 509 1096 muris,
527 1059 699 1097 clausuris,
718 1063 752 1090 et
768 1060 839 1090 aliis
856 1060 933 1091 locis
958 1061 1095 1091 diversis
1111 1062 1152 1092 ad
1170 1061 1294 1092 dictam
1319 1061 1499 1092 Ecclesiam
1516 1066 1665 1101 spectan-

292 1103 391 1139 tibus,
407 1103 616 1141 reparacione
632 1103 860 1143 indigentibus
878 1108 912 1134 et
928 1105 1065 1135 minime
1083 1105 1251 1144 reparatis,
1269 1105 1432 1135 dimisisse
1450 1116 1457 1143 ;
1481 1115 1580 1145 super
1603 1104 1665 1135 hu-

288 1145 436 1186 jusmodi
451 1145 649 1176 defectubus
666 1147 777 1177 debite
794 1147 992 1187 inquisitum
1008 1148 1129 1186 fuisse;
1153 1159 1190 1178 ac
1205 1149 1353 1188 ipsorum
1377 1149 1571 1179 defectuum
1595 1159 1665 1178 cor·

289 1189 472 1220 reccionem
489 1192 523 1219 et
539 1189 781 1229 reparaeionem
800 1191 840 1220 ad
857 1191 945 1231 ipsos
969 1191 1149 1231 Religiosos
1164 1192 1260 1222 Viros
1278 1192 1485 1232 pertinuisse,
1511 1196 1545 1222 et
1563 1192 1664 1232 perti-

289 1243 366 1263 nere
390 1232 533 1269 debere3
562 1243 637 1263 cum
662 1233 793 1264 nullum
816 1234 934 1264 horum
958 1235 1129 1265 notorium
1152 1235 1271 1274 fuerat,
1297 1236 1386 1266 salva
1410 1235 1513 1275 ipsius
1537 1246 1666 1276 semper

288 1275 484 1312 reverencia,
509 1286 616 1316 neque
639 1287 764 1313 verum,
789 1277 926 1318 ipsaque
950 1281 1104 1317 pretensa
1128 1278 1316 1319 Inquisicio,
1342 1279 1368 1309 si
1391 1289 1458 1319 qua
1489 1279 1563 1317 fuit,
1588 1279 1667 1319 ipsis

289 1318 461 1358 Religiosis
480 1319 566 1349 Viris
581 1330 646 1349 non
664 1321 787 1350 vocatis
804 1331 863 1351 nec
887 1321 1033 1360 legitime
1051 1323 1258 1362 premunitis,
1275 1322 1360 1362 juris
1376 1323 1490 1352 ordine
1508 1327 1542 1352 et
1559 1323 1665 1354 Cause

287 1362 475 1402 cognicione
492 1362 523 1392 in
542 1373 579 1392 ea
595 1366 688 1402 parte
701 1363 826 1403 dejure
839 1365 1007 1404 requisitis
1022 1366 1155 1405 penitus
1173 1366 1402 1405 pretermissis,
1423 1377 1479 1406 per
1496 1367 1582 1396 viros
1599 1367 1664 1396 dic-

287 1407 330 1436 tis
350 1405 519 1444 lteligiosis
536 1406 622 1436 Viris
639 1412 822 1446 suspectos,
849 1409 1024 1438 veritatem
1049 1409 1081 1438 in
1106 1420 1144 1439 ea
1168 1414 1260 1449 parte
1285 1414 1345 1439 aut
1368 1417 1492 1439 certam
1509 1410 1665 1440 noticiam

288 1460 353 1480 non
372 1448 542 1486 habentes,
561 1450 594 1479 111
612 1449 716 1479 forma
733 1451 816 1490 juris
833 1451 1025 1481 nullatenus
1048 1452 1189 1492 juratos,
1209 1463 1267 1482 nec
1283 1453 1430 1492 legitime
1447 1454 1663 1491 examinatos,

287 1493 329 1523 ad
351 1492 549 1522 instanciam
572 1496 607 1523 et
631 1494 894 1533 procuracionem
923 1494 1057 1525 Domini
1083 1496 1220 1526 Walter-i
1244 1496 1386 1536 Almaly,
1410 1496 1499 1526 dicte
1523 1497 1667 1527 Ecclesie

288 1537 463 1567 Rectorem
481 1546 514 1565 se
531 1536 770 1575 pretendentis,
788 1538 926 1568 subdole
943 1541 976 1568 et
993 1538 1128 1579 injuste,
1146 1539 1351 1569 clandestine
1368 1544 1402 1569 et
1420 1540 1530 1570 minus
1543 1540 1664 1579 debite,

287 1580 374 1610 facta
390 1579 501 1609 fuerat
519 1583 553 1609 et
569 1584 665 1618 capta
682 1590 689 1617 ;
713 1581 891 1621 dictusque
908 1581 1121 1612 Reverendus
1147 1583 1245 1613 Pater
1268 1583 1355 1622 ipsos
1373 1583 1554 1623 Religiosos
1571 1584 1666 1614 Viros

286 1623 329 1653 ad
345 1623 526 1653 terminum
544 1623 642 1653 nimis
659 1624 792 1654 brevem
815 1628 848 1655 et
873 1627 1146 1665 peremptorium,
1171 1630 1205 1656 et
1228 1627 1337 1656 locum
1361 1627 1459 1657 nimis
1483 1627 1664 1658 distantem

288 1670 322 1697 et
338 1670 514 1704 remotum,
531 1676 569 1697 ac
584 1666 664 1706 ipsis
682 1667 811 1697 notorie
829 1668 938 1698 minus
956 1672 1082 1708 tutum,
1107 1670 1147 1700 ad
1167 1680 1276 1709 quem,
1294 1673 1431 1710 propter
1454 1670 1664 1701 inimicorum

288 1719 426 1740 suorum
443 1709 588 1748 insidias,
606 1713 704 1741 tutus
720 1711 766 1741 eis
783 1721 848 1741 non
873 1712 1010 1751 patebat
1033 1723 1092 1742 nec
1116 1716 1210 1753 patet
1233 1724 1391 1752 accessus,
1409 1724 1509 1753 snper
1526 1714 1664 1754 quibus-

288 1754 365 1783 dam
382 1753 540 1789 articulis,
559 1753 670 1784 minus
687 1754 890 1785 sufficienter
906 1756 1113 1795 expressatis,
1132 1757 1325 1796 premissam
1345 1758 1517 1787 materiam
1535 1768 1664 1788 concer-

288 1796 458 1834 uentibus,
484 1807 720 1836 responsuros;
752 1798 843 1828 nulla
867 1798 1061 1838 hujusmodi
1086 1800 1221 1830 termini
1248 1800 1505 1830 abbreviacionis
1528 1804 1588 1832 aut
1612 1812 1664 1841 pe-

287 1839 466 1880 remptorie
482 1840 665 1870 vocacionis
681 1851 775 1871 causa
794 1842 826 1871 in
845 1842 996 1872 citatorio
1013 1853 1072 1873 suo
1089 1844 1289 1873 sufficienter
1305 1854 1456 1883 expressa
1473 1845 1523 1874 vel
1541 1845 1664 1885 aliqua-

287 1883 364 1914 liter
380 1883 592 1922 subsistente,
610 1885 782 1915 mandavit
799 1888 833 1915 et
848 1885 928 1915 fecit
944 1896 1051 1916 coram
1070 1898 1116 1924 eo,
1135 1891 1194 1916 aut
1210 1898 1269 1917 suo
1283 1887 1516 1918 Commissario
1529 1888 1664 1926 incerto,

287 1927 329 1957 ad
342 1926 506 1967 judicium
519 1927 645 1957 evocari
658 1927 793 1968 injuste,
812 1929 844 1958 in
859 1929 1006 1968 ipsorum
1020 1930 1260 1969 Religiosorum
1274 1931 1429 1961 Virorum
1442 1931 1665 1972 prejudicium

286 1973 321 2000 et
347 1980 533 2009 gravamen.
584 1970 693 2006 Unde,
723 1982 763 2001 ex
789 1975 883 2011 parte
906 1973 1099 2011 eorundem,
1124 1974 1346 2004 senciencium
1370 1985 1403 2004 se
1427 1986 1467 2005 ex
1498 1975 1666 2013 premissis

287 2013 533 2053 gravaminibus
550 2016 583 2044 et
599 2024 713 2044 eorum
730 2015 879 2055 quolibet
895 2016 1042 2047 indebite
1066 2018 1261 2057 pregravari,
1279 2018 1321 2048 ad
1339 2018 1473 2048 Curiam
1491 2018 1665 2049 Cantuari-

287 2067 399 2087 ensem
416 2056 562 2096 legitime
577 2057 692 2088 extitit
708 2059 922 2098 appellatum.
971 2060 1130 2097 Quocirca
1146 2061 1248 2098 vobis,
1266 2065 1338 2099 etc,
1355 2062 1443 2092 dicte
1468 2062 1567 2092 Curie
1590 2072 1664 2092 auc-

287 2100 432 2138 toritate,
457 2100 699 2131 committimus
716 2105 749 2131 013
767 2103 973 2141 mandamus,
1000 2103 1139 2134 firmiter
1159 2104 1384 2144 injungentes,
1408 2105 1567 2144 quatinus
1592 2116 1664 2145 pre-

287 2143 358 2173 fato
377 2144 567 2173 Reverendo
584 2144 687 2182 Patri,
707 2155 783 2175 cum
807 2156 844 2176 ea
867 2156 933 2186 qua
956 2147 1052 2177 decet
1075 2148 1271 2186 reverencia,
1296 2152 1330 2177 et
1355 2148 1496 2178 Domino
1517 2147 1664 2179 Waltero

286 2186 430 2227 Almaly,
451 2197 487 2217 ac
503 2187 620 2218 ceteris
637 2188 791 2218 omnibns
808 2192 842 2219 et
858 2189 996 2229 singulis
1014 2190 1136 2230 quibus
1151 2190 1206 2230 jus
1224 2191 1327 2229 exigit
1343 2191 1493 2230 inhiberi,
1511 2191 1663 2232 ejusdem

288 2230 386 2261 Curie
403 2231 602 2261 auctoritate
618 2231 796 2262 inhibeatis
813 2243 863 2269 ne,
882 2234 1048 2272 pendente
1072 2234 1104 2263 in
1129 2235 1244 2264 eadem
1270 2235 1369 2264 Curia
1386 2234 1580 2274 hujusmodi
1597 2235 1662 2275 Ap-

286 2273 474 2312 pellacionis
492 2274 607 2312 Causa,
625 2275 813 2315 quicquam,
832 2276 892 2305 hac
907 2277 1084 2315 occasione,
1102 2277 1134 2307 in
1152 2277 1240 2307 dicta
1258 2281 1350 2317 parte
1373 2278 1570 2317 appellantis
1595 2289 1663 2318 pre-

283 2316 448 2356 judicium
466 2320 680 2357 attemptent,
699 2322 759 2348 aut
776 2319 900 2349 faciant
916 2320 1104 2359 aliqualiter
1127 2321 1333 2359 attemptari,
1354 2321 1533 2360 quominus
1557 2322 1664 2352 eidem

287 2359 389 2390 libera
405 2363 516 2399 pateat
534 2360 801 2400 Appellacionem
819 2373 912 2392 suam
932 2362 1125 2402 hujusmodi
1144 2364 1362 2403 prosequendi
1379 2364 1528 2395 facultas.
1576 2365 1663 2396 Cite-

287 2403 340 2441 tis,
357 2403 469 2441 eciam,
487 2414 544 2434 seu
561 2405 654 2434 citari
678 2405 816 2441 faciatis,
833 2406 1061 2445 peremptorie,
1081 2407 1247 2446 prefatum
1274 2407 1453 2437 Dominum
1478 2408 1663 2439 lValterum

287 2446 429 2485 Almaly‚
447 2447 535 2486 quod
553 2452 741 2487 compareat
756 2459 864 2478 coram
890 2449 992 2486 nobis,
1010 2453 1070 2479 aut
1092 2449 1155 2479 alio
1179 2450 1266 2479 dicte
1293 2451 1390 2480 Curie
1408 2451 1610 2490 Presidente‚
1629 2452 1662 2482 in

288 2489 433 2519 Ecclesia
450 2490 549 2520 Beate
568 2491 668 2520 Marie
685 2492 725 2521 de
743 2491 894 2521 Arcubus
910 2492 1171 2530 Londoniarum,
1190 2494 1335 2523 secundo
1352 2494 1404 2524 die
1420 2492 1572 2525 Juridico
1589 2499 1664 2535 post

290 2533 425 2562 Festum
443 2533 683 2564 Translacionis
700 2534 811 2564 Sancti
831 2535 974 2573 Martini,
996 2536 1156 2576 Episcopi,
1176 2537 1325 2576 proximo
1341 2537 1507 2577 futurum,
1524 2539 1557 2569 111
1574 2539 1664 2569 dicta

288 2575 530 2615 Appellacionis
561 2587 658 2607 causa
686 2588 907 2616 processurus,
937 2579 1096 2617 facturus,
1123 2583 1157 2609 et
1185 2584 1377 2619 recepturus
1408 2583 1498 2621 quod
1528 2583 1662 2623 justicia

287 2619 449 2650 suadebit.
511 2620 560 2649 De
577 2620 703 2658 diebus,
722 2631 807 2658 vero,
825 2621 1023 2661 recepcionis
1050 2622 1258 2653 Presencium
1284 2634 1320 2653 ac
1345 2624 1523 2656 Citacionis
1541 2631 1659 2665 vestre,

288 2663 452 2702 modoque
468 2666 502 2693 et
518 2663 624 2693 forma
636 2663 796 2703 ejusdem,
814 2667 848 2694 et
863 2664 890 2694 si
906 2665 1034 2695 dictum
1052 2665 1233 2696 Dominum
1249 2667 1432 2698 Walterum
1447 2671 1664 2708 personaliter

285 2705 475 2744 citaveritis,
493 2716 619 2737 necnon
645 2717 709 2746 que
732 2707 878 2738 feceritis
902 2708 934 2737 in
961 2709 1136 2747 premissis,
1155 2719 1223 2747 nos,
1241 2713 1301 2740 aut
1323 2710 1427 2742 alium
1451 2714 1539 2743 dicte
1563 2716 1662 2747 Cui-ie

288 2749 525 2787 presidentem,
544 2750 642 2780 dictis
659 2751 711 2780 die
728 2755 760 2781 et
777 2751 847 2781 loco
870 2751 1058 2781 certificetis
1083 2763 1139 2791 per
1164 2756 1301 2791 vestras,
1321 2756 1557 2788 etc—Datum
1579 2761 1661 2790 Lon-

285 2791 402 2830 doniis,
419 2792 518 2832 xviij⁰
536 2793 702 2824 Kalendas
718 2794 800 2824 ,Iulii
817 2794 870 2833 [14
889 2794 1002 2833 JuneL
1021 2795 1102 2826 A.D.
1121 2796 1180 2827 M0.
1197 2796 1570 2840 CCCm01xxijd0.—Ob
1583 2813 1662 2843 qua-

287 2845 363 2865 rum
380 2835 568 2866 Literarum
584 2837 805 2868 reverenciam
823 2838 863 2868 ab
879 2837 1030 2868 ulteriori
1046 2839 1241 2870 execucione
1253 2839 1342 2871 dicte
1357 2842 1462 2874 Cause
1478 2847 1662 2885 supersedi-

287 2888 374 2917 mus,
394 2881 428 2909 et
444 2878 616 2921 hucusque
633 2883 684 2910 est
700 2890 757 2922 per
774 2891 833 2911 nos
849 2884 884 2911 et
899 2884 1028 2912 nostros
1046 2892 1103 2923 per
1119 2883 1229 2913 omnia
1244 2893 1482 2925 supersessum.
