1987 3062
156 359 229 385 A.D.

154 392 227 419 1373.

155 426 215 452 Vol.
231 426 254 452 Ι.

147 2823 200 2850 fol.
212 2825 254 2849 41.

469 258 757 294 REGISTRUM
792 257 1041 292 COMMUNE
1051 271 1101 277 -
1110 257 1248 290 ANNo
1286 247 1348 291 3⁰.
1581 248 1675 291 313

298 361 368 392 sine
384 371 482 392 causa
497 361 687 392 racionabili
703 372 761 401 per
776 371 836 392 nos
851 363 912 391 aut
928 360 1139 391 Suecessores
1155 361 1287 390 nostros
1304 358 1462 399 primitus
1479 359 1674 399 approbata,

298 405 550 445 quomodolibet
566 405 744 435 concedere
761 404 1117 444 presumatis—Item,
1131 403 1323 440 statuimus,
1338 406 1372 433 et
1388 402 1571 433 statuendo
1588 403 1674 433 ordi-

299 458 427 486 namus,
441 448 531 488 quod
543 449 652 487 Carte,
666 449 907 485 Instrumenta,
925 447 1134 477 Munimenta
1145 446 1226 476 dicti
1240 445 1432 476 Monasterii
1446 446 1674 484 Thesaurarie,

305 494 340 522 et
367 491 498 531 signum
527 494 678 522 vestrum
707 501 892 528 commune,
922 493 998 521 tute
1028 490 1265 520 custodiantur
1302 489 1365 519 sub
1396 489 1505 519 tribus
1537 489 1676 520 diversis

304 535 452 565 clavibus
482 537 517 565 et
543 535 675 573 seruris,
695 533 797 574 juxta
824 534 961 564 modum
988 533 1177 573 antiquitus
1204 533 1444 569 observatum;
1471 542 1532 563 nec
1558 533 1675 563 eodem

305 578 398 618 signo
413 580 525 608 vest-ro
543 588 690 616 unquam
708 577 832 617 aliquid
850 577 1027 619 sigilletur,
1046 577 1117 607 sine
1134 576 1262 614 vestris,
1287 579 1348 606 aut
1371 579 1522 606 vestrum
1539 576 1675 616 majoris

304 626 339 652 et
362 621 500 652 sanioris
524 621 629 661 partis
647 621 804 660 Capituli,
824 620 993 660 presencia
1016 623 1051 651 et
1075 619 1392 656 consensu.——Item,
1414 619 1616 659 precipimus
1640 622 1675 650 et

304 665 502 695 mandamus
518 665 678 704 quatinus
694 668 765 694 tam
782 674 848 700 vos,
866 663 985 700 Abbas,
999 673 1100 703 quam
1114 664 1278 702 Receptor
1288 666 1323 693 et
1336 662 1489 700 sacrista,
1504 663 1674 701 Cellarius‚

303 718 340 738 ac
356 708 459 738 ceteri
474 711 624 738 vestrum
640 707 675 737 in
693 707 815 737 Officiis
831 706 1018 743 constituti,
1036 710 1231 746 compotum
1247 705 1289 736 de
1304 705 1548 736 administratis
1565 717 1675 737 coram

305 758 378 782 toto
395 751 572 782 Conventu
589 751 641 781 vel
658 749 777 790 majori
793 753 897 790 parte,
914 754 974 780 aut
987 749 1188 789 deputandis
1205 749 1245 779 ab
1261 749 1386 785 eodem,
1405 749 1554 780 reddatis
1569 760 1674 780 annu-

302 795 396 832 atim,
412 794 511 834 juxta·
528 794 662 825 Ordinis
684 793 789 824 vestri
813 794 952 824 Statuta
975 796 1010 823 et
1027 792 1265 823 Observancias
1287 792 1477 832 Regulares.
1525 794 1569 823 Et
1585 793 1675 833 quod

303 848 362 878 per
378 848 435 868 vos
451 837 604 877 superius
619 837 809 867 nominatos
825 836 866 866 de
882 836 1036 872 omnibus
1060 836 1154 866 bonis
1177 835 1260 866 dicti
1283 835 1483 873 Monasterii,
1502 839 1571 866 tam
1588 836 1675 867 infra.

303 891 404 921 quam
420 885 525 919 extra,
542 880 639 911 fidele
663 879 894 910 Inventarium
917 879 1132 918 concipiatur,
1149 889 1187 909 ac
1209 879 1272 909 sub
1288 879 1378 909 salva
1394 879 1545 909 custodia
1560 884 1675 920 postea

302 924 498 955 dimittatur
517 934 524 962 3
549 927 588 955 ut
611 924 652 954 de
675 927 769 954 statu
786 923 980 953 Monasterii
1002 922 1164 953 antedicti
1188 922 1396 962 temporibus
1412 923 1538 953 futuris
1554 923 1674 954 clarius

302 968 428 1007 poterit
442 967 756 1007 apparere—Item,
774 966 966 996 ordinamus
982 966 1072 1006 quod
1088 965 1266 996 elemosine
1285 965 1397 996 debite
1413 970 1448 996 et
1464 970 1622 997 consuete
1639 967 1672 997 in

302 1011 373 1051 ipso
392 1011 601 1049 Mon-asterio,
618 1010 688 1041 sine
704 1009 929 1040 diminucione
945 1009 1064 1049 aliqua,
1084 1009 1125 1039 de
1142 1012 1252 1039 cetero
1275 1012 1465 1048 erogentur,
1483 1009 1674 1050 infirmique

303 1057 338 1085 et
353 1054 527 1084 debiliores
543 1054 653 1093 sepius
676 1053 858 1084 visitentur
874 1056 909 1083 et
931 1052 1084 1092 congruis
1102 1052 1271 1082 medicinis
1288 1056 1322 1082 et
1338 1052 1468 1083 cibariis
1484 1053 1674 1084 salubribus

305 1098 679 1137 procurentur.—Item,
697 1097 898 1136 precipimus
922 1096 1021 1136 quod,
1038 1096 1080 1126 de
1103 1100 1222 1134 cetero,
1247 1095 1386 1135 juvenes
1410 1099 1444 1126 et
1464 1097 1583 1127 novicii
1606 1106 1671 1127 non

302 1140 530 1171 admittantur
555 1140 598 1170 ad
624 1140 759 1180 aliquod
791 1139 943 1170 Officium
975 1139 1201 1178 Regularium,
1230 1138 1318 1169 infra
1342 1139 1393 1169 vel
1420 1143 1516 1169 extra
1544 1140 1671 1170 Monas-

304 1184 438 1221 terium,
450 1194 623 1223 quousque
635 1183 811 1213 servicium
823 1182 1033 1213 reddiderint
1045 1183 1077 1212 iu
1092 1182 1217 1213 Ordine
1230 1186 1445 1219 consuetum3
1462 1187 1514 1213 set
1527 1183 1673 1214 habeant

303 1237 380 1257 suos
399 1227 582 1266 Magistros.
600 1227 652 1256 vel
674 1226 794 1256 saltem
817 1236 933 1263 unum,
957 1226 999 1255 ad
1023 1225 1096 1255 illos
1118 1225 1364 1263 instruendum,
1383 1229 1452 1256 tam
1468 1226 1502 1256 in
1520 1227 1673 1257 Serviciis

305 1269 432 1300 Divinis
449 1280 549 1309 quam
566 1270 601 1300 in
618 1269 837 1309 Regularibus
854 1269 1054 1308 Disciplinis.
1104 1270 1146 1299 Et
1163 1269 1253 1308 quod
1269 1269 1367 1306 idem,
1384 1279 1421 1299 ac
1437 1280 1551 1300 omnes
1566 1270 1622 1300 alii
1638 1273 1673 1301 et

303 1313 425 1353 singuli
442 1313 594 1343 Monachi
611 1312 802 1343 Monasterii
818 1312 1012 1352 supradicti,
1030 1322 1048 1342 a
1064 1312 1222 1342 conviviis
1245 1312 1385 1351 publicis
1408 1316 1444 1343 et
1467 1313 1616 1352 privatis,
1636 1324 1673 1344 ac

303 1356 543 1396 potacionibus,
560 1355 766 1395 temporibus
783 1359 818 1386 et
840 1355 918 1385 locis
941 1355 1108 1393 indebitis,
1126 1355 1282 1395 precipue
1303 1358 1379 1395 post
1396 1356 1671 1395 Completorium,

303 1410 337 1430 se
363 1400 565 1436 abstineant,
590 1402 630 1430 ut
653 1402 838 1435 tenentur;
866 1401 901 1428 et
922 1408 989 1428 non
1012 1398 1162 1429 revelent
1185 1398 1352 1429 extraneis
1375 1401 1504 1430 statum
1520 1410 1580 1430 nec
1596 1410 1670 1430 con-

302 1443 414 1473 silium
432 1443 558 1473 Domus
576 1452 582 1479 ;
606 1452 666 1472 nec
682 1442 823 1472 mittant
845 1441 971 1479 literas,
990 1444 1029 1472 ut
1052 1442 1213 1479 solebant,
1238 1441 1308 1472 sine
1331 1452 1502 1480 consensu,
1522 1443 1670 1481 sciencia,

301 1489 337 1517 et
352 1486 528 1517 voluntate
544 1485 685 1516 Abbatis
697 1485 749 1515 vel
762 1485 894 1516 Prioris.
925 1485 968 1515 Et
981 1485 1070 1524 quod
1083 1495 1191 1515 coram
1205 1485 1369 1523 omnibus,
1383 1489 1454 1516 tam
1467 1486 1500 1516 in
1515 1487 1670 1526 Capitulo

302 1540 404 1569 quam
419 1529 507 1567 alibi,
525 1529 635 1569 sepius
650 1529 806 1568 legantur
824 1528 950 1568 Regula
965 1528 1080 1559 Sancti
1097 1528 1270 1558 Benedicti
1291 1532 1326 1558 et
1343 1529 1612 1560 Constituciones
1628 1530 1670 1560 ad

303 1573 365 1603 hoc
381 1573 552 1612 deputate,
569 1573 631 1602 sub
648 1572 740 1611 penis
756 1572 909 1611 superius
932 1571 1240 1608 limitatis.—lte1n,
1258 1571 1450 1603 ordinamus
1470 1573 1560 1612 quod
1577 1573 1671 1604 Prior

301 1616 430 1646 Domus
453 1615 610 1646 Misteriis
636 1615 772 1653 Divinis,
797 1625 834 1645 ac
858 1615 1057 1652 Conventui‚
1082 1615 1200 1645 diebus
1222 1625 1259 1645 ac
1282 1615 1437 1646 noctibus
1459 1616 1599 1647 sollicite
1622 1617 1669 1647 in-

301 1659 430 1695 tendat,
449 1664 484 1689 et
501 1669 566 1689 non
584 1659 668 1689 circa
683 1659 747 1688 alia
763 1658 898 1698 negocia
914 1658 1003 1688 dicte
1023 1659 1149 1688 Domus
1165 1668 1171 1695 ;
1197 1661 1231 1688 et
1255 1658 1355 1689 faciat
1378 1659 1491 1689 lumen
1516 1660 1557 1689 ‹le
1573 1664 1671 1691 nocte

300 1702 335 1732 in
359 1702 564 1733 Dormitorio
587 1701 764 1741 preparari.
814 1702 860 1732 Et
882 1701 971 1741 quod
989 1701 1099 1731 dictus
1115 1701 1237 1738 Abbas,
1255 1712 1312 1732 seu
1330 1701 1417 1732 idem
1436 1702 1538 1741 Prior,
1555 1703 1671 1734 audiat

301 1745 532 1777 Confessiones
565 1745 821 1779 Monachorum2
868 1744 922 1775 vel
952 1744 1138 1784 deputetur
1173 1744 1293 1784 aliquis
1330 1745 1469 1776 idoneus
1507 1746 1549 1776 ad
1586 1746 1670 1777 illud

304 1789 448 1819 officium
486 1798 545 1828 per
579 1788 871 1825 eosdem.-—Item,
902 1798 1076 1818 monemus
1107 1798 1221 1818 omnes
1251 1790 1286 1818 et
1316 1788 1463 1828 singulos
1494 1790 1672 1821 Monachos

301 1831 393 1867 dicte,
416 1832 543 1862 Domus
569 1832 659 1872 quod
686 1831 881 1862 obedienter
906 1834 1047 1871 pareant
1070 1831 1287 1871 Superiorum
1310 1831 1411 1862 licitis
1434 1832 1613 1870 mandatis,
1636 1837 1672 1864 et

299 1875 478 1915 condignas
505 1885 565 1915 pro
590 1875 718 1905 meritis
749 1875 891 1905 subeant
921 1874 1151 1905 correcciones.
1210 1874 1439 1914 Provideatur,
1468 1876 1581 1914 eciam,
1614 1887 1673 1917 per

301 1919 550 1949 Gubernatores
576 1919 702 1949 Domus
726 1918 766 1948 de
789 1918 860 1948 viro
883 1928 943 1958 pro
967 1918 1072 1948 officio
1095 1918 1229 1956 lotricis,
1253 1922 1289 1949 et
1311 1918 1453 1949 aliorum
1477 1920 1670 1957 officiorum,

300 1962 348 1993 ita
378 1963 468 2002 quod
505 1961 662 1992 mulieres
695 1972 762 1992 non
795 1961 942 1992 habeant
977 1961 1153 1992 materiam
1191 1961 1398 2001 ingrediendi
1430 1963 1673 1994 Monasterium

300 2005 686 2045 supradictum.—-Item,
703 2005 902 2045 provideant
918 2005 1062 2035 Sacrista
1080 2004 1223 2035 Ecclesie
1242 2008 1276 2035 et
1294 2005 1541 2036 Gubernatores
1557 2017 1670 2046 supra-

301 2048 383 2079 dicti
410 2049 499 2088 quod
523 2048 599 2079 libri
625 2048 659 2078 in
687 2048 834 2078 Libraria
864 2048 1055 2084 existentes,
1079 2048 1298 2087 Vestimenta,
1330 2052 1365 2079 et
1394 2053 1504 2079 cetera
1529 2051 1673 2081 Ecclesie

301 2092 514 2129 Ornamenta,
530 2102 657 2122 necnon
681 2094 716 2122 et
739 2091 858 2121 domus
881 2091 1062 2121 necessarie
1078 2091 1161 2122 dicti
1178 2092 1381 2127 Monasterii,
1399 2096 1567 2132 quatenus
1586 2094 1672 2124 bona

300 2135 451 2175 ejusdem
476 2135 517 2165 ad
540 2135 601 2165 hoc
624 2135 773 2165 sufficere
798 2137 968 2174 poterunt,
993 2145 1071 2165 cum
1094 2134 1213 2165 ceteris
1240 2135 1407 2172 oneribus,
1438 2136 1671 2168 emendentur.

302 2178 516 2218 Precipimus,
550 2178 696 2218 insuper,
722 2178 941 2218 injungimus,
970 2182 1004 2207 et
1032 2178 1231 2208 mandamus
1259 2178 1418 2217 quatinus
1442 2189 1525 2219 opus
1548 2180 1672 2210 fabrice

301 2221 513 2261 Campanilis,
544 2221 614 2261 jam
647 2221 828 2261 inceptum,
864 2221 1082 2251 continuetur
1116 2224 1150 2251 et
1185 2221 1392 2260 compleatur
1409 2232 1416 2259 ς
1454 2232 1492 2252 ac
1521 2223 1672 2254 defectus

300 2265 334 2295 in
358 2264 573 2302 Dormitorio,
591 2265 788 2302 Befectorio,
813 2268 847 2294 et
872 2264 1026 2295 Claustro
1048 2264 1264 2294 imminentes
1287 2267 1495 2304 reparentur,
1520 2276 1578 2296 seu
1602 2266 1672 2297 loca

298 2308 369 2348 ipsa
384 2308 628 2346 reedificentur,
645 2307 848 2357 quamcicius
873 2307 943 2338 fieri
966 2307 1100 2345 poterit,
1124 2307 1671 2349 compete11ter.—Ite1n‚iujungi-

298 2361 374 2381 mus
389 2351 513 2381 eisdem
529 2351 677 2400 personis
693 2354 733 2381 ut
748 2351 873 2381 faciant
888 2350 945 2381 hos
950 2351 997 2381 tia
1013 2351 1160 2381 Claustri
1176 2350 1265 2380 horis
1281 2351 1548 2390 competentibus
1571 2353 1672 2383 firmi-

298 2398 352 2425 ter
367 2394 476 2424 claudi
491 2397 526 2425 et
542 2394 652 2432 serati,
679 2404 739 2425 nec
762 2394 964 2434 permittant
986 2397 1113 2424 ceteros
1138 2393 1315 2423 Monaehos
1339 2394 1533 2425 Monasterii
1555 2405 1671 2435 supra-

298 2437 380 2468 dicti
404 2437 539 2468 mittere
555 2448 684 2477 panem,
702 2434 883 2475 ce'rvisiam,
900 2447 1024 2475 carnes,
1042 2437 1154 2476 pisces,
1172 2439 1233 2466 aut
1255 2437 1317 2466 alia
1340 2436 1497 2467 victualia
1513 2448 1672 2478 quecum-

298 2490 363 2520 que
379 2483 475 2511 extra
490 2481 741 2518 Monasteiium,
759 2481 846 2511 sicut
869 2480 1031 2510 hactenus
1055 2480 1125 2510 fieri
1148 2480 1330 2517 cousuevit,
1347 2483 1398 2510 set
1414 2480 1456 2510 de
1474 2481 1672 2521 fragmentis

295 2528 331 2554 et
353 2524 603 2554 remanentibus
619 2524 774 2563 disponat
790 2523 1058 2561 Elemosinarius,
1075 2526 1176 2562 prout
1191 2523 1233 2553 ad
1250 2523 1394 2553 officium
1410 2533 1509 2554 suum
1525 2525 1674 2564 pertinet

296 2569 332 2597 et
344 2566 514 2597 videbitur
528 2567 693 2606 expedire.
719 2567 891 2606 Quodque,
905 2567 987 2597 citra
1004 2567 1142 2596 Festum
1158 2565 1288 2596 Natalis
1302 2564 1438 2596 Domini
1453 2568 1604 2606 proximo
1620 2569 1671 2599 fu-

299 2612 426 2647 turum,
450 2609 492 2640 de
518 2610 688 2640 mansione
714 2610 919 2649 competenti
945 2609 1162 2649 provideatur
1186 2609 1352 2648 Perpetuo
1376 2609 1505 2640 Vicario
1529 2612 1673 2642 Ecclesie

300 2652 498 2683 Parochialis
510 2653 552 2683 de
567 2653 764 2693 Tavystoke,
782 2656 817 2683 et
833 2653 936 2692 ipsius
951 2653 1194 2683 successoribus
1210 2653 1267 2692 qui
1290 2662 1349 2691 pro
1366 2655 1517 2692 tempore
1533 2654 1671 2693 fuerint,

298 2695 400 2734 vobis,
417 2698 452 2726 et
470 2696 670 2726 Monasterio
686 2701 796 2726 vestro
812 2706 949 2733 annexa,
967 2699 1062 2726 extra
1077 2698 1172 2735 septa
1190 2695 1381 2726 Monasterii
1397 2706 1405 2732 ;
1429 2697 1477 2727 ita
1493 2698 1583 2737 quod
1599 2709 1671 2738 par-

298 2738 427 2769 ochiani
449 2738 582 2777 ibidem,
600 2739 641 2769 de
657 2739 710 2769 die
725 2742 760 2769 et
776 2738 817 2768 de
840 2742 948 2776 nocte,
975 2739 1017 2768 ad
1040 2738 1151 2778 ipsum
1168 2738 1346 2776 Vicarium,
1368 2748 1425 2778 pro
1449 2740 1673 2772 Sacramentis

297 2785 333 2812 et
356 2782 659 2812 Sacramentalibus
690 2782 890 2822 optinendis,
915 2785 1078 2821 poterunt
1104 2781 1224 2811 habere
1254 2781 1440 2821 ingressum
1471 2783 1615 2815 liberum
1638 2789 1673 2815 et

300 2834 480 2864 egressum,
499 2824 562 2855 sub
578 2835 663 2865 pena
680 2825 705 2856 C
717 2835 752 2864 3.,
770 2825 868 2855 alicui
884 2825 978 2864 ponti
991 2824 1273 2864 applicandorum,
1289 2825 1388 2864 juxta
1411 2830 1564 2858 nostrum
1587 2828 1671 2858 arbi-

302 2867 407 2899 trium
423 2867 715 2908 disponendorum,
734 2871 847 2899 nostre
870 2868 1016 2899 Diocesis
1036 2868 1336 2908 supradicte—Et,
1353 2871 1393 2900 ut
1409 2868 1469 2900 hec
1487 2870 1671 2911 Ordiuacio,
