1987 3062
72 338 147 364 A.D.

72 374 149 398 1380-

71 408 112 432 81.

69 439 132 464 Vol.
144 439 166 465 1.

78 1475 162 1500 MAR-

77 1517 153 1535 ems.

77 2067 127 2092 fol.

78 2102 119 2127 88.

390 238 674 273 REGISTRUM
712 236 1170 271 ooMMUNs—ANNO
1215 227 1235 268 1
1248 226 1306 269 1⁰.
1513 227 1537 268 4
1546 226 1603 268 41

179 337 269 370 John
289 337 396 376 Tuon,
420 337 617 375 subdeacon,
645 336 717 367 “ad
742 336 857 368 Sacros
880 334 1084 366 Diaconatus
1107 336 1141 364 et
1165 332 1410 364 Presbiteratus
1427 332 1568 363 Ordines
1583 332 1601 344 ”

222 382 326 419 (same
349 381 449 419 date).

179 424 268 456 John
285 423 512 462 Trevelwithe,

179 468 323 499 Thomas
340 468 464 508 Gayen,

178 523 436 567 Confessions‚
459 528 530 559 etc.
550 535 558 567 3
587 521 942 567 Pe7zitenciaria,—

179 577 276 615 Item,
290 576 379 616 apud
394 576 585 606 Farendone
597 575 744 613 (Ηαηίε),
754 575 809 605 xix
823 575 874 605 die
887 574 968 605 dicti
981 573 1113 611 mensis,
1126 573 1437 604 FraterWillelmus
1450 573 1600 614 Kynges-

223 623 301 650 tone
315 619 433 650 habuit
447 619 722 650 Commissionem
735 619 776 649 de
792 619 957 649 audiendo
975 617 1203 649 Confessiones
1220 620 1254 648 et
1271 617 1479 657 predicaudO,
1497 627 1602 657 usqne

225 664 363 694 Festum
382 663 593 693 pentecostes
610 662 760 702 proximo
777 662 944 693 futurum.

182 717 638 767 Lette1·s-Dimissm·y,--

182 771 342 802 Edmund
370 771 510 809 Knight,
537 770 634 808 clerk,
669 770 741 800 “ad
773 780 886 800 onmes
911 770 1026 801 Sacros
1050 769 1201 807 Ordines,
1225 769 1508 809 contemplacione
1533 769 1601 809 [Jo-

223 815 341 845 hannis
358 815 399 845 de
417 814 622 853 HarewelleJ,
643 814 794 854 Episcopi
811 813 1044 844 Bathoniensis
1059 813 1075 825 ’'
1093 813 1307 853 (Fariugdon,
1327 815 1366 843 22
1385 812 1489 851 Fen).

180 870 427 907 Confessions
444 882 453 915 3
482 869 540 905 De
558 868 749 905 azcdz'endo
772 867 1096 916 Confessc'ones,—

180 924 279 961 Item,
298 923 431 961 ibidem,
451 922 532 962 xxiij
551 922 603 952 die
620 922 701 952 dicti
719 922 850 959 mensis,
870 922 1034 952 Dominus
1057 922 1202 952 Thomas
1226 921 1391 959 Amcotes,
1418 922 1605 961 Perpetuus

223 967 372 997 Vicat-ius
389 966 429 996 de
448 965 693 1005 Plymmouthe,
709 965 828 996 habuit
845 965 1118 996 Commissionem
1135 966 1176 995 de
1192 965 1358 995 audiendo
1376 965 1607 996 Confessiones

223 1010 499 1050 parochianorum
515 1020 613 1040 suoru
621 1019 662 1046 m,
681 1012 714 1039 et
729 1009 929 1039 absolvendo
946 1009 1078 1039 eosdem
1095 1008 1197 1038 eciam
1214 1009 1248 1038 in
1265 1008 1394 1039 casibus
1418 1009 1605 1046 reservatis,

225 1057 264 1084 ut
280 1054 311 1083 in
329 1053 444 1090 forma,
462 1063 568 1093 usque
585 1053 627 1083 ad
644 1053 782 1083 Festum
801 1053 1012 1083 Pentecostes
1029 1052 1180 1092 proximo
1196 1062 1286 1082 nunc
1302 1052 1468 1083 futurum.
1510 1053 1553 1083 Et
1571 1052 1605 1082 iu

225 1107 284 1127 sua
299 1096 451 1127 absencia
478 1097 529 1127 vel
553 1096 748 1126 infirmitate
774 1096 971 1136 Capelianus
994 1106 1075 1126 suus
1100 1095 1299 1126 Parochialis
1323 1096 1461 1126 eandem
1486 1095 1607 1126 habuit

225 1143 438 1180 potestatem,
456 1150 522 1170 uon
550 1139 763 1170 obstantibus
788 1139 1086 1169 Commissionibus
1109 1138 1274 1177 Religioso
1296 1139 1384 1176 Viro,
1406 1139 1511 1170 Priori
1528 1139 1604 1170 Fra-

225 1187 317 1214 trum
335 1183 467 1214 Ordinis
486 1184 584 1213 Beate
603 1183 704 1213 Marie
721 1183 762 1213 de
778 1183 894 1213 Monte
919 1183 1069 1220 Carmeli,
1091 1183 1285 1213 Conventus
1308 1183 1349 1213 de
1367 1182 1607 1222 Plymmcuthe

224 1227 381 1267 predicta,
398 1230 433 1257 et
448 1227 520 1257 aliis
542 1226 810 1266 quibuscumque
827 1225 861 1256 in
879 1225 939 1256 hac
956 1229 1049 1266 parte
1066 1226 1175 1256 factis.

183 1281 639 1330 Letters-Dimissory,—

185 1335 474 1415 Οείψΐὲἳειζικμῃ
492 1335 636 1372 accolito,
656 1334 727 1364 “ad
751 1334 912 1366 Ordinem
936 1332 1232 1372 SubdiaconatusJ'
1258 1333 1447 1374 Faringdon
1472 1334 1605 1373 (Hunis,

229 1379 268 1408 28
314 1388 331 1407 e
359 1400 363 1404 .
388 1401 394 1407 .

186 1421 290 1458 Roget·
306 1421 442 1459 Jordan,
461 1420 558 1459 clerk,
577 1421 598 1435 ‘⁶
613 1421 653 1450 ad
670 1431 784 1450 omnes
802 1421 945 1451 Minores
963 1420 1103 1452 Ordines
1118 1420 1135 1431 ’'
1155 1422 1256 1457 (same
1273 1420 1375 1459 date).

185 1475 281 1513 Case
315 1475 354 1511 of
387 1475 562 1520 assault3
601 1475 835 1511 ilscmdatmn
873 1475 926 1511 ar]
962 1475 1275 1521 supersedendum
1313 1476 1357 1511 de
1397 1475 1610 1512 (moncione

227 1529 416 1577 flcciencla
435 1532 565 1565 contra
584 1529 797 1565 ,Iohannem
815 1529 860 1564 de
882 1528 1104 1573 Cladvlcestre,
1118 1529 1382 1576 juniorem,—

185 1583 337 1620 Thomas,
357 1586 430 1620 etc,
449 1582 586 1612 Officiali
606 1582 834 1612 Archidiaconi
852 1583 956 1612 nostri
977 1582 1221 1622 Barnastapolie
1244 1582 1450 1623 singulisque
1475 1584 1608 1614 Curatis

230 1627 417 1656 Decanatus
433 1625 758 1664 Barnastapoliensis,
776 1625 930 1662 salutem,
948 1626 1144 1663 etc.-Quia
1160 1636 1219 1656 nos
1236 1626 1402 1665 quendam
1420 1626 1607 1657 ,Iohannem

230 1670 270 1699 de
295 1669 496 1705 Chichestre,
520 1668 695 1708 juniorem,
714 1679 731 1698 a
749 1669 924 1699 Sentencia
945 1669 1308 1699 Excommunicacionis
1332 1669 1478 1709 Majoris,
1505 1681 1607 1710 quam

230 1711 421 1743 incurrebat
438 1722 556 1742 manus
573 1714 697 1742 temere
716 1712 876 1742 violentas
893 1712 924 1742 iu
944 1712 1127 1742 Dominum
1151 1712 1356 1743 willelmum
1382 1714 1501 1752 Cridie,
1528 1715 1605 1744 Rec-

229 1759 333 1786 torem
352 1755 496 1785 Ecclesie
513 1755 712 1785 Parochialis
729 1756 769 1784 de
787 1756 947 1785 Brattone
972 1754 1161 1795 [Fleming]‚
1187 1755 1359 1794 iniciendo,
1386 1767 1485 1796 super
1508 1757 1607 1788 certis

229 1800 328 1829 modo
344 1802 377 1828 et
394 1799 500 1828 forma
516 1799 548 1829 in
568 1799 628 1828 hac
642 1801 734 1837 parte
746 1799 866 1829 debitis
879 1798 1081 1829 absolvimus
1098 1803 1130 1828 et
1148 1799 1210 1829 sibi
1224 1799 1444 1838 penitenciam
1458 1799 1605 1840 injunxi-

229 1853 304 1872 mus
321 1852 420 1882 quam
437 1842 623 1872 secundum
643 1842 749 1872 Deum
767 1842 872 1872 eidem
892 1842 1037 1872 vidimus
1054 1842 1296 1882 injungendam
1315 1853 1322 1879 ;
1340 1843 1431 1874 vobis
1447 1844 1604 1884 conjunc-

227 1885 289 1915 tim
314 1890 347 1915 et
370 1885 501 1915 divisim
530 1885 782 1923 committimus,
813 1889 888 1923 ete,
917 1885 1077 1925 quatinus
1102 1886 1143 1915 ab
1173 1886 1370 1916 execucione
1394 1897 1606 1927 quacumque

229 1929 396 1959 occasione
428 1928 602 1959 Sentencie
629 1929 776 1968 predicte
804 1932 917 1959 contra
945 1929 1074 1959 dictum
1102 1929 1291 1960 Johannem
1320 1929 1471 1960 facienda
1494 1941 1606 1970 super-

228 1972 370 2003 sedeatis
393 1972 538 2007 omnino,
565 1982 739 2012 quousque
762 1971 854 2002 aliud
870 1983 888 2002 a
904 1972 999 2003 nobis
1022 1972 1205 2002 habueritis
1222 1972 1255 2002 in
1273 1973 1605 2005 mandatis.—Dated

228 2020 263 2046 at
282 2016 305 2045 F
308 2016 469 2055 aringdon
492 2015 640 2054 (Hants),
658 2017 676 2046 6
694 2015 816 2046 March.

191 2069 647 2119 Letters-Dimissor5‚——

186 2123 293 2163 Ralph
310 2123 433 2161 Canon,
446 2123 590 2161 accolite,
606 2124 623 2137 “
635 2123 675 2153 ad
694 2123 852 2154 Ordinem
870 2123 1136 2154 Subdiaconatus
1148 2123 1165 2135 ''
1183 2124 1398 2164 (Faringdon,
1417 2124 1434 2154 8
1456 2124 1592 2162 March).

185 2167 328 2197 Thomas
363 2166 543 2204 Treueuke,
576 2166 721 2204 accolite,
764 2167 836 2196 “ad
871 2167 986 2198 Sacros
1025 2167 1293 2197 Subdiaconatus
1331 2172 1365 2198 et
1404 2167 1608 2199 Diaconatus

234 2209 374 2241 Ordines
388 2210 405 2221 ’³
431 2210 643 2249 (Faringdon,
664 2211 699 2240 11
720 2209 858 2248 March).

188 2263 334 2301 Dolton
349 2276 358 2310 3
379 2263 636 2311 sequestracio
657 2264 837 2300 bonorum
866 2264 1036 2300 Rectorc's
1056 2265 1100 2301 de
1123 2264 1375 2309 cheltone‚-—

187 2318 284 2355 Item,
302 2317 389 2357 apud
409 2317 511 2354 Clyst,
531 2317 608 2356 xviij
627 2317 679 2347 die
697 2317 818 2347 mensis
835 2317 958 2356 Marcii,
978 2318 1140 2348 Dominus
1156 2318 1379 2358 sequestravit
1396 2318 1505 2349 omnia
1523 2319 1608 2349 bona

230 2372 295 2400 que
326 2360 444 2391 habuit
476 2360 632 2397 Magister
666 2360 827 2390 Heni-icus
860 2360 1053 2399 Litlintone,
1086 2361 1206 2391 Rector
1236 2362 1317 2392 dum
1350 2362 1434 2392 vixit
1466 2363 1609 2392 Ecclesie

232 2403 429 2434 parochialis
453 2404 493 2432 de
526 2403 700 2440 Dueltone,
725 2414 899 2443 quousque
922 2404 1177 2434 Testamentum
1201 2404 1269 2434 sive
1294 2405 1422 2436 Ultima
1445 2405 1609 2436 Voluntas

232 2446 335 2477 fuerit
351 2447 513 2484 probat-(13
537 2450 571 2476 et
586 2447 751 2477 commisit
774 2450 975 2486 potestatem
999 2448 1040 2477 ad
1065 2447 1306 2487 publicandum
1331 2449 1550 2488 Sequestrnm
1574 2452 1609 2479 et

232 2490 316 2520 illud
347 2489 613 2528 custodiendum,
642 2500 825 2529 quousque,
850 2493 926 2526 eto,
952 2491 1083 2520 Rectori
1117 2490 1259 2520 Ecclesie
1284 2491 1324 2521 de
1350 2491 1555 2532 witherigge
1578 2495 1612 2522 et

230 2533 396 2572 Perpetuo
420 2532 596 2572 Capellano
621 2533 751 2572 capelle
776 2533 888 2563 Sancti
914 2533 1086 2563 Laurencii
1111 2533 1304 2573 Criditonie,
1330 2535 1554 2566 communiter
1577 2538 1611 2566 et

234 2576 377 2607 divisim.

188 2631 643 2679 Letters-Dimissory,——

187 2684 277 2715 John
295 2684 411 2722 Lache,
429 2684 561 2722 deacon,
577 2684 647 2714 “ad
661 2684 798 2714 Sacrum
812 2684 1057 2715 Presbiteratus
1071 2684 1231 2716 Ordinem
1246 2685 1263 2697 ''
1279 2685 1398 2726 (Clys't,
1415 2687 1456 2716 22
1471 2687 1608 2725 March).

189 2727 298 2767 Ralph
316 2728 440 2765 Canon,
459 2727 655 2766 subde-acon,
675 2727 692 2741 ‘²
705 2727 746 2758 ad
763 2728 878 2759 Sacros
895 2728 1098 2759 Diaconatus
1114 2732 1149 2759 et
1166 2728 1411 2761 Presbiteratus
1436 2730 1577 2761 Ordines
1592 2731 1610 2743 ''

236 2770 338 2810 (same
355 2771 454 2809 date).

533 423 727 506 }accolite.÷,
755 444 826 475 “ad
843 455 956 475 omnes
974 444 1088 475 Sacros
1106 442 1246 474 Ordines
1261 442 1278 454 ’¹
1297 441 1400 481 (same
1413 441 1515 479 date).
