1987 3062
437 237 724 270 REGISTRUM
764 237 1223 271 COMMUNE-—ANNO
1254 228 1346 271 100.
1555 227 1647 269 399

112 335 185 375 Ap.
262 348 295 369 se
311 338 540 379 accingerent,
559 342 593 370 et
608 350 664 370 eos
680 350 741 381 pro
758 349 856 381 posse
871 342 1167 381 persequerentur,
1185 338 1244 370 illa
1260 338 1449 380 gauderent
1466 337 1646 377 Indulgen-

113 370 227 431 [133¹ss
243 382 325 432 ]cia,
348 381 473 423 illoque
494 382 679 423 Privilegio
701 388 812 415 essent
833 384 969 421 muniti,
994 393 1058 424 que
1080 383 1319 415 accedentibus
1342 384 1377 414 in
1399 383 1501 413 Terre
1526 383 1649 413 Sancte

180 423 185 428 ’
232 422 237 427 ’
261 423 450 456 subsidium
467 426 709 458 conceduntur.
760 426 791 458 V
794 426 933 467 olentes,
952 427 1069 467 igitur,
1089 427 1180 468 quod
1195 427 1360 468 premissa
1376 426 1419 457 ad
1435 434 1647 456 communem

261 469 424 500 noticiam
445 469 597 500 omnium
617 468 746 501 Christi
768 470 938 502 Fidelium
958 471 1182 509 deducantur,
1206 470 1432 502 Fraternitati
1452 472 1565 501 vestre
1587 477 1648 509 per

258 511 460 554 Apostolica
474 512 611 553 Scripta
626 512 780 544 districte
795 514 1013 554 precipiendo
1027 513 1229 545 mandamus
1244 513 1406 554 quatinus
1420 511 1565 554 quilibet
1579 522 1651 544 ves-

259 558 354 587 trum
376 555 419 586 ad
441 565 525 596 quos
547 559 722 596 presentes
744 556 870 595 Litere‚
885 556 939 588 vel
952 566 1069 588 earum
1080 560 1349 598 transumptum,
1363 560 1435 594 tuo,
1451 556 1573 587 Frater
1584 554 1645 585 Ar-

261 598 485 640 chiepiscope,
501 599 689 640 sigillatum
702 599 824 641 sigillo,
839 600 1069 640 pervenerint,
1085 598 1148 630 sub
1160 609 1248 640 pena
1261 599 1648 630 Excommunicacionis.

259 651 363 683 quam
385 642 572 683 quemlibet
594 647 748 674 vestrum
770 644 829 684 qui
851 643 1017 674 Mandato
1040 647 1158 674 nostro
1181 642 1381 683 hujusmodi
1402 652 1470 673 non
1493 642 1646 683 paruerit

260 695 337 716 cum
352 685 476 717 effectu
490 686 662 717 incurrere
678 685 836 717 volumus
852 687 926 727 ipso
943 686 1045 725 facto,
1064 687 1099 716 in
1116 685 1277 717 Ecclesiis
1294 686 1429 724 vestris,
1448 685 1564 717 Verbo
1582 684 1646 716 Dei

259 729 420 770 primitus
436 739 498 770 per
513 740 584 768 vos,
604 729 658 761 vel
675 729 758 760 alios
775 729 819 760 ad
833 729 897 761 hoc
913 729 1073 770 ydoneos,
1093 739 1207 760 coram
1224 727 1351 770 populo
1369 728 1590 770 solempniter
1607 738 1646 759 ac

258 771 394 813 publice
414 773 590 814 proposito
612 772 732 804 saltem
752 772 865 811 semel,
890 782 928 803 ac
950 772 1056 803 eciam
1078 782 1140 813 per
1160 771 1350 813 Religiosos
1373 771 1644 809 Predicatorum,

260 816 444 856 Minorum,
474 816 731 847 Heremitarum
758 816 874 847 Sancti
900 816 1088 856 Augustini
1114 820 1147 847 et
1176 815 1301 847 Sancte
1325 815 1435 847 Marie
1461 815 1501 848 de
1527 815 1646 847 Monte

260 858 425 898 Carmelo,
441 869 537 900 quos,
557 858 706 900 quidem,
726 858 929 899 Religiosos,
949 860 976 890 si
995 857 1247 890 Monicionibus
1266 862 1301 890 et
1318 857 1495 890 Mandatis
1511 859 1595 890 meis
1612 858 1646 889 in

257 902 320 934 hac
336 906 435 944 parte
449 913 517 934 non
532 903 720 944 paruerint,
739 902 1114 934 Excommunicacionis
1130 902 1346 934 Sentenciam
1362 901 1535 933 incurrere
1552 901 1646 933 volu-

258 956 333 978 mus
355 947 429 987 ipso
453 947 556 986 facto,
582 947 617 977 in
639 947 764 978 vestris
788 944 1051 978 Cathedralibus
1074 949 1108 977 et
1131 945 1284 986 ipsorum
1307 944 1558 986 Religiosorum
1582 945 1644 976 Ec-

259 989 380 1029 clesiis,
408 994 442 1021 et
466 990 566 1021 Locis
591 989 666 1021 aliis
691 990 732 1021 de
756 988 881 1031 quibus
904 988 1002 1021 vobis
1028 988 1214 1027 videbitur,
1241 988 1323 1020 dum
1350 988 1536 1020 Missarum
1562 988 1644 1019 cele<

258 1031 404 1064 brantur
421 1032 619 1074 solempnia,
640 1032 696 1064 vel
713 1032 798 1064 alias
815 1043 893 1064 cum
910 1031 1038 1064 ibidem
1055 1033 1167 1072 major
1184 1031 1302 1073 populi
1319 1032 1431 1064 aderit
1446 1032 1644 1071 multitudo,

257 1086 296 1107 ac
318 1076 424 1107 eciam
445 1077 481 1107 in
501 1077 626 1108 vestris
647 1081 681 1108 et
703 1076 874 1108 dictorum
894 1076 1147 1117 Religiosorum
1168 1075 1464 1118 predicacionibus
1485 1075 1643 1117 publicis,

258 1118 401 1160 singulis
419 1118 550 1151 Diebus
568 1119 768 1159 Dominicis,
789 1120 903 1151 omnia
920 1123 953 1151 et
972 1119 1106 1161 singula
1125 1119 1324 1160 supradicta
1340 1119 1523 1160 publicetis
1541 1124 1574 1151 et
1591 1130 1645 1151 ex-

258 1163 405 1203 ponatis,
433 1173 491 1194 seu
515 1162 683 1204 publicari
709 1168 742 1195 et
768 1164 902 1204 exponi,
932 1163 1003 1195 alta
1027 1174 1110 1195 voce
1135 1168 1169 1195 et
1196 1162 1427 1204 intelligenter
1451 1164 1485 1194 in
1510 1162 1645 1203 vulgari

258 1206 405 1245 faciatis,
436 1216 475 1237 ac
503 1207 717 1247 presencium
746 1206 941 1237 Literarum
970 1207 1085 1247 copias
1114 1207 1222 1246 portis
1252 1206 1423 1237 dictarum
1450 1209 1644 1237 vestrarum

258 1247 514 1280 Cathedralium
533 1253 566 1280 et
584 1249 755 1280 dictorum
772 1249 1023 1290 Religiosorum
1040 1249 1271 1281 Ecclesiarum
1290 1249 1427 1290 publice
1444 1250 1580 1282 faciatis
1598 1250 1645 1281 af-

256 1290 337 1332 figi;
372 1292 641 1323 contradictores
667 1302 728 1332 per
753 1291 940 1323 Censuram
965 1291 1253 1332 Ecclesiasticam,
1282 1292 1526 1334 Appellacione
1553 1295 1645 1333 post-

258 1335 382 1375 posita,
412 1335 677 1375 compescendo;
713 1346 779 1366 non
807 1334 1026 1367 obstantibus
1054 1334 1326 1377 quibuscumque
1354 1336 1644 1377 Exempcionibus

258 1381 292 1409 et
314 1377 389 1409 aliis
413 1377 608 1419 Privilegiis
631 1378 757 1409 eisdem
781 1377 978 1418 Ordinibus,
1005 1388 1188 1420 eorumque
1213 1378 1372 1411 Personis
1396 1384 1430 1411 et
1454 1380 1564 1419 Locis,
1590 1379 1645 1411 vel

259 1419 438 1462 quibusvis
459 1420 535 1452 aliis
558 1420 600 1452 ab
622 1421 824 1462 Apostolica
847 1421 932 1453 Sede
955 1422 1133 1462 concessis,
1159 1432 1219 1454 seu
1242 1423 1270 1454 si
1292 1423 1437 1463 prefatis
1461 1423 1644 1464 Religiosis

257 1463 312 1495 vel
335 1462 514 1504 quibusvis
539 1463 626 1503 aliis,
653 1465 880 1496 communiter
902 1464 958 1496 vel
983 1464 1131 1505 divisim,
1158 1475 1178 1496 a
1201 1466 1337 1506 prefata
1362 1466 1447 1498 Sede
1472 1467 1645 1499 indultum

258 1508 384 1539 existat
403 1507 494 1548 quod
511 1508 680 1547 interdici,
702 1508 875 1548 suspendi,
895 1508 950 1539 vel
968 1509 1255 1539 excommunicari
1273 1519 1341 1540 non
1359 1510 1493 1550 possint
1511 1520 1572 1551 per
1589 1510 1643 1541 Li-

257 1554 348 1582 teras
371 1550 589 1592 Apostolicas
613 1561 681 1581 non
703 1551 868 1583 facientes
892 1550 1028 1592 plenam
1052 1555 1086 1583 et
1110 1561 1315 1591 expressam,
1343 1562 1381 1583 ac
1405 1552 1446 1584 de
1469 1552 1575 1585 verbo
1600 1553 1645 1586 ad

255 1593 410 1631 verbum,
435 1594 476 1625 de
498 1593 637 1625 Indulto
658 1593 857 1634 hujusmodi
879 1604 1064 1635 eorumque
1086 1594 1282 1634 Ordinibus,
1307 1595 1417 1634 Locis,
1444 1599 1478 1627 et
1500 1596 1642 1627 nomini-

255 1635 320 1668 bus
335 1637 482 1677 propriis
496 1637 716 1668 mencionem.
744 1636 886 1675 Verum,
904 1637 985 1678 quia
998 1641 1173 1678 presentes
1188 1637 1302 1670 Litere
1318 1640 1499 1679 nequirent
1515 1639 1642 1679 forsan,

256 1684 399 1721 propter
423 1681 557 1711 viarum
584 1680 781 1711 discrimina
807 1680 862 1711 vel
889 1680 984 1720 alias,
1013 1685 1168 1713 vestrum
1195 1681 1338 1722 singulis
1367 1682 1541 1714 commode
1568 1693 1641 1723 pre-

257 1724 394 1763 sentari,
416 1722 574 1754 volumus
595 1722 686 1763 quod
705 1733 767 1763 per
784 1726 831 1762 te,
854 1724 977 1755 Frater
995 1723 1272 1765 Archiepiscope,
1294 1723 1393 1757 vobis
1413 1724 1644 1766 Suffraganeis

256 1771 290 1798 et
313 1766 388 1798 aliis
412 1766 559 1798 Prelatis
582 1767 743 1799 Civitatis
765 1771 800 1799 et
822 1767 975 1799 Diocesis
999 1766 1268 1807 Cantuariensis,
1294 1773 1329 1801 et
1350 1779 1412 1810 per
1433 1780 1494 1801 vos
1517 1770 1645 1801 Suffra-

256 1819 380 1851 ganeos
396 1810 519 1841 vestris
536 1809 693 1850 subditis,
713 1810 883 1842 dictarum
900 1810 1094 1841 Literarum
1106 1814 1375 1852 transumptum,
1390 1822 1495 1843 manu
1506 1811 1645 1853 publica

256 1852 460 1892 confectum,
483 1856 518 1884 et
538 1852 630 1884 illius
668 1863 710 1884 ex
729 1852 828 1885 vobis
849 1854 909 1894 qui
928 1852 1128 1894 hujusmodi
1149 1857 1407 1896 transumptum
1427 1856 1643 1887 transmittet

255 1894 367 1936 sigillo
383 1895 571 1936 sigillatum
587 1897 846 1928 transmittatur
859 1909 867 1935 3
891 1897 946 1928 cui
963 1896 1116 1928 adhiberi
1132 1897 1290 1929 volumus
1306 1897 1404 1929 velut
1419 1898 1643 1939 originalibus

254 1937 391 1979 plenam
409 1938 664 1970 fidem.—Data
683 1938 803 1979 Rome,
826 1939 918 1980 apud
939 1939 1100 1972 Sanctam
1120 1939 1269 1972 Mariam
1290 1940 1539 1974 Transtiberim
1560 1943 1642 1984 viijo

250 1981 333 2013 Idus
355 1981 573 2023 Novembris,
598 1982 825 2014 Pontificatus
847 1984 956 2014 nostri
978 1983 1079 2015 Anno
1102 1985 1212 2024 primo
1235 1985 1269 2024 [6
1292 1985 1396 2025 Nmn,
1424 1987 1552 2025 1378]st

211 2024 295 2065 Nos,
317 2025 444 2066 itaque,
467 2025 594 2065 Simon,
618 2029 697 2067 etc.,
719 2025 1009 2067 Archjepiscopus
1029 2027 1260 2067 supradictus,
1283 2027 1437 2061 volentes
1459 2029 1567 2062 dictas
1588 2029 1641 2060 Li-

254 2072 346 2100 teras
366 2068 596 2110 Apostolicas‚
620 2073 654 2100 et
676 2073 838 2101 contenta
858 2070 894 2101 in
915 2070 974 2109 eis,
999 2070 1042 2101 ad
1063 2074 1215 2102 vestram
1236 2082 1275 2102 ac
1299 2071 1443 2103 aliorum
1467 2072 1639 2114 Suffraga-

254 2120 395 2142 neorum
421 2115 616 2143 nostrorum
643 2113 863 2153 omniumque
890 2112 1019 2145 Christi
1046 2113 1215 2145 Fidelium
1242 2118 1357 2146 nostre
1384 2115 1640 2147 Cantuariensis

254 2153 435 2185 Provincie
453 2155 616 2186 noticiam
636 2155 801 2188 deducere
820 2160 854 2188 et
874 2156 995 2188 deduci
1015 2156 1137 2194 facere,
1159 2157 1386 2190 Fraternitati
1406 2163 1529 2198 vestre,
1552 2159 1640 2191 Auc-

254 2198 396 2228 toritate
421 2197 633 2238 Apostolica,
662 2198 908 2231 committimus
935 2203 970 2231 et
994 2200 1206 2236 mandamus,
1236 2201 1381 2233 firmiter
1408 2203 1638 2243 injungentes,

255 2241 417 2281 quatinus
435 2240 543 2272 dictas
560 2240 694 2272 Literas
710 2240 940 2282 Apostolicas,
960 2252 998 2273 ac
1016 2243 1130 2273 omnia
1147 2247 1181 2274 et
1198 2243 1332 2284 singula
1348 2245 1383 2275 in
1400 2245 1448 2275 eis
1466 2247 1638 2283 contenta,

253 2283 289 2313 in
304 2282 598 2323 predicacionibus
613 2283 759 2324 publicis
775 2295 836 2325 per
851 2295 912 2316 vos
928 2288 963 2316 et
977 2284 1060 2317 alios
1077 2286 1253 2325 faciendis,
1272 2287 1314 2318 ad
1330 2288 1493 2319 noticiam
1510 2288 1639 2321 Christi

253 2325 423 2357 Fidelium
442 2330 636 2358 vestrorum
655 2326 832 2359 deducatis
851 2331 886 2359 et
905 2326 1099 2368 publicetis,
1122 2339 1161 2359 ac
1179 2339 1241 2369 per
1260 2328 1481 2362 Venerabiles
1502 2330 1641 2363 Fratres

253 2371 287 2400 et
303 2367 542 2409 Suffraganeos
557 2373 703 2408 nostros,
720 2370 756 2401 in
771 2370 913 2411 singulis
930 2380 1046 2402 eorum
1062 2371 1271 2403 Civitatibus
1287 2375 1321 2404 et
1337 2371 1550 2408 Dioeesibus,
1568 2375 1639 2416 qui-

253 2410 318 2443 bus
335 2411 492 2444 omnibus
511 2415 545 2443 et
563 2411 705 2453 singulis
724 2413 895 2444 dictarum
912 2413 1105 2445 Literarum
1124 2414 1403 2455 Apostolicarum
1421 2419 1641 2458 transumpta

254 2453 317 2485 sub
338 2454 450 2486 forma
470 2455 627 2496 predicta
647 2454 750 2486 scribi
771 2455 930 2487 volumus
951 2460 985 2488 et
1006 2457 1219 2497 mandamus,
1245 2468 1284 2489 ac
1307 2457 1391 2489 alios
1413 2457 1510 2491 nobis
1534 2464 1568 2492 et
1590 2461 1638 2491 eis

254 2496 420 2537 subditos,
451 2508 582 2529 necnon
610 2508 672 2539 per
700 2498 890 2539 Religiosos
918 2498 1021 2530 Viros
1050 2510 1282 2541 quoscumque
1311 2502 1417 2533 eciam
1446 2507 1634 2544 exemptos,

252 2540 354 2579 juxta
368 2540 538 2572 dictarum
554 2541 748 2572 Literarum
762 2542 1040 2582 Apostolicarum
1057 2543 1305 2575 continenciam
1322 2548 1356 2576 et
1371 2549 1534 2585 tenorem,
1554 2546 1638 2586 pub-

252 2583 348 2614 licari
366 2584 496 2624 pariter
513 2587 546 2614 et
564 2583 697 2624 exponi,
719 2594 901 2625 earumque
919 2585 1113 2617 Literarum
1132 2589 1399 2627 transumptum,
1419 2589 1490 2620 sive
1509 2590 1636 2630 copias,

253 2627 362 2667 portis
378 2627 609 2659 Ecclesiarum
626 2627 882 2660 cathedralium
899 2632 932 2659 et
948 2628 1199 2669 Religiosorum
1215 2631 1448 2671 predictorum
1465 2633 1641 2665 evidenter

252 2669 356 2711 affigi,
374 2670 515 2711 ipsaque
529 2673 747 2711 transumpta
763 2670 905 2712 singulis
921 2670 1152 2712 Suffraganeis
1167 2673 1293 2705 nostris
1308 2673 1471 2715 predictis
1487 2685 1548 2716 per
1562 2685 1635 2715 vos,

253 2722 312 2744 seu
336 2712 420 2744 alios
443 2713 579 2744 nomine
603 2717 729 2753 vestro,
755 2713 904 2745 liberari.
953 2714 994 2745 In
1020 2724 1165 2755 quorum
1189 2716 1341 2747 omnium
1366 2720 1400 2748 et
1425 2717 1638 2758 singulorum

251 2756 487 2787 testimonium
510 2759 613 2797 atque
634 2755 737 2787 fidem
758 2760 934 2797 presentes
956 2756 1090 2789 Literas
1113 2767 1174 2798 per
1197 2757 1382 2791 Notarium
1405 2759 1637 2802 subscriptum

252 2797 355 2831 scribi
370 2803 402 2830 et
417 2797 585 2842 publicari
601 2799 850 2839 mandavimus
870 2810 908 2831 ac
925 2799 1027 2841 sigilli
1043 2801 1150 2832 nostri
1168 2802 1374 2843 appensione
1390 2803 1533 2837 fecimus
1549 2814 1636 2838 com-
