1987 3062
299 231 393 277 330

297 343 372 371 A.D.

298 378 371 404 1374.

297 410 360 437 Vol.
377 413 400 438 Ι.

302 2066 360 2096 [fol.

301 2099 356 2129 47.)

303 2508 350 2534 fol.

303 2544 361 2568 48b.

301 2672 390 2704 JUNI-

302 2713 347 2731 us.

521 247 621 279 THE
646 248 890 282 REGISTER
915 248 973 280 OF
998 248 1176 281 BISHOP
1201 249 1602 282 BRANTYNGHAM.

447 351 646 391 appensione
662 352 870 382 communiri.
878 352 1009 382 —Data
1024 355 1059 382 et
1075 354 1147 382 acta
1163 354 1244 382 sunt
1259 351 1320 382 hec
1335 352 1370 382 in
1386 353 1530 392 quadam
1548 362 1667 393 magna
1690 361 1829 389 camera,

447 405 487 424 ex
504 398 597 434 parte
616 395 764 426 Australi
780 395 945 426 interioris
963 395 1108 426 Claustri
1127 396 1281 426 Fratrum
1301 396 1548 427 Predicatorum
1567 396 1826 431 Londoniarum,

447 442 568 477 quarto
584 438 637 469 die
653 439 776 469 mensis
793 439 879 476 Maii,
899 440 995 469 Anno
1010 439 1052 469 ab
1068 439 1302 469 Incarnacione
1320 439 1464 478 Domini,
1484 440 1667 470 secundum
1692 448 1829 469 cursum

448 485 483 512 et
498 482 783 522 computacionem
808 482 953 513 Ecclesie
968 482 1156 522 Anglicane,
1175 483 1235 512 ΜΟ.
1255 482 1385 513 COCmo
1406 482 1524 524 lxxiiij,
1549 482 1736 514 Indiccione
1753 481 1828 522 xija,

449 525 667 555 pontificatus
685 525 900 564 Sanctissimi,
926 529 999 563 etc„
1027 526 1162 556 Domini
1189 526 1346 565 Gregorii,
1364 526 1485 556 Divina
1502 526 1716 556 Providencia
1739 525 1828 564 Pape

449 568 633 605 Undecimi,
653 569 750 599 Anno
767 572 887 609 quarto
902 580 909 607 ;
927 569 1137 609 presentibus
1153 572 1244 606 tunc,
1258 569 1393 607 ibidem,
1415 570 1615 600 Reverendis
1629 572 1662 599 et
1678 568 1829 599 discretis

450 611 546 650 Viris,
565 612 732 651 Magistris
749 612 903 643 Johanne
921 612 1054 652 Wyliet,
1073 613 1169 643 Sacre
1187 612 1309 652 Pagine
1333 613 1531 649 Professore,
1549 612 1749 644 cancellario
1769 612 1826 641 Ec-

449 655 545 685 clesie
574 655 776 694 Exoniensis,
801 656 954 686 tIohanne
977 656 1134 696 Appulbi,
1155 656 1288 686 Decano
1313 655 1426 686 Sancti
1450 656 1545 686 Pauli
1569 655 1826 693 Londoniarum,

450 698 614 728 Willelmo
640 699 740 739 Byde,
769 699 934 730 Canonico
967 699 1206 737 Saresbiriensi,
1232 698 1384 730 Johanne
1412 699 1632 738 Blaunchard,
1658 698 1826 729 Archidia-

449 751 531 772 cono
561 740 803 782 Wygorniensi,
833 747 867 773 et
892 743 1045 773 Johanne
1069 743 1334 783 Schilyngforde‚
1363 743 1501 773 Rectore
1526 743 1636 773 Prime
1660 741 1828 772 Porcionis

450 785 593 815 Ecclesie
617 786 658 815 de
688 786 906 824 Wodesdone,
939 786 1178 817 Lincoluiensis
1210 786 1364 823 Diocesis,
1392 786 1518 825 Legum
1550 785 1761 823 Doctoribus,
1793 787 1828 815 et

451 828 620 859 willelmo
639 829 801 869 Lorynge,
822 830 986 860 Canonico
1007 829 1215 869 Bangorensi,
1238 828 1332 860 Juris
1350 830 1462 860 Civilis
1486 830 1669 869 Inceptore,
1686 832 1721 859 et
1738 829 1827 858 Hen-

449 872 515 902 rico
544 872 675 912 Persay,
704 873 859 904 Johanne
889 873 985 913 Cary,
1013 877 1047 903 et
1080 873 1245 903 Willelmo
1277 873 1371 913 Cary,
1403 883 1439 903 ac
1468 873 1541 903 aliis
1572 871 1828 912 quampluribus

450 915 594 946 testibus
623 916 665 946 ad
697 916 855 956 premissa
888 917 1010 947 vocatis
1033 917 1219 956 specialiter
1249 920 1281 946 et
1311 915 1538 956 rogatis—Et
1561 927 1628 956 ego,
1662 915 1828 946 Robertus

449 959 597 995 Wmthe,
633 959 780 997 clericus,
816 960 1012 990 Exoniensis
1036 960 1194 996 Diocesis,
1222 960 1379 990 Publicus
1404 959 1614 990 Auctoritate
1640 958 1827 999 Apostolica

450 1002 618 1040 Notarius,
636 1003 803 1042 premissis
819 1003 973 1034 omnibus
990 1006 1024 1033 et
1040 1003 1187 1043 singulis,
1205 1003 1284 1034 dum
1310 1003 1365 1041 sic,
1391 1006 1429 1033 ut
1453 1003 1672 1043 premittitur,
1691 1012 1749 1042 per
1768 1003 1826 1032 Re-

450 1046 610 1076 verendos
626 1046 659 1076 in
679 1046 811 1076 Christo
829 1047 955 1085 Patres,
981 1047 1141 1077 Dominos
1167 1047 1315 1077 London.
1343 1050 1376 1077 et
1402 1047 1560 1086 Wynton.
1581 1047 1767 1086 Episcopos,
1792 1055 1829 1075 ac

452 1089 693 1119 Cancellarium
709 1093 743 1119 et
759 1089 959 1120 Nicholaum
983 1090 1158 1129 predictos,
1183 1093 1217 1120 et
1240 1100 1349 1120 coram
1366 1090 1412 1120 eis
1428 1090 1613 1130 agebantur
1636 1092 1670 1119 et
1694 1089 1827 1126 fiebant,

450 1143 516 1162 una
532 1143 608 1162 cum
628 1133 827 1163 Reverendis
844 1133 940 1171 Viris,
958 1133 1101 1164 testibus
1124 1133 1372 1173 prenominatis,
1397 1143 1529 1173 presens
1552 1132 1700 1170 interfui,
1725 1142 1829 1172 eaque

449 1176 559 1206 omnia
575 1182 609 1206 et
624 1176 754 1216 singula
770 1177 815 1206 sic
830 1176 900 1207 fieri
913 1177 980 1207 vidi
997 1180 1031 1207 et
1046 1177 1168 1215 audivi,
1180 1177 1303 1217 scripsi,
1315 1180 1349 1207 et
1366 1177 1398 1206 in
1411 1176 1496 1207 hanc
1509 1176 1675 1216 publicam
1688 1176 1829 1206 formam

449 1219 569 1259 redegi,
587 1229 623 1249 ac
639 1219 679 1249 de
696 1220 853 1250 mandato
870 1220 1060 1257 eorundem,
1078 1220 1278 1260 signumque
1289 1230 1400 1250 meum
1417 1220 1553 1250 solitum
1571 1223 1605 1250 et
1621 1229 1740 1250 nomen
1754 1229 1828 1249 con-

450 1266 595 1300 suetum,
613 1273 678 1292 una
705 1273 781 1293 cum
805 1263 912 1302 sigillo
935 1264 1121 1294 Reverendi
1136 1263 1252 1301 Patris,
1267 1263 1401 1294 Domini
1420 1263 1658 1294 Londoniensis
1675 1261 1829 1302 Episcopi

450 1306 599 1346 predicti,
618 1316 654 1336 ac
670 1306 764 1345 signo
780 1309 815 1336 et
831 1307 1074 1347 subscripcione
1096 1307 1246 1347 Magistri
1264 1307 1444 1343 EdmundL
1462 1307 1671 1337 Auctoritate
1690 1309 1828 1346 Aposto-

449 1349 512 1380 lica
528 1349 658 1380 Notarii
676 1349 803 1380 Publici
820 1350 1008 1390 subscripti,
1026 1351 1164 1391 apposui
1187 1354 1332 1391 rogatus,
1357 1351 1391 1380 in
1414 1350 1514 1381 fidem
1539 1353 1573 1380 et
1597 1349 1828 1380 testimonium

450 1403 601 1423 omnium
620 1403 863 1433 premissorum.

407 1436 541 1473 —Item‚
570 1437 638 1466 alia
662 1436 855 1476 subscripcio
882 1437 1019 1477 ejusdem
1050 1436 1183 1468 Notarii
1210 1437 1244 1468 in
1274 1436 1350 1468 aliis
1376 1436 1496 1468 Literis
1524 1447 1619 1477 penes
1651 1435 1829 1466 Dominum

449 1479 694 1517 remanentibus,
711 1480 768 1510 sub
784 1480 844 1510 Ιιαο
855 1479 967 1520 forma
983 1480 1206 1519 verborum,—

411 1524 453 1554 Et
469 1534 537 1563 eg0‚
557 1523 723 1554 Robertus
739 1523 878 1554 Worthe
895 1523 973 1564 [etc.‚
990 1529 1026 1555 ut
1042 1534 1143 1564 supra
1166 1534 1263 1564 usque
1280 1524 1323 1554 ad
1341 1523 1477 1563 audivi],
1495 1533 1532 1554 ac
1548 1534 1594 1562 ea,
1613 1523 1654 1553 de
1670 1523 1828 1553 mandato

451 1567 642 1605 eorundem,
675 1567 852 1607 puplicavi,
882 1571 915 1597 et
946 1568 978 1597 iu
1005 1567 1088 1598 hanc
1123 1568 1288 1608 puplicam
1317 1568 1457 1598 formam
1482 1567 1602 1607 redegi,
1630 1570 1664 1597 et
1695 1565 1830 1596 aliunde

452 1613 632 1650 occupatus
663 1621 720 1650 pel·
751 1610 854 1640 alium
885 1611 984 1641 scribi
1015 1611 1087 1649 feci,
1115 1611 1315 1651 signumque
1343 1621 1454 1641 meum
1481 1611 1618 1641 solitum
1646 1613 1681 1641 et
1708 1619 1829 1639 nomen

451 1656 660 1691 consuetum,
675 1664 741 1684 una
763 1664 837 1684 cum
856 1654 963 1693 sigillo
981 1655 1165 1685 Reverendi
1190 1655 1308 1689 Patris,
1330 1654 1465 1684 Domini
1490 1653 1728 1684 Londoniensis
1754 1652 1830 1692 Epi-

452 1697 541 1736 scopi
558 1697 708 1736 predicti,
734 1708 770 1727 ac
802 1697 895 1737 signo
919 1700 953 1728 et
976 1698 1219 1738 subscripcione
1238 1697 1386 1737 Magistri
1411 1697 1594 1735 Edmuudi,
1620 1696 1830 1727 Auctoritate

451 1740 641 1780 Apostolica
658 1740 789 1770 Notarii
813 1740 941 1770 Publici
965 1741 1153 1781 subscripti,
1179 1741 1317 1781 apposui
1339 1744 1475 1780 rogatus
1498 1741 1532 1771 in
1556 1741 1656 1771 fidem
1680 1743 1712 1770 et
1736 1739 1830 1770 testi-

453 1784 603 1814 monium
621 1783 770 1813 omnium
790 1784 1032 1822 premissorum.
1071 1785 1212 1815 Constat
1229 1784 1337 1823 michi,
1352 1784 1489 1814 Notario
1501 1784 1657 1824 predicto,
1669 1783 1710 1813 de
1724 1782 1832 1813 verbis

453 1831 481 1857 et
498 1827 636 1857 Rectoris
653 1828 715 1856 sub
732 1827 898 1857 tricesima
915 1838 1010 1866 nona,
1030 1827 1197 1858 Robertum
1213 1828 1276 1858 sub
1293 1827 1544 1867 quadragesima
1561 1830 1593 1857 et
1610 1827 1673 1857 sub
1690 1827 1829 1866 quadra-

452 1870 576 1909 gesima
593 1870 724 1909 quinta,
751 1870 894 1900 Rectoris
916 1870 979 1900 sub
1002 1871 1276 1911 quinquagesima
1299 1871 1393 1901 lineis
1410 1881 1428 1901 a
1445 1871 1550 1910 capite
1574 1869 1677 1910 hujus
1702 1870 1830 1900 Instru-

453 1913 559 1943 meuti
589 1913 819 1943 descendendo
858 1913 1079 1944 interlineatis
1096 1924 1103 1952 3
1142 1924 1207 1954 que
1237 1914 1307 1944 fieri
1338 1914 1399 1944 feci
1437 1913 1606 1954 scriptoris
1644 1913 1831 1954 supplendo

454 1956 634 1995 defectum,
657 1959 692 1987 et
707 1967 744 1986 ea
760 1956 834 1987 volo
851 1957 941 1987 omni
958 1957 1041 1987 vicio
1058 1960 1092 1987 et
1108 1957 1294 1997 suspicione
1310 1967 1428 1988 carere.

410 2011 536 2048 South
558 2011 651 2048 Pool
682 2008 801 2062 [Pole‚
834 2009 961 2062 MS.];
991 2012 1053 2048 Sir
1080 2011 1253 2049 William
1284 2012 1572 2061 Douuebrigge,
1595 2012 1711 2057 R„-

410 2065 547 2096 Liceuce
563 2065 597 2095 of
613 2065 865 2095 non-residence
882 2065 932 2095 for
948 2077 966 2095 a
982 2076 1069 2106 year,
1088 2065 1107 2079 “
1119 2067 1213 2104 dum,
1229 2069 1353 2104 tamen,
1370 2070 1437 2096 stet
1454 2066 1487 2096 in
1504 2066 1670 2106 obsequiis
1696 2064 1829 2095 Domini

454 2108 611 2139 willelmi
628 2109 669 2138 de
688 2108 886 2148 Gunthorpe
900 2109 918 2120 '’
936 2109 1100 2148 (Lundun,
1118 2108 1136 2142 7
1153 2109 1255 2150 May).

413 2162 635 2212 waorthy,
657 2162 762 2199 John
783 2162 1009 2212 Flemynge,
1032 2163 1147 2208 R.‚-—

410 2217 547 2247 Licence
570 2217 605 2246 of
628 2216 877 2246 nou-residence
900 2217 950 2247 for
973 2217 1067 2247 three
1091 2227 1193 2256 years,
1220 2217 1342 2254 ‘⁵dum‚
1367 2220 1489 2254 tamen,
1514 2219 1582 2247 stet
1605 2217 1637 2246 in
1662 2216 1830 2256 obsequiis

454 2260 604 2299 Magistri
620 2259 746 2290 'rhome
762 2260 803 2290 de
823 2260 936 2290 Monte
953 2264 1052 2290 acuto
1065 2261 1083 2273 ''
1104 2262 1206 2298 (same
1222 2260 1324 2297 date).

506 2423 746 2489 [mutatio
784 2426 917 2477 &nni
959 2426 1348 2478 otunzectaciuniz
1389 2422 1628 2489 ffumini]

412 2509 673 2558 Illegitimacy
688 2521 698 2554 3
720 2508 1033 2555 Dispensacio,—

411 2563 561 2602 —Roger
579 2562 685 2600 Cotel,
703 2561 905 2600 scholar,—“
919 2561 959 2591 de
974 2560 1145 2600 presbitero
1160 2561 1294 2601 genitus
1309 2564 1344 2592 et
1359 2562 1469 2592 soluta
1483 2562 1500 2573 ''
1519 2562 1637 2601 (Clyst,
1656 2561 1694 2593 27
1713 2561 1814 2601 May).

412 2618 607 2654 Oratories
626 2629 635 2663 ;
665 2616 816 2652 Licence
837 2622 872 2652 ιο
892 2616 1136 2660 celebrate,—

415 2672 512 2707 Item,
537 2670 626 2710 apud
657 2670 762 2709 Clyst,
787 2670 894 2709 primo
918 2669 970 2699 die
994 2669 1116 2699 mensis
1139 2669 1160 2700 J
1165 2669 1244 2706 unii,
1272 2669 1436 2700 Dominus
1458 2669 1621 2700 concessit
1643 2668 1827 2700 Licenciam

452 2713 618 2744 Willelmo
649 2712 839 2753 Huwysche
870 2715 905 2742 et
936 2711 1074 2742 Ricarde
1105 2712 1201 2743 uxori
1233 2712 1394 2752 ejusdem,
1419 2713 1509 2752 quod
1533 2712 1671 2752 possint,
1696 2715 1769 2749 etc„
1792 2711 1825 2741 in

453 2756 608 2787 Maneriis
624 2756 693 2786 suis
709 2757 750 2786 de
766 2755 1006 2793 Tremetheret,
1023 2755 1209 2794 Rathwille,
1226 2760 1261 2785 et
1278 2755 1422 2786 Haltone
1445 2754 1496 2796 [in
1516 2755 1626 2793 Duloe,
1650 2755 1825 2792 Lansallos,

452 2799 520 2830 and
537 2799 581 2830 St.
601 2798 798 2838 Dominick]‚
821 2799 854 2829 in
872 2808 986 2829 eorum
1004 2798 1170 2838 presencia
1185 2809 1243 2829 seu
1260 2798 1397 2829 alterius
1413 2799 1603 2837 eorundem,
1621 2801 1682 2830 etc.
1701 2808 1709 2836 ;
1725 2807 1828 2838 usque

453 2843 590 2873 Festum
609 2841 732 2872 Pasche
749 2841 898 2882 proximo
914 2841 1070 2871 futurum
1086 2842 1321 2872 tantummodo
1338 2842 1545 2872 duraturam.
