<?xml version="1.0" encoding="UTF-8"?>
<!DOCTYPE html PUBLIC "-//W3C//DTD XHTML 1.0 Transitional//EN"
    "http://www.w3.org/TR/xhtml1/DTD/xhtml1-transitional.dtd">
<html xmlns="http://www.w3.org/1999/xhtml" xml:lang="en" lang="en">
 <head>
  <title>
</title>
<meta http-equiv="Content-Type" content="text/html;charset=utf-8" />
  <meta name='ocr-system' content='tesseract 3.04.00' />
  <meta name='ocr-capabilities' content='ocr_page ocr_carea ocr_par ocr_line ocrx_word'/>
</head>
<body>
  <div class='ocr_page' id='page_1' title='image "./registerofthomas01cathuoft_0587.png"; bbox 0 0 1987 3062; ppageno 0'>
   <div class='ocr_carea' id='block_1_1' title="bbox 466 283 1689 329">
    <p class='ocr_par' dir='ltr' id='par_1_1' title="bbox 466 283 1689 329">
     <span class='ocr_line' id='line_1_1' title="bbox 466 283 1689 329; baseline -0.001 -1"><span class='ocrx_word' id='word_1_1' title='bbox 466 295 749 329; x_wconf 77' lang='lat' dir='ltr'>REGISTRUM</span> <span class='ocrx_word' id='word_1_2' title='bbox 797 294 1251 329; x_wconf 77' lang='lat' dir='ltr'>COMMUNE-ANNO</span> <span class='ocrx_word' id='word_1_3' title='bbox 1280 285 1368 328; x_wconf 86' lang='lat'>150.</span> <span class='ocrx_word' id='word_1_4' title='bbox 1596 283 1689 328; x_wconf 88' lang='grc'>545</span> 
     </span>
    </p>
   </div>
   <div class='ocr_carea' id='block_1_2' title="bbox 153 397 1700 2905">
    <p class='ocr_par' dir='ltr' id='par_1_2' title="bbox 153 397 1700 2905">
     <span class='ocr_line' id='line_1_2' title="bbox 153 397 1689 441; baseline -0.001 -10"><span class='ocrx_word' id='word_1_5' title='bbox 153 397 229 424; x_wconf 80' lang='lat' dir='ltr'><strong>A-D·</strong></span> <span class='ocrx_word' id='word_1_6' title='bbox 310 401 373 438; x_wconf 87' lang='lat' dir='ltr'>tes,</span> <span class='ocrx_word' id='word_1_7' title='bbox 389 400 681 441; x_wconf 80' lang='lat' dir='ltr'>execucionesque</span> <span class='ocrx_word' id='word_1_8' title='bbox 697 411 818 432; x_wconf 88' lang='lat' dir='ltr'>eorum</span> <span class='ocrx_word' id='word_1_9' title='bbox 831 401 947 431; x_wconf 88' lang='lat' dir='ltr'>debite</span> <span class='ocrx_word' id='word_1_10' title='bbox 963 400 1143 431; x_wconf 83' lang='lat' dir='ltr'>faciendas</span> <span class='ocrx_word' id='word_1_11' title='bbox 1159 399 1356 439; x_wconf 88' lang='lat' dir='ltr'>impediunt</span> <span class='ocrx_word' id='word_1_12' title='bbox 1368 399 1423 430; x_wconf 87' lang='lat' dir='ltr'>vel</span> <span class='ocrx_word' id='word_1_13' title='bbox 1436 399 1597 439; x_wconf 85' lang='lat' dir='ltr'>impediri</span> <span class='ocrx_word' id='word_1_14' title='bbox 1614 409 1689 438; x_wconf 89' lang='lat' dir='ltr'>pro-</span> 
     </span>
     <span class='ocr_line' id='line_1_3' title="bbox 154 431 1690 490; baseline -0.001 -15"><span class='ocrx_word' id='word_1_15' title='bbox 154 431 227 490; x_wconf 53' lang='lat'><strong>}7334·</strong></span> <span class='ocrx_word' id='word_1_16' title='bbox 238 464 250 489; x_wconf 74' lang='grc' dir='ltr'>Ι</span> <span class='ocrx_word' id='word_1_17' title='bbox 309 446 433 475; x_wconf 86' lang='lat' dir='ltr'>curant</span> <span class='ocrx_word' id='word_1_18' title='bbox 446 445 586 485; x_wconf 81' lang='lat' dir='ltr'>injuste,</span> <span class='ocrx_word' id='word_1_19' title='bbox 595 455 636 475; x_wconf 84' lang='lat' dir='ltr'>ac</span> <span class='ocrx_word' id='word_1_20' title='bbox 646 445 972 483; x_wconf 87' lang='lat' dir='ltr'>nuncios‚Mandata</span> <span class='ocrx_word' id='word_1_21' title='bbox 982 444 1183 484; x_wconf 81' lang='lat' dir='ltr'>hujusmodi</span> <span class='ocrx_word' id='word_1_22' title='bbox 1194 443 1392 474; x_wconf 83' lang='lat' dir='ltr'>deferentes</span> <span class='ocrx_word' id='word_1_23' title='bbox 1403 445 1437 474; x_wconf 91' lang='lat' dir='ltr'>et</span> <span class='ocrx_word' id='word_1_24' title='bbox 1448 443 1563 474; x_wconf 87' lang='lat' dir='ltr'>facere</span> <span class='ocrx_word' id='word_1_25' title='bbox 1575 444 1690 474; x_wconf 88' lang='lat' dir='ltr'>debite</span> 
     </span>
     <span class='ocr_line' id='line_1_4' title="bbox 209 485 1687 528; baseline -0.001 -9"><span class='ocrx_word' id='word_1_26' title='bbox 209 485 215 490; x_wconf 81' lang='lat'>&#39;</span> <span class='ocrx_word' id='word_1_27' title='bbox 253 485 260 491; x_wconf 73' lang='lat'><em>⁰</em></span> <span class='ocrx_word' id='word_1_28' title='bbox 306 488 420 528; x_wconf 86' lang='lat' dir='ltr'>justas</span> <span class='ocrx_word' id='word_1_29' title='bbox 443 489 668 520; x_wconf 84' lang='lat' dir='ltr'>execuciones</span> <span class='ocrx_word' id='word_1_30' title='bbox 684 489 850 528; x_wconf 89' lang='lat' dir='ltr'>volentes,</span> <span class='ocrx_word' id='word_1_31' title='bbox 868 499 1001 528; x_wconf 80' lang='lat' dir='ltr'>capere,</span> <span class='ocrx_word' id='word_1_32' title='bbox 1018 488 1211 526; x_wconf 86' lang='lat' dir='ltr'>verberare,</span> <span class='ocrx_word' id='word_1_33' title='bbox 1229 490 1264 518; x_wconf 86' lang='lat' dir='ltr'>et</span> <span class='ocrx_word' id='word_1_34' title='bbox 1281 488 1370 518; x_wconf 88' lang='lat' dir='ltr'>male</span> <span class='ocrx_word' id='word_1_35' title='bbox 1381 490 1596 527; x_wconf 88' lang='lat' dir='ltr'>pertractare</span> <span class='ocrx_word' id='word_1_36' title='bbox 1612 497 1687 527; x_wconf 88' lang='lat' dir='ltr'>pre-</span> 
     </span>
     <span class='ocr_line' id='line_1_5' title="bbox 308 531 1690 573; baseline -0.001 -11"><span class='ocrx_word' id='word_1_37' title='bbox 308 534 468 570; x_wconf 87' lang='lat' dir='ltr'>sumunt;</span> <span class='ocrx_word' id='word_1_38' title='bbox 493 535 554 563; x_wconf 85' lang='lat' dir='ltr'>aut</span> <span class='ocrx_word' id='word_1_39' title='bbox 571 533 628 573; x_wconf 90' lang='lat' dir='ltr'>qui</span> <span class='ocrx_word' id='word_1_40' title='bbox 654 533 868 564; x_wconf 76' lang='lat' dir='ltr'>Libertatem</span> <span class='ocrx_word' id='word_1_41' title='bbox 893 533 1175 563; x_wconf 86' lang='lat' dir='ltr'>Ecclesiasticam</span> <span class='ocrx_word' id='word_1_42' title='bbox 1200 532 1350 562; x_wconf 81' lang='lat' dir='ltr'>scienter</span> <span class='ocrx_word' id='word_1_43' title='bbox 1372 532 1521 569; x_wconf 84' lang='lat' dir='ltr'>violant;</span> <span class='ocrx_word' id='word_1_44' title='bbox 1547 534 1608 561; x_wconf 88' lang='lat' dir='ltr'>aut</span> <span class='ocrx_word' id='word_1_45' title='bbox 1632 531 1690 570; x_wconf 91' lang='lat' dir='ltr'>qui</span> 
     </span>
     <span class='ocr_line' id='line_1_6' title="bbox 308 576 1690 616; baseline -0.001 -10"><span class='ocrx_word' id='word_1_46' title='bbox 308 576 345 606; x_wconf 89' lang='lat' dir='ltr'>in</span> <span class='ocrx_word' id='word_1_47' title='bbox 363 576 535 608; x_wconf 88' lang='lat' dir='ltr'>Clericum</span> <span class='ocrx_word' id='word_1_48' title='bbox 548 580 609 607; x_wconf 86' lang='lat' dir='ltr'>aut</span> <span class='ocrx_word' id='word_1_49' title='bbox 620 577 834 616; x_wconf 85' lang='lat' dir='ltr'>Religiosum</span> <span class='ocrx_word' id='word_1_50' title='bbox 847 577 901 607; x_wconf 79' lang='lat' dir='ltr'>vel</span> <span class='ocrx_word' id='word_1_51' title='bbox 914 577 1127 607; x_wconf 81' lang='lat' dir='ltr'>Conversum</span> <span class='ocrx_word' id='word_1_52' title='bbox 1141 586 1265 606; x_wconf 89' lang='lat' dir='ltr'>manus</span> <span class='ocrx_word' id='word_1_53' title='bbox 1275 576 1424 606; x_wconf 88' lang='lat' dir='ltr'>iniciunt</span> <span class='ocrx_word' id='word_1_54' title='bbox 1437 576 1547 606; x_wconf 90' lang='lat' dir='ltr'>eciam</span> <span class='ocrx_word' id='word_1_55' title='bbox 1558 578 1690 605; x_wconf 86' lang='lat' dir='ltr'>temere</span> 
     </span>
     <span class='ocr_line' id='line_1_7' title="bbox 308 619 1691 662; baseline -0.001 -12"><span class='ocrx_word' id='word_1_56' title='bbox 308 621 489 659; x_wconf 86' lang='lat' dir='ltr'>violentas,</span> <span class='ocrx_word' id='word_1_57' title='bbox 507 631 568 652; x_wconf 88' lang='lat' dir='ltr'>seu</span> <span class='ocrx_word' id='word_1_58' title='bbox 584 621 784 662; x_wconf 81' lang='lat' dir='ltr'>hujusmodi</span> <span class='ocrx_word' id='word_1_59' title='bbox 800 622 973 652; x_wconf 88' lang='lat' dir='ltr'>violentas</span> <span class='ocrx_word' id='word_1_60' title='bbox 989 631 1157 651; x_wconf 89' lang='lat' dir='ltr'>manuum</span> <span class='ocrx_word' id='word_1_61' title='bbox 1174 620 1384 660; x_wconf 86' lang='lat' dir='ltr'>injecciones</span> <span class='ocrx_word' id='word_1_62' title='bbox 1397 620 1433 649; x_wconf 93' lang='lat' dir='ltr'>in</span> <span class='ocrx_word' id='word_1_63' title='bbox 1451 619 1612 657; x_wconf 92' lang='lat' dir='ltr'>Clericos,</span> <span class='ocrx_word' id='word_1_64' title='bbox 1630 622 1691 649; x_wconf 84' lang='lat' dir='ltr'>aut</span> 
     </span>
     <span class='ocr_line' id='line_1_8' title="bbox 309 664 1689 705; baseline -0.001 -11"><span class='ocrx_word' id='word_1_65' title='bbox 309 665 605 704; x_wconf 88' lang='lat' dir='ltr'>pertractaciones</span> <span class='ocrx_word' id='word_1_66' title='bbox 621 666 811 696; x_wconf 87' lang='lat' dir='ltr'>eorundem</span> <span class='ocrx_word' id='word_1_67' title='bbox 828 666 939 696; x_wconf 87' lang='lat' dir='ltr'>malas</span> <span class='ocrx_word' id='word_1_68' title='bbox 961 667 997 695; x_wconf 89' lang='lat' dir='ltr'>et</span> <span class='ocrx_word' id='word_1_69' title='bbox 1018 665 1171 705; x_wconf 83' lang='lat' dir='ltr'>injustas</span> <span class='ocrx_word' id='word_1_70' title='bbox 1194 664 1270 695; x_wconf 87' lang='lat' dir='ltr'>fieri</span> <span class='ocrx_word' id='word_1_71' title='bbox 1294 664 1504 694; x_wconf 79' lang='lat' dir='ltr'>mandantes</span> <span class='ocrx_word' id='word_1_72' title='bbox 1529 674 1590 694; x_wconf 86' lang='lat' dir='ltr'>seu</span> <span class='ocrx_word' id='word_1_73' title='bbox 1612 673 1689 703; x_wconf 89' lang='lat' dir='ltr'>pro-</span> 
     </span>
     <span class='ocr_line' id='line_1_9' title="bbox 309 707 1690 748; baseline -0.001 -9"><span class='ocrx_word' id='word_1_74' title='bbox 309 711 482 747; x_wconf 79' lang='lat' dir='ltr'>curantes,</span> <span class='ocrx_word' id='word_1_75' title='bbox 501 712 561 740; x_wconf 89' lang='lat' dir='ltr'>aut</span> <span class='ocrx_word' id='word_1_76' title='bbox 585 719 644 740; x_wconf 92' lang='lat' dir='ltr'>eas</span> <span class='ocrx_word' id='word_1_77' title='bbox 668 710 809 740; x_wconf 91' lang='lat' dir='ltr'>nomine</span> <span class='ocrx_word' id='word_1_78' title='bbox 834 720 895 740; x_wconf 93' lang='lat' dir='ltr'>suo</span> <span class='ocrx_word' id='word_1_79' title='bbox 920 710 1034 740; x_wconf 80' lang='lat' dir='ltr'>factas</span> <span class='ocrx_word' id='word_1_80' title='bbox 1051 711 1146 739; x_wconf 88' lang='lat' dir='ltr'>ratas</span> <span class='ocrx_word' id='word_1_81' title='bbox 1171 711 1206 738; x_wconf 87' lang='lat' dir='ltr'>et</span> <span class='ocrx_word' id='word_1_82' title='bbox 1230 710 1391 748; x_wconf 87' lang='lat' dir='ltr'>acceptas</span> <span class='ocrx_word' id='word_1_83' title='bbox 1415 708 1595 745; x_wconf 84' lang='lat' dir='ltr'>habentes,</span> <span class='ocrx_word' id='word_1_84' title='bbox 1620 707 1690 738; x_wconf 86' lang='lat' dir='ltr'>sint</span> 
     </span>
     <span class='ocr_line' id='line_1_10' title="bbox 311 752 1690 794; baseline -0.001 -12"><span class='ocrx_word' id='word_1_85' title='bbox 311 752 506 784; x_wconf 84' lang='lat' dir='ltr'>Senteneiis</span> <span class='ocrx_word' id='word_1_86' title='bbox 528 754 910 784; x_wconf 81' lang='lat' dir='ltr'>Excommunicacionis</span> <span class='ocrx_word' id='word_1_87' title='bbox 931 753 1074 794; x_wconf 81' lang='lat' dir='ltr'>Majoris</span> <span class='ocrx_word' id='word_1_88' title='bbox 1097 763 1115 783; x_wconf 91' lang='lat' dir='ltr'>a</span> <span class='ocrx_word' id='word_1_89' title='bbox 1133 753 1333 783; x_wconf 87' lang='lat' dir='ltr'>Canonibus</span> <span class='ocrx_word' id='word_1_90' title='bbox 1350 755 1385 782; x_wconf 90' lang='lat' dir='ltr'>et</span> <span class='ocrx_word' id='word_1_91' title='bbox 1403 752 1610 782; x_wconf 87' lang='lat' dir='ltr'>Sanctorum</span> <span class='ocrx_word' id='word_1_92' title='bbox 1628 752 1690 781; x_wconf 85' lang='lat' dir='ltr'>Pa-</span> 
     </span>
     <span class='ocr_line' id='line_1_11' title="bbox 310 795 1689 837; baseline -0.001 -10"><span class='ocrx_word' id='word_1_93' title='bbox 310 799 405 827; x_wconf 90' lang='lat' dir='ltr'>trum</span> <span class='ocrx_word' id='word_1_94' title='bbox 424 797 745 829; x_wconf 86' lang='lat' dir='ltr'>Constitucionibus</span> <span class='ocrx_word' id='word_1_95' title='bbox 761 798 797 828; x_wconf 90' lang='lat' dir='ltr'>in</span> <span class='ocrx_word' id='word_1_96' title='bbox 812 798 878 828; x_wconf 89' lang='lat' dir='ltr'>hac</span> <span class='ocrx_word' id='word_1_97' title='bbox 894 800 994 837; x_wconf 89' lang='lat' dir='ltr'>parte</span> <span class='ocrx_word' id='word_1_98' title='bbox 1011 797 1125 835; x_wconf 89' lang='lat' dir='ltr'>editis,</span> <span class='ocrx_word' id='word_1_99' title='bbox 1143 799 1178 827; x_wconf 90' lang='lat' dir='ltr'>et</span> <span class='ocrx_word' id='word_1_100' title='bbox 1195 797 1335 827; x_wconf 88' lang='lat' dir='ltr'>eosdem</span> <span class='ocrx_word' id='word_1_101' title='bbox 1346 796 1534 827; x_wconf 83' lang='lat' dir='ltr'>efficaciter</span> <span class='ocrx_word' id='word_1_102' title='bbox 1544 795 1689 826; x_wconf 88' lang='lat' dir='ltr'>artanti-</span> 
     </span>
     <span class='ocr_line' id='line_1_12' title="bbox 310 839 1692 881; baseline -0.002 -9"><span class='ocrx_word' id='word_1_103' title='bbox 310 841 385 879; x_wconf 87' lang='lat' dir='ltr'>bus,</span> <span class='ocrx_word' id='word_1_104' title='bbox 410 844 532 872; x_wconf 86' lang='lat' dir='ltr'>contra</span> <span class='ocrx_word' id='word_1_105' title='bbox 555 842 674 872; x_wconf 87' lang='lat' dir='ltr'>taliter</span> <span class='ocrx_word' id='word_1_106' title='bbox 697 842 937 881; x_wconf 84' lang='lat' dir='ltr'>delinquentes</span> <span class='ocrx_word' id='word_1_107' title='bbox 960 841 1102 881; x_wconf 80' lang='lat' dir='ltr'>provide</span> <span class='ocrx_word' id='word_1_108' title='bbox 1126 841 1217 878; x_wconf 85' lang='lat' dir='ltr'>latis,</span> <span class='ocrx_word' id='word_1_109' title='bbox 1235 841 1505 880; x_wconf 85' lang='lat' dir='ltr'>dampnabiliter</span> <span class='ocrx_word' id='word_1_110' title='bbox 1528 839 1692 876; x_wconf 80' lang='lat' dir='ltr'>involuti3</span> 
     </span>
     <span class='ocr_line' id='line_1_13' title="bbox 310 884 1691 925; baseline -0.002 -9"><span class='ocrx_word' id='word_1_111' title='bbox 310 885 461 925; x_wconf 81' lang='lat' dir='ltr'>quidam,</span> <span class='ocrx_word' id='word_1_112' title='bbox 479 888 608 924; x_wconf 88' lang='lat' dir='ltr'>tamen,</span> <span class='ocrx_word' id='word_1_113' title='bbox 625 886 821 925; x_wconf 87' lang='lat' dir='ltr'>iniquitatis</span> <span class='ocrx_word' id='word_1_114' title='bbox 838 886 909 923; x_wconf 89' lang='lat' dir='ltr'>filii,</span> <span class='ocrx_word' id='word_1_115' title='bbox 929 885 1081 915; x_wconf 85' lang='lat' dir='ltr'>Sathane</span> <span class='ocrx_word' id='word_1_116' title='bbox 1100 885 1279 922; x_wconf 83' lang='lat' dir='ltr'>satellites,</span> <span class='ocrx_word' id='word_1_117' title='bbox 1297 895 1356 915; x_wconf 90' lang='lat' dir='ltr'>sue</span> <span class='ocrx_word' id='word_1_118' title='bbox 1374 885 1497 915; x_wconf 87' lang='lat' dir='ltr'>salutis</span> <span class='ocrx_word' id='word_1_119' title='bbox 1513 884 1691 914; x_wconf 86' lang='lat' dir='ltr'>immemo-</span> 
     </span>
     <span class='ocr_line' id='line_1_14' title="bbox 311 928 1692 969; baseline -0.002 -9"><span class='ocrx_word' id='word_1_120' title='bbox 311 939 376 967; x_wconf 86' lang='lat' dir='ltr'>res,</span> <span class='ocrx_word' id='word_1_121' title='bbox 397 940 541 969; x_wconf 88' lang='lat' dir='ltr'>quorum</span> <span class='ocrx_word' id='word_1_122' title='bbox 565 930 707 960; x_wconf 88' lang='lat' dir='ltr'>nomina</span> <span class='ocrx_word' id='word_1_123' title='bbox 730 930 938 969; x_wconf 82' lang='lat' dir='ltr'>ignorantur</span> <span class='ocrx_word' id='word_1_124' title='bbox 958 930 1091 969; x_wconf 87' lang='lat' dir='ltr'>pariter</span> <span class='ocrx_word' id='word_1_125' title='bbox 1112 932 1147 959; x_wconf 91' lang='lat' dir='ltr'>et</span> <span class='ocrx_word' id='word_1_126' title='bbox 1168 939 1325 968; x_wconf 85' lang='lat' dir='ltr'>persone,</span> <span class='ocrx_word' id='word_1_127' title='bbox 1345 938 1432 959; x_wconf 89' lang='lat' dir='ltr'>ausu</span> <span class='ocrx_word' id='word_1_128' title='bbox 1453 928 1641 958; x_wconf 90' lang='lat' dir='ltr'>temerario</span> <span class='ocrx_word' id='word_1_129' title='bbox 1657 930 1692 958; x_wconf 90' lang='lat' dir='ltr'>et</span> 
     </span>
     <span class='ocr_line' id='line_1_15' title="bbox 311 972 1692 1013; baseline -0.001 -10"><span class='ocrx_word' id='word_1_130' title='bbox 311 975 429 1004; x_wconf 90' lang='lat' dir='ltr'>mente</span> <span class='ocrx_word' id='word_1_131' title='bbox 446 974 625 1013; x_wconf 87' lang='lat' dir='ltr'>sacrilega,</span> <span class='ocrx_word' id='word_1_132' title='bbox 643 984 721 1005; x_wconf 80' lang='lat' dir='ltr'>cuni</span> <span class='ocrx_word' id='word_1_133' title='bbox 738 974 864 1004; x_wconf 88' lang='lat' dir='ltr'>turmis</span> <span class='ocrx_word' id='word_1_134' title='bbox 880 974 916 1003; x_wconf 90' lang='lat' dir='ltr'>in</span> <span class='ocrx_word' id='word_1_135' title='bbox 932 973 1159 1003; x_wconf 86' lang='lat' dir='ltr'>multitudine</span> <span class='ocrx_word' id='word_1_136' title='bbox 1177 973 1324 1012; x_wconf 86' lang='lat' dir='ltr'>copiosa,</span> <span class='ocrx_word' id='word_1_137' title='bbox 1338 975 1478 1003; x_wconf 90' lang='lat' dir='ltr'>centum</span> <span class='ocrx_word' id='word_1_138' title='bbox 1496 974 1531 1002; x_wconf 92' lang='lat' dir='ltr'>et</span> <span class='ocrx_word' id='word_1_139' title='bbox 1547 972 1692 1012; x_wconf 82' lang='lat' dir='ltr'>quadra-</span> 
     </span>
     <span class='ocr_line' id='line_1_16' title="bbox 310 1015 1693 1056; baseline 0 -10"><span class='ocrx_word' id='word_1_140' title='bbox 310 1017 411 1056; x_wconf 86' lang='lat' dir='ltr'>ginta</span> <span class='ocrx_word' id='word_1_141' title='bbox 426 1018 463 1047; x_wconf 88' lang='lat' dir='ltr'>in</span> <span class='ocrx_word' id='word_1_142' title='bbox 486 1028 632 1048; x_wconf 90' lang='lat' dir='ltr'>numero</span> <span class='ocrx_word' id='word_1_143' title='bbox 655 1020 690 1048; x_wconf 90' lang='lat' dir='ltr'>et</span> <span class='ocrx_word' id='word_1_144' title='bbox 714 1018 817 1055; x_wconf 89' lang='lat' dir='ltr'>ultra,</span> <span class='ocrx_word' id='word_1_145' title='bbox 843 1018 1059 1048; x_wconf 83' lang='lat' dir='ltr'>diversorum</span> <span class='ocrx_word' id='word_1_146' title='bbox 1083 1027 1260 1047; x_wconf 87' lang='lat' dir='ltr'>armorum</span> <span class='ocrx_word' id='word_1_147' title='bbox 1284 1017 1470 1055; x_wconf 87' lang='lat' dir='ltr'>generibus</span> <span class='ocrx_word' id='word_1_148' title='bbox 1494 1016 1631 1053; x_wconf 88' lang='lat' dir='ltr'>armati,</span> <span class='ocrx_word' id='word_1_149' title='bbox 1649 1015 1693 1046; x_wconf 90' lang='lat' dir='ltr'>ad</span> 
     </span>
     <span class='ocr_line' id='line_1_17' title="bbox 312 1060 1692 1102; baseline -0.001 -11"><span class='ocrx_word' id='word_1_150' title='bbox 312 1061 503 1092; x_wconf 82' lang='lat' dir='ltr'>Ecclesiam</span> <span class='ocrx_word' id='word_1_151' title='bbox 520 1065 677 1093; x_wconf 86' lang='lat' dir='ltr'>nostram</span> <span class='ocrx_word' id='word_1_152' title='bbox 695 1062 923 1102; x_wconf 84' lang='lat' dir='ltr'>Collegiatam</span> <span class='ocrx_word' id='word_1_153' title='bbox 942 1061 1133 1092; x_wconf 87' lang='lat' dir='ltr'>Criditonie</span> <span class='ocrx_word' id='word_1_154' title='bbox 1149 1061 1354 1100; x_wconf 80' lang='lat' dir='ltr'>predictam,</span> <span class='ocrx_word' id='word_1_155' title='bbox 1372 1061 1407 1090; x_wconf 91' lang='lat' dir='ltr'>in</span> <span class='ocrx_word' id='word_1_156' title='bbox 1427 1061 1529 1091; x_wconf 88' lang='lat' dir='ltr'>Festo</span> <span class='ocrx_word' id='word_1_157' title='bbox 1546 1060 1692 1099; x_wconf 90' lang='lat' dir='ltr'>Aposto-</span> 
     </span>
     <span class='ocr_line' id='line_1_18' title="bbox 310 1104 1693 1145; baseline -0.001 -10"><span class='ocrx_word' id='word_1_158' title='bbox 310 1105 423 1135; x_wconf 88' lang='lat' dir='ltr'>lorum</span> <span class='ocrx_word' id='word_1_159' title='bbox 440 1106 591 1145; x_wconf 82' lang='lat' dir='ltr'>Philippi</span> <span class='ocrx_word' id='word_1_160' title='bbox 608 1109 642 1137; x_wconf 94' lang='lat' dir='ltr'>et</span> <span class='ocrx_word' id='word_1_161' title='bbox 660 1106 681 1136; x_wconf 83' lang='lat' dir='ltr'><strong>J</strong></span> <span class='ocrx_word' id='word_1_162' title='bbox 683 1106 780 1136; x_wconf 89' lang='lat' dir='ltr'>acobi</span> <span class='ocrx_word' id='word_1_163' title='bbox 797 1106 954 1145; x_wconf 80' lang='lat' dir='ltr'>proximo</span> <span class='ocrx_word' id='word_1_164' title='bbox 966 1106 1145 1145; x_wconf 85' lang='lat' dir='ltr'>preterito,</span> <span class='ocrx_word' id='word_1_165' title='bbox 1163 1108 1393 1143; x_wconf 86' lang='lat' dir='ltr'>accesserunt,</span> <span class='ocrx_word' id='word_1_166' title='bbox 1411 1107 1446 1135; x_wconf 92' lang='lat' dir='ltr'>et</span> <span class='ocrx_word' id='word_1_167' title='bbox 1463 1115 1558 1135; x_wconf 87' lang='lat' dir='ltr'>more</span> <span class='ocrx_word' id='word_1_168' title='bbox 1576 1104 1693 1134; x_wconf 87' lang='lat' dir='ltr'>hostili</span> 
     </span>
     <span class='ocr_line' id='line_1_19' title="bbox 311 1148 1694 1189; baseline -0.001 -10"><span class='ocrx_word' id='word_1_169' title='bbox 311 1149 458 1180; x_wconf 87' lang='lat' dir='ltr'>eandem</span> <span class='ocrx_word' id='word_1_170' title='bbox 475 1150 667 1181; x_wconf 84' lang='lat' dir='ltr'>Ecclesiam</span> <span class='ocrx_word' id='word_1_171' title='bbox 684 1150 872 1187; x_wconf 88' lang='lat' dir='ltr'>intrarunt,</span> <span class='ocrx_word' id='word_1_172' title='bbox 890 1160 930 1181; x_wconf 89' lang='lat' dir='ltr'>ac</span> <span class='ocrx_word' id='word_1_173' title='bbox 946 1150 982 1180; x_wconf 91' lang='lat' dir='ltr'>in</span> <span class='ocrx_word' id='word_1_174' title='bbox 999 1150 1172 1189; x_wconf 86' lang='lat' dir='ltr'>quendam</span> <span class='ocrx_word' id='word_1_175' title='bbox 1189 1149 1209 1180; x_wconf 87' lang='lat' dir='ltr'>J</span> <span class='ocrx_word' id='word_1_176' title='bbox 1212 1149 1385 1179; x_wconf 89' lang='lat' dir='ltr'>ohannem</span> <span class='ocrx_word' id='word_1_177' title='bbox 1403 1149 1506 1186; x_wconf 84' lang='lat' dir='ltr'>Cade,</span> <span class='ocrx_word' id='word_1_178' title='bbox 1520 1149 1556 1178; x_wconf 89' lang='lat' dir='ltr'>in</span> <span class='ocrx_word' id='word_1_179' title='bbox 1573 1148 1694 1178; x_wconf 88' lang='lat' dir='ltr'>eadem</span> 
     </span>
     <span class='ocr_line' id='line_1_20' title="bbox 313 1192 1694 1232; baseline -0.001 -9"><span class='ocrx_word' id='word_1_180' title='bbox 313 1193 469 1224; x_wconf 85' lang='lat' dir='ltr'>Ecclesia</span> <span class='ocrx_word' id='word_1_181' title='bbox 485 1195 693 1225; x_wconf 85' lang='lat' dir='ltr'>existentem</span> <span class='ocrx_word' id='word_1_182' title='bbox 711 1197 745 1225; x_wconf 91' lang='lat' dir='ltr'>et</span> <span class='ocrx_word' id='word_1_183' title='bbox 763 1195 907 1225; x_wconf 87' lang='lat' dir='ltr'>Missam</span> <span class='ocrx_word' id='word_1_184' title='bbox 924 1204 1023 1224; x_wconf 89' lang='lat' dir='ltr'>suam</span> <span class='ocrx_word' id='word_1_185' title='bbox 1040 1194 1125 1224; x_wconf 87' lang='lat' dir='ltr'>inibi</span> <span class='ocrx_word' id='word_1_186' title='bbox 1137 1193 1347 1231; x_wconf 87' lang='lat' dir='ltr'>audientem,</span> <span class='ocrx_word' id='word_1_187' title='bbox 1360 1203 1486 1223; x_wconf 88' lang='lat' dir='ltr'>manus</span> <span class='ocrx_word' id='word_1_188' title='bbox 1496 1192 1694 1232; x_wconf 83' lang='lat' dir='ltr'>injecerunt</span> 
     </span>
     <span class='ocr_line' id='line_1_21' title="bbox 312 1237 1696 1278; baseline -0.001 -11"><span class='ocrx_word' id='word_1_189' title='bbox 312 1239 443 1268; x_wconf 88' lang='lat' dir='ltr'>temere</span> <span class='ocrx_word' id='word_1_190' title='bbox 474 1238 655 1277; x_wconf 88' lang='lat' dir='ltr'>violentas,</span> <span class='ocrx_word' id='word_1_191' title='bbox 679 1239 859 1278; x_wconf 85' lang='lat' dir='ltr'>eidemque</span> <span class='ocrx_word' id='word_1_192' title='bbox 883 1239 997 1268; x_wconf 87' lang='lat' dir='ltr'>minas</span> <span class='ocrx_word' id='word_1_193' title='bbox 1021 1238 1144 1268; x_wconf 89' lang='lat' dir='ltr'>mortis</span> <span class='ocrx_word' id='word_1_194' title='bbox 1168 1237 1372 1275; x_wconf 88' lang='lat' dir='ltr'>intulerunt,</span> <span class='ocrx_word' id='word_1_195' title='bbox 1398 1240 1433 1267; x_wconf 90' lang='lat' dir='ltr'>et</span> <span class='ocrx_word' id='word_1_196' title='bbox 1457 1237 1696 1266; x_wconf 88' lang='lat' dir='ltr'>inhumaniter</span> 
     </span>
     <span class='ocr_line' id='line_1_22' title="bbox 313 1281 1694 1322; baseline -0.001 -10"><span class='ocrx_word' id='word_1_197' title='bbox 313 1284 584 1320; x_wconf 85' lang='lat' dir='ltr'>pertractarunt,</span> <span class='ocrx_word' id='word_1_198' title='bbox 602 1292 642 1312; x_wconf 90' lang='lat' dir='ltr'>ac</span> <span class='ocrx_word' id='word_1_199' title='bbox 658 1283 858 1322; x_wconf 83' lang='lat' dir='ltr'>hujusmodi</span> <span class='ocrx_word' id='word_1_200' title='bbox 875 1282 1056 1313; x_wconf 87' lang='lat' dir='ltr'>maleficiis</span> <span class='ocrx_word' id='word_1_201' title='bbox 1072 1292 1142 1311; x_wconf 90' lang='lat' dir='ltr'>non</span> <span class='ocrx_word' id='word_1_202' title='bbox 1159 1281 1325 1319; x_wconf 81' lang='lat' dir='ltr'>contenti,</span> <span class='ocrx_word' id='word_1_203' title='bbox 1340 1283 1392 1311; x_wconf 88' lang='lat' dir='ltr'>set</span> <span class='ocrx_word' id='word_1_204' title='bbox 1403 1281 1519 1311; x_wconf 87' lang='lat' dir='ltr'>animo</span> <span class='ocrx_word' id='word_1_205' title='bbox 1530 1281 1694 1310; x_wconf 86' lang='lat' dir='ltr'>indurato</span> 
     </span>
     <span class='ocr_line' id='line_1_23' title="bbox 313 1324 1694 1365; baseline -0.001 -9"><span class='ocrx_word' id='word_1_206' title='bbox 313 1328 349 1356; x_wconf 88' lang='lat' dir='ltr'>et</span> <span class='ocrx_word' id='word_1_207' title='bbox 364 1326 545 1365; x_wconf 86' lang='lat' dir='ltr'>pertinaci,</span> <span class='ocrx_word' id='word_1_208' title='bbox 563 1327 759 1357; x_wconf 86' lang='lat' dir='ltr'>Presidenti</span> <span class='ocrx_word' id='word_1_209' title='bbox 777 1326 981 1357; x_wconf 87' lang='lat' dir='ltr'>Consistorii</span> <span class='ocrx_word' id='word_1_210' title='bbox 998 1326 1108 1356; x_wconf 86' lang='lat' dir='ltr'>nostri</span> <span class='ocrx_word' id='word_1_211' title='bbox 1126 1325 1340 1363; x_wconf 82' lang='lat' dir='ltr'>Exoniensis,</span> <span class='ocrx_word' id='word_1_212' title='bbox 1352 1327 1388 1355; x_wconf 87' lang='lat' dir='ltr'>et</span> <span class='ocrx_word' id='word_1_213' title='bbox 1401 1325 1526 1355; x_wconf 89' lang='lat' dir='ltr'>ceteris</span> <span class='ocrx_word' id='word_1_214' title='bbox 1537 1324 1694 1364; x_wconf 83' lang='lat' dir='ltr'>ejusdem</span> 
     </span>
     <span class='ocr_line' id='line_1_24' title="bbox 314 1369 1693 1408; baseline -0.001 -8"><span class='ocrx_word' id='word_1_215' title='bbox 314 1369 519 1400; x_wconf 89' lang='lat' dir='ltr'>Consistorii</span> <span class='ocrx_word' id='word_1_216' title='bbox 550 1371 730 1408; x_wconf 88' lang='lat' dir='ltr'>Ministris,</span> <span class='ocrx_word' id='word_1_217' title='bbox 756 1374 889 1401; x_wconf 90' lang='lat' dir='ltr'>metum</span> <span class='ocrx_word' id='word_1_218' title='bbox 921 1371 1044 1400; x_wconf 86' lang='lat' dir='ltr'>mortis</span> <span class='ocrx_word' id='word_1_219' title='bbox 1076 1372 1111 1400; x_wconf 81' lang='lat' dir='ltr'>et</span> <span class='ocrx_word' id='word_1_220' title='bbox 1135 1370 1330 1399; x_wconf 87' lang='lat' dir='ltr'>cruciatum</span> <span class='ocrx_word' id='word_1_221' title='bbox 1355 1369 1508 1408; x_wconf 89' lang='lat' dir='ltr'>corporis</span> <span class='ocrx_word' id='word_1_222' title='bbox 1532 1369 1693 1408; x_wconf 88' lang='lat' dir='ltr'>nequiter</span> 
     </span>
     <span class='ocr_line' id='line_1_25' title="bbox 312 1412 1693 1454; baseline -0.001 -11"><span class='ocrx_word' id='word_1_223' title='bbox 312 1414 522 1451; x_wconf 83' lang='lat' dir='ltr'>intulerunt;</span> <span class='ocrx_word' id='word_1_224' title='bbox 536 1425 677 1454; x_wconf 88' lang='lat' dir='ltr'>nosque,</span> <span class='ocrx_word' id='word_1_225' title='bbox 690 1418 726 1445; x_wconf 88' lang='lat' dir='ltr'>et</span> <span class='ocrx_word' id='word_1_226' title='bbox 735 1415 914 1445; x_wconf 88' lang='lat' dir='ltr'>Ministros</span> <span class='ocrx_word' id='word_1_227' title='bbox 925 1417 1072 1451; x_wconf 81' lang='lat' dir='ltr'>nostros,</span> <span class='ocrx_word' id='word_1_228' title='bbox 1082 1414 1102 1444; x_wconf 87' lang='lat' dir='ltr'>J</span> <span class='ocrx_word' id='word_1_229' title='bbox 1105 1414 1371 1444; x_wconf 88' lang='lat' dir='ltr'>urisdiccionem</span> <span class='ocrx_word' id='word_1_230' title='bbox 1384 1415 1542 1444; x_wconf 85' lang='lat' dir='ltr'>nostram</span> <span class='ocrx_word' id='word_1_231' title='bbox 1553 1413 1589 1442; x_wconf 90' lang='lat' dir='ltr'>in</span> <span class='ocrx_word' id='word_1_232' title='bbox 1604 1412 1693 1443; x_wconf 84' lang='lat' dir='ltr'>Civi-</span> 
     </span>
     <span class='ocr_line' id='line_1_26' title="bbox 314 1457 1694 1498; baseline 0 -11"><span class='ocrx_word' id='word_1_233' title='bbox 314 1460 388 1488; x_wconf 84' lang='lat' dir='ltr'>tate</span> <span class='ocrx_word' id='word_1_234' title='bbox 405 1461 525 1489; x_wconf 86' lang='lat' dir='ltr'>nostra</span> <span class='ocrx_word' id='word_1_235' title='bbox 540 1459 708 1498; x_wconf 87' lang='lat' dir='ltr'>predicta,</span> <span class='ocrx_word' id='word_1_236' title='bbox 725 1462 760 1489; x_wconf 87' lang='lat' dir='ltr'>et</span> <span class='ocrx_word' id='word_1_237' title='bbox 778 1459 855 1489; x_wconf 91' lang='lat' dir='ltr'>aliis</span> <span class='ocrx_word' id='word_1_238' title='bbox 873 1459 971 1489; x_wconf 91' lang='lat' dir='ltr'>Locis</span> <span class='ocrx_word' id='word_1_239' title='bbox 991 1459 1082 1488; x_wconf 87' lang='lat' dir='ltr'>dicte</span> <span class='ocrx_word' id='word_1_240' title='bbox 1103 1460 1222 1488; x_wconf 86' lang='lat' dir='ltr'>nostre</span> <span class='ocrx_word' id='word_1_241' title='bbox 1245 1457 1399 1487; x_wconf 89' lang='lat' dir='ltr'>Diocesis</span> <span class='ocrx_word' id='word_1_242' title='bbox 1418 1457 1518 1487; x_wconf 87' lang='lat' dir='ltr'>nobis</span> <span class='ocrx_word' id='word_1_243' title='bbox 1536 1457 1694 1493; x_wconf 88' lang='lat' dir='ltr'>subditis,</span> 
     </span>
     <span class='ocr_line' id='line_1_27' title="bbox 160 1498 1693 1549; baseline -0.001 -18"><span class='ocrx_word' id='word_1_244' title='bbox 160 1498 206 1549; x_wconf 57' lang='lat' dir='ltr'>sgl·</span> <span class='ocrx_word' id='word_1_245' title='bbox 311 1502 427 1532; x_wconf 86' lang='lat' dir='ltr'>debite</span> <span class='ocrx_word' id='word_1_246' title='bbox 445 1512 634 1540; x_wconf 83' lang='lat' dir='ltr'>excercere,</span> <span class='ocrx_word' id='word_1_247' title='bbox 648 1513 688 1533; x_wconf 88' lang='lat' dir='ltr'>ac</span> <span class='ocrx_word' id='word_1_248' title='bbox 706 1503 959 1533; x_wconf 86' lang='lat' dir='ltr'>Consistorium</span> <span class='ocrx_word' id='word_1_249' title='bbox 972 1504 1132 1533; x_wconf 88' lang='lat' dir='ltr'>nostrum</span> <span class='ocrx_word' id='word_1_250' title='bbox 1145 1504 1265 1532; x_wconf 88' lang='lat' dir='ltr'>tenere</span> <span class='ocrx_word' id='word_1_251' title='bbox 1283 1503 1318 1531; x_wconf 85' lang='lat' dir='ltr'>et</span> <span class='ocrx_word' id='word_1_252' title='bbox 1335 1501 1510 1531; x_wconf 89' lang='lat' dir='ltr'>celebrare</span> <span class='ocrx_word' id='word_1_253' title='bbox 1527 1501 1693 1537; x_wconf 75' lang='lat' dir='ltr'>volentes,</span> 
     </span>
     <span class='ocr_line' id='line_1_28' title="bbox 160 1534 1696 1586; baseline -0.001 -11"><span class='ocrx_word' id='word_1_254' title='bbox 160 1534 216 1558; x_wconf 56' lang='grc' dir='ltr'>Μ’·</span> <span class='ocrx_word' id='word_1_255' title='bbox 312 1545 348 1575; x_wconf 85' lang='grc'>111</span> <span class='ocrx_word' id='word_1_256' title='bbox 365 1548 400 1576; x_wconf 88' lang='lat' dir='ltr'>et</span> <span class='ocrx_word' id='word_1_257' title='bbox 415 1556 520 1586; x_wconf 88' lang='lat' dir='ltr'>super</span> <span class='ocrx_word' id='word_1_258' title='bbox 532 1547 600 1577; x_wconf 91' lang='lat' dir='ltr'>hiis</span> <span class='ocrx_word' id='word_1_259' title='bbox 616 1557 681 1586; x_wconf 89' lang='lat' dir='ltr'>que</span> <span class='ocrx_word' id='word_1_260' title='bbox 699 1547 743 1577; x_wconf 90' lang='lat' dir='ltr'>ad</span> <span class='ocrx_word' id='word_1_261' title='bbox 765 1557 828 1577; x_wconf 91' lang='lat' dir='ltr'>nos</span> <span class='ocrx_word' id='word_1_262' title='bbox 850 1547 984 1577; x_wconf 87' lang='lat' dir='ltr'>notorie</span> <span class='ocrx_word' id='word_1_263' title='bbox 1006 1547 1194 1586; x_wconf 79' lang='lat' dir='ltr'>pertinent,</span> <span class='ocrx_word' id='word_1_264' title='bbox 1212 1556 1252 1576; x_wconf 88' lang='grc'>30</span> <span class='ocrx_word' id='word_1_265' title='bbox 1275 1545 1442 1575; x_wconf 86' lang='lat' dir='ltr'>Mandata</span> <span class='ocrx_word' id='word_1_266' title='bbox 1462 1548 1584 1575; x_wconf 88' lang='lat' dir='ltr'>nostra</span> <span class='ocrx_word' id='word_1_267' title='bbox 1600 1545 1696 1574; x_wconf 90' lang='lat' dir='ltr'>licita</span> 
     </span>
     <span class='ocr_line' id='line_1_29' title="bbox 314 1588 1696 1631; baseline -0.001 -11"><span class='ocrx_word' id='word_1_268' title='bbox 314 1592 349 1620; x_wconf 86' lang='lat' dir='ltr'>et</span> <span class='ocrx_word' id='word_1_269' title='bbox 367 1590 542 1621; x_wconf 89' lang='lat' dir='ltr'>Canonica</span> <span class='ocrx_word' id='word_1_270' title='bbox 557 1591 816 1630; x_wconf 83' lang='lat' dir='ltr'>impediverunt</span> <span class='ocrx_word' id='word_1_271' title='bbox 832 1591 974 1631; x_wconf 85' lang='lat' dir='ltr'>injuste,</span> <span class='ocrx_word' id='word_1_272' title='bbox 992 1600 1032 1621; x_wconf 88' lang='lat' dir='ltr'>ac</span> <span class='ocrx_word' id='word_1_273' title='bbox 1048 1590 1194 1620; x_wconf 88' lang='lat' dir='ltr'>nuncios</span> <span class='ocrx_word' id='word_1_274' title='bbox 1208 1589 1374 1619; x_wconf 85' lang='lat' dir='ltr'>Mandata</span> <span class='ocrx_word' id='word_1_275' title='bbox 1389 1589 1590 1629; x_wconf 84' lang='lat' dir='ltr'>hujusmodi</span> <span class='ocrx_word' id='word_1_276' title='bbox 1604 1588 1696 1619; x_wconf 81' lang='lat' dir='ltr'>defe-</span> 
     </span>
     <span class='ocr_line' id='line_1_30' title="bbox 314 1633 1696 1675; baseline -0.002 -10"><span class='ocrx_word' id='word_1_277' title='bbox 314 1637 432 1665; x_wconf 85' lang='lat' dir='ltr'>rentes</span> <span class='ocrx_word' id='word_1_278' title='bbox 448 1637 483 1665; x_wconf 91' lang='lat' dir='ltr'>et</span> <span class='ocrx_word' id='word_1_279' title='bbox 500 1635 615 1665; x_wconf 85' lang='lat' dir='ltr'>facere</span> <span class='ocrx_word' id='word_1_280' title='bbox 634 1635 748 1665; x_wconf 86' lang='lat' dir='ltr'>debite</span> <span class='ocrx_word' id='word_1_281' title='bbox 772 1635 886 1675; x_wconf 86' lang='lat' dir='ltr'>justas</span> <span class='ocrx_word' id='word_1_282' title='bbox 909 1635 1134 1665; x_wconf 81' lang='lat' dir='ltr'>execuciones</span> <span class='ocrx_word' id='word_1_283' title='bbox 1158 1633 1347 1664; x_wconf 86' lang='lat' dir='ltr'>eorundem</span> <span class='ocrx_word' id='word_1_284' title='bbox 1370 1633 1536 1671; x_wconf 78' lang='lat' dir='ltr'>volentes,</span> <span class='ocrx_word' id='word_1_285' title='bbox 1562 1643 1696 1672; x_wconf 79' lang='lat' dir='ltr'>capere,</span> 
     </span>
     <span class='ocr_line' id='line_1_31' title="bbox 315 1677 1695 1718; baseline -0.001 -10"><span class='ocrx_word' id='word_1_286' title='bbox 315 1678 508 1716; x_wconf 83' lang='lat' dir='ltr'>verberare,</span> <span class='ocrx_word' id='word_1_287' title='bbox 535 1689 595 1709; x_wconf 90' lang='lat' dir='ltr'>seu</span> <span class='ocrx_word' id='word_1_288' title='bbox 620 1680 744 1709; x_wconf 87' lang='lat' dir='ltr'>saltem</span> <span class='ocrx_word' id='word_1_289' title='bbox 761 1680 852 1709; x_wconf 88' lang='lat' dir='ltr'>male</span> <span class='ocrx_word' id='word_1_290' title='bbox 868 1682 1100 1718; x_wconf 72' lang='lat' dir='ltr'>pertractare,</span> <span class='ocrx_word' id='word_1_291' title='bbox 1126 1688 1270 1715; x_wconf 86' lang='lat' dir='ltr'>necnon,</span> <span class='ocrx_word' id='word_1_292' title='bbox 1288 1678 1324 1707; x_wconf 91' lang='lat' dir='ltr'>in</span> <span class='ocrx_word' id='word_1_293' title='bbox 1342 1677 1550 1716; x_wconf 76' lang='lat' dir='ltr'>Mag-istrum</span> <span class='ocrx_word' id='word_1_294' title='bbox 1567 1677 1695 1707; x_wconf 89' lang='lat' dir='ltr'>Willel-</span> 
     </span>
     <span class='ocr_line' id='line_1_32' title="bbox 315 1721 1697 1761; baseline -0.001 -9"><span class='ocrx_word' id='word_1_295' title='bbox 315 1733 411 1752; x_wconf 90' lang='lat' dir='ltr'>mum</span> <span class='ocrx_word' id='word_1_296' title='bbox 438 1722 561 1761; x_wconf 86' lang='lat' dir='ltr'>Calwe,</span> <span class='ocrx_word' id='word_1_297' title='bbox 586 1724 781 1753; x_wconf 82' lang='lat' dir='ltr'>Johannem</span> <span class='ocrx_word' id='word_1_298' title='bbox 809 1723 998 1761; x_wconf 88' lang='lat' dir='ltr'>Godeman,</span> <span class='ocrx_word' id='word_1_299' title='bbox 1019 1723 1132 1752; x_wconf 88' lang='lat' dir='ltr'>Adam</span> <span class='ocrx_word' id='word_1_300' title='bbox 1151 1722 1243 1759; x_wconf 82' lang='lat' dir='ltr'>Row,</span> <span class='ocrx_word' id='word_1_301' title='bbox 1262 1724 1297 1751; x_wconf 90' lang='lat' dir='ltr'>et</span> <span class='ocrx_word' id='word_1_302' title='bbox 1313 1721 1509 1752; x_wconf 82' lang='lat' dir='ltr'>Johannem</span> <span class='ocrx_word' id='word_1_303' title='bbox 1527 1721 1697 1759; x_wconf 85' lang='lat' dir='ltr'>Duffelde,</span> 
     </span>
     <span class='ocr_line' id='line_1_33' title="bbox 317 1765 1698 1805; baseline -0.001 -9"><span class='ocrx_word' id='word_1_304' title='bbox 317 1767 469 1805; x_wconf 88' lang='lat' dir='ltr'>clericos,</span> <span class='ocrx_word' id='word_1_305' title='bbox 486 1777 525 1797; x_wconf 88' lang='lat' dir='ltr'>ac</span> <span class='ocrx_word' id='word_1_306' title='bbox 542 1768 727 1798; x_wconf 89' lang='lat' dir='ltr'>nonnullos</span> <span class='ocrx_word' id='word_1_307' title='bbox 749 1768 834 1798; x_wconf 84' lang='lat' dir='ltr'>alios</span> <span class='ocrx_word' id='word_1_308' title='bbox 856 1767 1009 1805; x_wconf 88' lang='lat' dir='ltr'>clericos,</span> <span class='ocrx_word' id='word_1_309' title='bbox 1034 1768 1152 1797; x_wconf 89' lang='lat' dir='ltr'>nostre</span> <span class='ocrx_word' id='word_1_310' title='bbox 1172 1766 1336 1803; x_wconf 86' lang='lat' dir='ltr'>Diocesis,</span> <span class='ocrx_word' id='word_1_311' title='bbox 1362 1775 1486 1795; x_wconf 84' lang='lat' dir='ltr'>manus</span> <span class='ocrx_word' id='word_1_312' title='bbox 1511 1765 1698 1802; x_wconf 60' lang='lat' dir='ltr'>sacrilegas</span> 
     </span>
     <span class='ocr_line' id='line_1_34' title="bbox 316 1809 1700 1850; baseline -0.001 -11"><span class='ocrx_word' id='word_1_313' title='bbox 316 1810 444 1841; x_wconf 84' lang='lat' dir='ltr'>inicere</span> <span class='ocrx_word' id='word_1_314' title='bbox 463 1811 622 1849; x_wconf 86' lang='lat' dir='ltr'>scienter,</span> <span class='ocrx_word' id='word_1_315' title='bbox 641 1812 704 1842; x_wconf 90' lang='lat' dir='ltr'>Dei</span> <span class='ocrx_word' id='word_1_316' title='bbox 720 1811 844 1842; x_wconf 90' lang='lat' dir='ltr'>timore</span> <span class='ocrx_word' id='word_1_317' title='bbox 861 1811 1064 1850; x_wconf 81' lang='lat' dir='ltr'>postposito,</span> <span class='ocrx_word' id='word_1_318' title='bbox 1082 1810 1290 1849; x_wconf 87' lang='lat' dir='ltr'>eosdemque</span> <span class='ocrx_word' id='word_1_319' title='bbox 1302 1809 1486 1839; x_wconf 76' lang='lat' dir='ltr'>verberare</span> <span class='ocrx_word' id='word_1_320' title='bbox 1500 1812 1535 1839; x_wconf 88' lang='lat' dir='ltr'>et</span> <span class='ocrx_word' id='word_1_321' title='bbox 1547 1809 1700 1839; x_wconf 88' lang='lat' dir='ltr'>letaliter</span> 
     </span>
     <span class='ocr_line' id='line_1_35' title="bbox 315 1853 1698 1895; baseline -0.001 -11"><span class='ocrx_word' id='word_1_322' title='bbox 315 1855 498 1885; x_wconf 80' lang='lat' dir='ltr'>vulnerare</span> <span class='ocrx_word' id='word_1_323' title='bbox 515 1857 646 1886; x_wconf 90' lang='lat' dir='ltr'>temere</span> <span class='ocrx_word' id='word_1_324' title='bbox 663 1858 967 1895; x_wconf 79' lang='lat' dir='ltr'>presumpserunt3</span> <span class='ocrx_word' id='word_1_325' title='bbox 992 1865 1032 1885; x_wconf 91' lang='grc'>30</span> <span class='ocrx_word' id='word_1_326' title='bbox 1048 1854 1193 1884; x_wconf 84' lang='lat' dir='ltr'>nuncios</span> <span class='ocrx_word' id='word_1_327' title='bbox 1210 1854 1253 1884; x_wconf 89' lang='lat' dir='ltr'>ad</span> <span class='ocrx_word' id='word_1_328' title='bbox 1271 1853 1523 1884; x_wconf 88' lang='lat' dir='ltr'>Consistorium</span> <span class='ocrx_word' id='word_1_329' title='bbox 1540 1856 1698 1883; x_wconf 86' lang='lat' dir='ltr'>nostrum</span> 
     </span>
     <span class='ocr_line' id='line_1_36' title="bbox 318 1897 1698 1935; baseline -0.001 -7"><span class='ocrx_word' id='word_1_330' title='bbox 318 1898 511 1930; x_wconf 80' lang='lat' dir='ltr'>Exoniense</span> <span class='ocrx_word' id='word_1_331' title='bbox 551 1900 805 1930; x_wconf 87' lang='lat' dir='ltr'>Certificatoria</span> <span class='ocrx_word' id='word_1_332' title='bbox 837 1899 1035 1929; x_wconf 87' lang='lat' dir='ltr'>deferentes</span> <span class='ocrx_word' id='word_1_333' title='bbox 1071 1902 1105 1929; x_wconf 87' lang='lat' dir='ltr'>et</span> <span class='ocrx_word' id='word_1_334' title='bbox 1136 1897 1374 1928; x_wconf 88' lang='lat' dir='ltr'>mandatarios</span> <span class='ocrx_word' id='word_1_335' title='bbox 1408 1900 1556 1935; x_wconf 86' lang='lat' dir='ltr'>nostros,</span> <span class='ocrx_word' id='word_1_336' title='bbox 1588 1897 1698 1927; x_wconf 88' lang='lat' dir='ltr'>eciam</span> 
     </span>
     <span class='ocr_line' id='line_1_37' title="bbox 317 1941 1697 1983; baseline -0.001 -11"><span class='ocrx_word' id='word_1_337' title='bbox 317 1943 469 1981; x_wconf 85' lang='lat' dir='ltr'>clericos,</span> <span class='ocrx_word' id='word_1_338' title='bbox 487 1943 687 1983; x_wconf 82' lang='lat' dir='ltr'>hujusmodi</span> <span class='ocrx_word' id='word_1_339' title='bbox 705 1943 958 1974; x_wconf 89' lang='lat' dir='ltr'>Certificatoria</span> <span class='ocrx_word' id='word_1_340' title='bbox 982 1943 1198 1973; x_wconf 85' lang='lat' dir='ltr'>commedere</span> <span class='ocrx_word' id='word_1_341' title='bbox 1222 1952 1284 1981; x_wconf 86' lang='lat' dir='ltr'>per</span> <span class='ocrx_word' id='word_1_342' title='bbox 1303 1942 1507 1971; x_wconf 82' lang='lat' dir='ltr'>violenciam</span> <span class='ocrx_word' id='word_1_343' title='bbox 1526 1941 1697 1980; x_wconf 89' lang='lat' dir='ltr'>compule-</span> 
     </span>
     <span class='ocr_line' id='line_1_38' title="bbox 315 1985 1700 2025; baseline -0.003 -7"><span class='ocrx_word' id='word_1_344' title='bbox 315 1989 409 2025; x_wconf 75' lang='lat' dir='ltr'>runt,</span> <span class='ocrx_word' id='word_1_345' title='bbox 426 1990 462 2018; x_wconf 91' lang='lat' dir='ltr'>et</span> <span class='ocrx_word' id='word_1_346' title='bbox 477 1988 643 2018; x_wconf 87' lang='lat' dir='ltr'>nonnulla</span> <span class='ocrx_word' id='word_1_347' title='bbox 667 1988 887 2018; x_wconf 89' lang='lat' dir='ltr'>Munimenta</span> <span class='ocrx_word' id='word_1_348' title='bbox 910 1987 1099 2018; x_wconf 89' lang='lat' dir='ltr'>eorundem</span> <span class='ocrx_word' id='word_1_349' title='bbox 1122 1985 1310 2016; x_wconf 78' lang='lat' dir='ltr'>furibunde</span> <span class='ocrx_word' id='word_1_350' title='bbox 1327 1988 1498 2021; x_wconf 77' lang='lat' dir='ltr'>arserunt,</span> <span class='ocrx_word' id='word_1_351' title='bbox 1516 1986 1551 2015; x_wconf 89' lang='lat' dir='ltr'>in</span> <span class='ocrx_word' id='word_1_352' title='bbox 1576 1985 1700 2015; x_wconf 87' lang='lat' dir='ltr'>Divine</span> 
     </span>
     <span class='ocr_line' id='line_1_39' title="bbox 317 2030 1699 2071; baseline -0.001 -11"><span class='ocrx_word' id='word_1_353' title='bbox 317 2031 514 2071; x_wconf 85' lang='lat' dir='ltr'>Majestatis</span> <span class='ocrx_word' id='word_1_354' title='bbox 538 2032 717 2070; x_wconf 83' lang='lat' dir='ltr'>offensam,</span> <span class='ocrx_word' id='word_1_355' title='bbox 742 2032 1083 2071; x_wconf 73' lang='lat' dir='ltr'>enervacionemque‚</span> <span class='ocrx_word' id='word_1_356' title='bbox 1109 2030 1383 2068; x_wconf 72' lang='lat' dir='ltr'>derogacionem,</span> <span class='ocrx_word' id='word_1_357' title='bbox 1408 2040 1448 2060; x_wconf 91' lang='lat' dir='ltr'>ac</span> <span class='ocrx_word' id='word_1_358' title='bbox 1471 2030 1699 2059; x_wconf 89' lang='lat' dir='ltr'>violacionem</span> 
     </span>
     <span class='ocr_line' id='line_1_40' title="bbox 318 2074 1699 2115; baseline -0.001 -11"><span class='ocrx_word' id='word_1_359' title='bbox 318 2075 561 2106; x_wconf 87' lang='lat' dir='ltr'>Ecclesiastice</span> <span class='ocrx_word' id='word_1_360' title='bbox 592 2076 791 2113; x_wconf 86' lang='lat' dir='ltr'>Libertatis,</span> <span class='ocrx_word' id='word_1_361' title='bbox 823 2077 843 2106; x_wconf 84' lang='lat' dir='ltr'><strong>J</strong></span> <span class='ocrx_word' id='word_1_362' title='bbox 846 2076 985 2115; x_wconf 86' lang='lat' dir='ltr'>urisque</span> <span class='ocrx_word' id='word_1_363' title='bbox 1017 2078 1051 2105; x_wconf 92' lang='lat' dir='ltr'>et</span> <span class='ocrx_word' id='word_1_364' title='bbox 1082 2076 1102 2105; x_wconf 85' lang='lat' dir='ltr'>J</span> <span class='ocrx_word' id='word_1_365' title='bbox 1105 2074 1345 2104; x_wconf 88' lang='lat' dir='ltr'>urisdiccionis</span> <span class='ocrx_word' id='word_1_366' title='bbox 1376 2074 1699 2104; x_wconf 81' lang='lat' dir='ltr'>Ecclesiasticorum</span> 
     </span>
     <span class='ocr_line' id='line_1_41' title="bbox 316 2117 1698 2158; baseline -0.001 -10"><span class='ocrx_word' id='word_1_367' title='bbox 316 2119 606 2158; x_wconf 85' lang='lat' dir='ltr'>impedimentum</span> <span class='ocrx_word' id='word_1_368' title='bbox 637 2123 673 2150; x_wconf 89' lang='lat' dir='ltr'>et</span> <span class='ocrx_word' id='word_1_369' title='bbox 703 2120 868 2151; x_wconf 88' lang='lat' dir='ltr'>lesionem</span> <span class='ocrx_word' id='word_1_370' title='bbox 901 2120 1055 2150; x_wconf 85' lang='lat' dir='ltr'>enormia</span> <span class='ocrx_word' id='word_1_371' title='bbox 1080 2129 1119 2149; x_wconf 89' lang='lat' dir='ltr'>ac</span> <span class='ocrx_word' id='word_1_372' title='bbox 1143 2119 1252 2149; x_wconf 84' lang='lat' dir='ltr'>eciam</span> <span class='ocrx_word' id='word_1_373' title='bbox 1278 2118 1482 2154; x_wconf 82' lang='lat' dir='ltr'>manifesta;</span> <span class='ocrx_word' id='word_1_374' title='bbox 1514 2117 1605 2147; x_wconf 90' lang='lat' dir='ltr'>unde</span> <span class='ocrx_word' id='word_1_375' title='bbox 1629 2128 1698 2147; x_wconf 92' lang='lat' dir='ltr'>non</span> 
     </span>
     <span class='ocr_line' id='line_1_42' title="bbox 318 2161 1697 2204; baseline -0.001 -12"><span class='ocrx_word' id='word_1_376' title='bbox 318 2165 372 2193; x_wconf 89' lang='lat' dir='ltr'>est</span> <span class='ocrx_word' id='word_1_377' title='bbox 403 2163 547 2193; x_wconf 90' lang='lat' dir='ltr'>dubium</span> <span class='ocrx_word' id='word_1_378' title='bbox 579 2164 779 2204; x_wconf 85' lang='lat' dir='ltr'>hujusmodi</span> <span class='ocrx_word' id='word_1_379' title='bbox 811 2163 1064 2200; x_wconf 85' lang='lat' dir='ltr'>malefactores,</span> <span class='ocrx_word' id='word_1_380' title='bbox 1097 2163 1133 2192; x_wconf 93' lang='lat' dir='ltr'>in</span> <span class='ocrx_word' id='word_1_381' title='bbox 1157 2162 1337 2202; x_wconf 87' lang='lat' dir='ltr'>premissis</span> <span class='ocrx_word' id='word_1_382' title='bbox 1360 2162 1415 2191; x_wconf 86' lang='lat' dir='ltr'>vel</span> <span class='ocrx_word' id='word_1_383' title='bbox 1439 2171 1558 2191; x_wconf 89' lang='lat' dir='ltr'>eorum</span> <span class='ocrx_word' id='word_1_384' title='bbox 1583 2161 1697 2200; x_wconf 89' lang='lat' dir='ltr'>aliquo</span> 
     </span>
     <span class='ocr_line' id='line_1_43' title="bbox 319 2205 1697 2247; baseline -0.001 -11"><span class='ocrx_word' id='word_1_385' title='bbox 319 2206 569 2246; x_wconf 85' lang='lat' dir='ltr'>delinquentes,</span> <span class='ocrx_word' id='word_1_386' title='bbox 587 2208 698 2238; x_wconf 82' lang='lat' dir='ltr'>dictas</span> <span class='ocrx_word' id='word_1_387' title='bbox 716 2208 859 2247; x_wconf 84' lang='lat' dir='ltr'>Majoris</span> <span class='ocrx_word' id='word_1_388' title='bbox 876 2207 1257 2237; x_wconf 86' lang='lat' dir='ltr'>Excommunicacionis</span> <span class='ocrx_word' id='word_1_389' title='bbox 1283 2206 1495 2243; x_wconf 84' lang='lat' dir='ltr'>Sentencias,</span> <span class='ocrx_word' id='word_1_390' title='bbox 1513 2215 1532 2235; x_wconf 88' lang='lat' dir='ltr'>a</span> <span class='ocrx_word' id='word_1_391' title='bbox 1551 2205 1697 2235; x_wconf 88' lang='lat' dir='ltr'>Canoni-</span> 
     </span>
     <span class='ocr_line' id='line_1_44' title="bbox 318 2249 1698 2288; baseline -0.001 -8"><span class='ocrx_word' id='word_1_392' title='bbox 318 2250 383 2281; x_wconf 83' lang='lat' dir='ltr'>bus</span> <span class='ocrx_word' id='word_1_393' title='bbox 399 2254 434 2280; x_wconf 91' lang='lat' dir='ltr'>et</span> <span class='ocrx_word' id='word_1_394' title='bbox 453 2250 657 2281; x_wconf 84' lang='lat' dir='ltr'>Sanctorum</span> <span class='ocrx_word' id='word_1_395' title='bbox 676 2252 820 2281; x_wconf 90' lang='lat' dir='ltr'>Patrum</span> <span class='ocrx_word' id='word_1_396' title='bbox 838 2251 1158 2281; x_wconf 83' lang='lat' dir='ltr'>Constitucionibus</span> <span class='ocrx_word' id='word_1_397' title='bbox 1170 2251 1205 2279; x_wconf 92' lang='lat' dir='ltr'>in</span> <span class='ocrx_word' id='word_1_398' title='bbox 1218 2250 1283 2280; x_wconf 85' lang='lat' dir='ltr'>hac</span> <span class='ocrx_word' id='word_1_399' title='bbox 1296 2252 1405 2288; x_wconf 81' lang='lat' dir='ltr'>parte,</span> <span class='ocrx_word' id='word_1_400' title='bbox 1420 2252 1458 2278; x_wconf 87' lang='lat' dir='ltr'>ut</span> <span class='ocrx_word' id='word_1_401' title='bbox 1471 2249 1698 2288; x_wconf 82' lang='lat' dir='ltr'>premittitur,</span> 
     </span>
     <span class='ocr_line' id='line_1_45' title="bbox 318 2293 1697 2334; baseline -0.001 -10"><span class='ocrx_word' id='word_1_402' title='bbox 318 2295 461 2333; x_wconf 77' lang='lat' dir='ltr'>provide</span> <span class='ocrx_word' id='word_1_403' title='bbox 486 2295 586 2332; x_wconf 86' lang='lat' dir='ltr'>latas,</span> <span class='ocrx_word' id='word_1_404' title='bbox 615 2295 886 2334; x_wconf 88' lang='lat' dir='ltr'>dampnabiliter</span> <span class='ocrx_word' id='word_1_405' title='bbox 920 2295 1124 2331; x_wconf 76' lang='lat' dir='ltr'>incurrisse3</span> <span class='ocrx_word' id='word_1_406' title='bbox 1157 2294 1282 2333; x_wconf 88' lang='lat' dir='ltr'>quibus</span> <span class='ocrx_word' id='word_1_407' title='bbox 1313 2296 1496 2323; x_wconf 88' lang='lat' dir='ltr'>remanent</span> <span class='ocrx_word' id='word_1_408' title='bbox 1530 2293 1697 2332; x_wconf 86' lang='lat' dir='ltr'>innodati,</span> 
     </span>
     <span class='ocr_line' id='line_1_46' title="bbox 317 2337 1697 2377; baseline -0.001 -9"><span class='ocrx_word' id='word_1_409' title='bbox 317 2338 354 2368; x_wconf 90' lang='lat' dir='ltr'>in</span> <span class='ocrx_word' id='word_1_410' title='bbox 371 2339 566 2368; x_wconf 87' lang='lat' dir='ltr'>animarum</span> <span class='ocrx_word' id='word_1_411' title='bbox 584 2349 725 2369; x_wconf 84' lang='lat' dir='ltr'>suarum</span> <span class='ocrx_word' id='word_1_412' title='bbox 742 2339 874 2377; x_wconf 73' lang='lat' dir='ltr'>grande</span> <span class='ocrx_word' id='word_1_413' title='bbox 895 2339 1087 2377; x_wconf 87' lang='lat' dir='ltr'>periculum</span> <span class='ocrx_word' id='word_1_414' title='bbox 1105 2340 1140 2368; x_wconf 90' lang='lat' dir='ltr'>et</span> <span class='ocrx_word' id='word_1_415' title='bbox 1164 2338 1311 2367; x_wconf 88' lang='lat' dir='ltr'>aliorum</span> <span class='ocrx_word' id='word_1_416' title='bbox 1335 2337 1568 2376; x_wconf 87' lang='lat' dir='ltr'>perniciosum</span> <span class='ocrx_word' id='word_1_417' title='bbox 1586 2347 1697 2367; x_wconf 79' lang='lat' dir='ltr'>exem-</span> 
     </span>
     <span class='ocr_line' id='line_1_47' title="bbox 318 2381 1698 2423; baseline -0.001 -11"><span class='ocrx_word' id='word_1_418' title='bbox 318 2383 425 2421; x_wconf 88' lang='lat' dir='ltr'>plum.</span> <span class='ocrx_word' id='word_1_419' title='bbox 472 2383 554 2421; x_wconf 86' lang='lat' dir='ltr'>Nos,</span> <span class='ocrx_word' id='word_1_420' title='bbox 567 2383 685 2422; x_wconf 80' lang='lat' dir='ltr'>igitur,</span> <span class='ocrx_word' id='word_1_421' title='bbox 703 2383 903 2423; x_wconf 80' lang='lat' dir='ltr'>hujusmodi</span> <span class='ocrx_word' id='word_1_422' title='bbox 922 2382 1052 2412; x_wconf 89' lang='lat' dir='ltr'>scelera</span> <span class='ocrx_word' id='word_1_423' title='bbox 1070 2382 1132 2412; x_wconf 91' lang='lat' dir='ltr'>sub</span> <span class='ocrx_word' id='word_1_424' title='bbox 1146 2381 1426 2411; x_wconf 84' lang='lat' dir='ltr'>dissimulacione</span> <span class='ocrx_word' id='word_1_425' title='bbox 1438 2381 1649 2420; x_wconf 85' lang='lat' dir='ltr'>pertransire</span> <span class='ocrx_word' id='word_1_426' title='bbox 1663 2384 1698 2410; x_wconf 86' lang='lat' dir='ltr'>et</span> 
     </span>
     <span class='ocr_line' id='line_1_48' title="bbox 318 2425 1698 2466; baseline -0.001 -10"><span class='ocrx_word' id='word_1_427' title='bbox 318 2427 480 2457; x_wconf 88' lang='lat' dir='ltr'>tollerare</span> <span class='ocrx_word' id='word_1_428' title='bbox 497 2427 670 2466; x_wconf 87' lang='lat' dir='ltr'>impunita</span> <span class='ocrx_word' id='word_1_429' title='bbox 687 2437 772 2457; x_wconf 86' lang='lat' dir='ltr'>sana</span> <span class='ocrx_word' id='word_1_430' title='bbox 789 2427 1004 2457; x_wconf 84' lang='lat' dir='ltr'>consciencia</span> <span class='ocrx_word' id='word_1_431' title='bbox 1020 2437 1089 2456; x_wconf 90' lang='lat' dir='ltr'>non</span> <span class='ocrx_word' id='word_1_432' title='bbox 1106 2426 1272 2463; x_wconf 76' lang='lat' dir='ltr'>volentes,</span> <span class='ocrx_word' id='word_1_433' title='bbox 1289 2425 1396 2462; x_wconf 84' lang='lat' dir='ltr'>vobis,</span> <span class='ocrx_word' id='word_1_434' title='bbox 1415 2425 1648 2454; x_wconf 80' lang='lat' dir='ltr'>communiter</span> <span class='ocrx_word' id='word_1_435' title='bbox 1663 2428 1698 2454; x_wconf 88' lang='lat' dir='ltr'>et</span> 
     </span>
     <span class='ocr_line' id='line_1_49' title="bbox 320 2469 1700 2509; baseline 0 -10"><span class='ocrx_word' id='word_1_436' title='bbox 320 2470 468 2507; x_wconf 71' lang='lat' dir='ltr'>divisim,</span> <span class='ocrx_word' id='word_1_437' title='bbox 504 2471 541 2500; x_wconf 92' lang='lat' dir='ltr'>in</span> <span class='ocrx_word' id='word_1_438' title='bbox 571 2471 701 2501; x_wconf 78' lang='lat' dir='ltr'>virtute</span> <span class='ocrx_word' id='word_1_439' title='bbox 734 2470 942 2501; x_wconf 89' lang='lat' dir='ltr'>Obediencie</span> <span class='ocrx_word' id='word_1_440' title='bbox 973 2472 1008 2500; x_wconf 87' lang='lat' dir='ltr'>et</span> <span class='ocrx_word' id='word_1_441' title='bbox 1040 2470 1104 2500; x_wconf 90' lang='lat' dir='ltr'>sub</span> <span class='ocrx_word' id='word_1_442' title='bbox 1144 2469 1286 2509; x_wconf 82' lang='lat' dir='ltr'>Majoris</span> <span class='ocrx_word' id='word_1_443' title='bbox 1319 2469 1700 2499; x_wconf 78' lang='lat' dir='ltr'>Excommunicacionis</span> 
     </span>
     <span class='ocr_line' id='line_1_50' title="bbox 319 2513 1698 2554; baseline -0.001 -11"><span class='ocrx_word' id='word_1_444' title='bbox 319 2524 407 2552; x_wconf 84' lang='lat' dir='ltr'>pena</span> <span class='ocrx_word' id='word_1_445' title='bbox 447 2515 594 2544; x_wconf 87' lang='lat' dir='ltr'>firmiter</span> <span class='ocrx_word' id='word_1_446' title='bbox 631 2515 866 2554; x_wconf 81' lang='lat' dir='ltr'>injungentes,</span> <span class='ocrx_word' id='word_1_447' title='bbox 912 2514 1164 2544; x_wconf 85' lang='lat' dir='ltr'>committimus</span> <span class='ocrx_word' id='word_1_448' title='bbox 1209 2516 1243 2543; x_wconf 87' lang='lat' dir='ltr'>et</span> <span class='ocrx_word' id='word_1_449' title='bbox 1290 2513 1497 2542; x_wconf 88' lang='lat' dir='ltr'>mandamus</span> <span class='ocrx_word' id='word_1_450' title='bbox 1535 2513 1698 2552; x_wconf 86' lang='lat' dir='ltr'>quatinus</span> 
     </span>
     <span class='ocr_line' id='line_1_51' title="bbox 319 2557 1697 2596; baseline -0.001 -9"><span class='ocrx_word' id='word_1_451' title='bbox 319 2558 475 2596; x_wconf 82' lang='lat' dir='ltr'>prefatos</span> <span class='ocrx_word' id='word_1_452' title='bbox 514 2558 766 2593; x_wconf 81' lang='lat' dir='ltr'>malefactores,</span> <span class='ocrx_word' id='word_1_453' title='bbox 799 2568 919 2588; x_wconf 88' lang='lat' dir='ltr'>omnes</span> <span class='ocrx_word' id='word_1_454' title='bbox 950 2561 985 2588; x_wconf 86' lang='lat' dir='ltr'>et</span> <span class='ocrx_word' id='word_1_455' title='bbox 1018 2558 1181 2596; x_wconf 70' lang='lat' dir='ltr'>singulos,</span> <span class='ocrx_word' id='word_1_456' title='bbox 1210 2557 1245 2586; x_wconf 92' lang='lat' dir='ltr'>in</span> <span class='ocrx_word' id='word_1_457' title='bbox 1277 2557 1456 2595; x_wconf 87' lang='lat' dir='ltr'>premissis</span> <span class='ocrx_word' id='word_1_458' title='bbox 1488 2567 1548 2586; x_wconf 87' lang='lat' dir='ltr'>seu</span> <span class='ocrx_word' id='word_1_459' title='bbox 1579 2566 1697 2586; x_wconf 87' lang='lat' dir='ltr'>eorum</span> 
     </span>
     <span class='ocr_line' id='line_1_52' title="bbox 318 2601 1698 2641; baseline -0.001 -11"><span class='ocrx_word' id='word_1_460' title='bbox 318 2602 432 2641; x_wconf 75' lang='lat' dir='ltr'>aliquo</span> <span class='ocrx_word' id='word_1_461' title='bbox 456 2602 696 2641; x_wconf 85' lang='lat' dir='ltr'>delinquentes</span> <span class='ocrx_word' id='word_1_462' title='bbox 720 2604 754 2632; x_wconf 86' lang='lat' dir='ltr'>et</span> <span class='ocrx_word' id='word_1_463' title='bbox 779 2602 977 2641; x_wconf 84' lang='lat' dir='ltr'>culpabiles,</span> <span class='ocrx_word' id='word_1_464' title='bbox 994 2602 1261 2641; x_wconf 80' lang='lat' dir='ltr'>hujusmodique</span> <span class='ocrx_word' id='word_1_465' title='bbox 1283 2601 1514 2630; x_wconf 84' lang='lat' dir='ltr'>violentarum</span> <span class='ocrx_word' id='word_1_466' title='bbox 1532 2610 1698 2630; x_wconf 83' lang='lat' dir='ltr'>manuum</span> 
     </span>
     <span class='ocr_line' id='line_1_53' title="bbox 318 2645 1698 2685; baseline -0.001 -10"><span class='ocrx_word' id='word_1_467' title='bbox 318 2646 527 2684; x_wconf 82' lang='lat' dir='ltr'>injecciones</span> <span class='ocrx_word' id='word_1_468' title='bbox 552 2646 585 2675; x_wconf 94' lang='lat' dir='ltr'>in</span> <span class='ocrx_word' id='word_1_469' title='bbox 611 2646 762 2683; x_wconf 79' lang='lat' dir='ltr'>clericos,</span> <span class='ocrx_word' id='word_1_470' title='bbox 781 2650 815 2676; x_wconf 89' lang='lat' dir='ltr'>et</span> <span class='ocrx_word' id='word_1_471' title='bbox 840 2646 949 2676; x_wconf 86' lang='lat' dir='ltr'>malas</span> <span class='ocrx_word' id='word_1_472' title='bbox 973 2656 1013 2676; x_wconf 88' lang='lat' dir='ltr'>ac</span> <span class='ocrx_word' id='word_1_473' title='bbox 1030 2645 1181 2685; x_wconf 84' lang='lat' dir='ltr'>injustas</span> <span class='ocrx_word' id='word_1_474' title='bbox 1198 2645 1493 2683; x_wconf 83' lang='lat' dir='ltr'>pertractaciones</span> <span class='ocrx_word' id='word_1_475' title='bbox 1509 2645 1698 2674; x_wconf 87' lang='lat' dir='ltr'>eorundem</span> 
     </span>
     <span class='ocr_line' id='line_1_54' title="bbox 319 2688 1699 2729; baseline -0.001 -11"><span class='ocrx_word' id='word_1_476' title='bbox 319 2690 393 2719; x_wconf 79' lang='lat' dir='ltr'>fieri</span> <span class='ocrx_word' id='word_1_477' title='bbox 424 2690 631 2719; x_wconf 84' lang='lat' dir='ltr'>mandantes</span> <span class='ocrx_word' id='word_1_478' title='bbox 656 2700 716 2720; x_wconf 89' lang='lat' dir='ltr'>seu</span> <span class='ocrx_word' id='word_1_479' title='bbox 739 2692 975 2729; x_wconf 85' lang='lat' dir='ltr'>procurantes,</span> <span class='ocrx_word' id='word_1_480' title='bbox 1000 2692 1061 2719; x_wconf 89' lang='lat' dir='ltr'>aut</span> <span class='ocrx_word' id='word_1_481' title='bbox 1092 2699 1160 2726; x_wconf 85' lang='lat' dir='ltr'>eas,</span> <span class='ocrx_word' id='word_1_482' title='bbox 1192 2688 1332 2718; x_wconf 88' lang='lat' dir='ltr'>nomine</span> <span class='ocrx_word' id='word_1_483' title='bbox 1365 2698 1426 2718; x_wconf 89' lang='lat' dir='ltr'>suo</span> <span class='ocrx_word' id='word_1_484' title='bbox 1456 2688 1580 2723; x_wconf 78' lang='lat' dir='ltr'>factas,</span> <span class='ocrx_word' id='word_1_485' title='bbox 1605 2691 1699 2718; x_wconf 81' lang='lat' dir='ltr'>ratas</span> 
     </span>
     <span class='ocr_line' id='line_1_55' title="bbox 319 2732 1700 2773; baseline -0.001 -10"><span class='ocrx_word' id='word_1_486' title='bbox 319 2733 488 2764; x_wconf 83' lang='lat' dir='ltr'>habentes</span> <span class='ocrx_word' id='word_1_487' title='bbox 518 2734 650 2773; x_wconf 86' lang='lat' dir='ltr'>pariter</span> <span class='ocrx_word' id='word_1_488' title='bbox 681 2737 715 2764; x_wconf 90' lang='lat' dir='ltr'>et</span> <span class='ocrx_word' id='word_1_489' title='bbox 747 2736 917 2773; x_wconf 85' lang='lat' dir='ltr'>acceptas,</span> <span class='ocrx_word' id='word_1_490' title='bbox 949 2733 1096 2772; x_wconf 88' lang='lat' dir='ltr'>pulsatis</span> <span class='ocrx_word' id='word_1_491' title='bbox 1127 2732 1316 2771; x_wconf 85' lang='lat' dir='ltr'>campanis,</span> <span class='ocrx_word' id='word_1_492' title='bbox 1343 2732 1452 2762; x_wconf 88' lang='lat' dir='ltr'>Cruce</span> <span class='ocrx_word' id='word_1_493' title='bbox 1478 2732 1514 2760; x_wconf 90' lang='lat' dir='ltr'>in</span> <span class='ocrx_word' id='word_1_494' title='bbox 1540 2732 1700 2761; x_wconf 85' lang='lat' dir='ltr'>manibus</span> 
     </span>
     <span class='ocr_line' id='line_1_56' title="bbox 319 2776 1699 2816; baseline -0.001 -9"><span class='ocrx_word' id='word_1_495' title='bbox 319 2780 444 2815; x_wconf 85' lang='lat' dir='ltr'>erecta,</span> <span class='ocrx_word' id='word_1_496' title='bbox 462 2778 614 2808; x_wconf 82' lang='lat' dir='ltr'>candelis</span> <span class='ocrx_word' id='word_1_497' title='bbox 631 2778 784 2808; x_wconf 84' lang='lat' dir='ltr'>accensis</span> <span class='ocrx_word' id='word_1_498' title='bbox 798 2787 837 2807; x_wconf 91' lang='lat' dir='ltr'>ac</span> <span class='ocrx_word' id='word_1_499' title='bbox 854 2778 889 2807; x_wconf 90' lang='lat' dir='ltr'>in</span> <span class='ocrx_word' id='word_1_500' title='bbox 906 2780 1037 2807; x_wconf 88' lang='lat' dir='ltr'>terram</span> <span class='ocrx_word' id='word_1_501' title='bbox 1054 2777 1218 2816; x_wconf 81' lang='lat' dir='ltr'>projectis</span> <span class='ocrx_word' id='word_1_502' title='bbox 1235 2778 1270 2806; x_wconf 88' lang='lat' dir='ltr'>et</span> <span class='ocrx_word' id='word_1_503' title='bbox 1287 2776 1462 2812; x_wconf 80' lang='lat' dir='ltr'>extinctis,</span> <span class='ocrx_word' id='word_1_504' title='bbox 1473 2785 1607 2805; x_wconf 88' lang='lat' dir='ltr'>necnon</span> <span class='ocrx_word' id='word_1_505' title='bbox 1622 2786 1699 2806; x_wconf 87' lang='lat' dir='ltr'>cum</span> 
     </span>
     <span class='ocr_line' id='line_1_57' title="bbox 319 2820 1699 2861; baseline -0.001 -11"><span class='ocrx_word' id='word_1_506' title='bbox 319 2821 387 2851; x_wconf 82' lang='lat' dir='ltr'>alia</span> <span class='ocrx_word' id='word_1_507' title='bbox 410 2822 653 2861; x_wconf 86' lang='lat' dir='ltr'>solempnitate</span> <span class='ocrx_word' id='word_1_508' title='bbox 678 2823 714 2851; x_wconf 93' lang='lat' dir='ltr'>in</span> <span class='ocrx_word' id='word_1_509' title='bbox 739 2822 910 2851; x_wconf 88' lang='lat' dir='ltr'>similibus</span> <span class='ocrx_word' id='word_1_510' title='bbox 935 2820 1267 2851; x_wconf 88' lang='lat' dir='ltr'>denunciacionibus</span> <span class='ocrx_word' id='word_1_511' title='bbox 1291 2820 1327 2848; x_wconf 89' lang='lat' dir='ltr'>in</span> <span class='ocrx_word' id='word_1_512' title='bbox 1352 2820 1515 2849; x_wconf 87' lang='lat' dir='ltr'>Partibus</span> <span class='ocrx_word' id='word_1_513' title='bbox 1533 2820 1601 2849; x_wconf 86' lang='lat' dir='ltr'>illis</span> <span class='ocrx_word' id='word_1_514' title='bbox 1625 2820 1699 2849; x_wconf 87' lang='lat' dir='ltr'>fieri</span> 
     </span>
     <span class='ocr_line' id='line_1_58' title="bbox 319 2863 1700 2905; baseline -0.001 -10"><span class='ocrx_word' id='word_1_515' title='bbox 319 2868 494 2904; x_wconf 88' lang='lat' dir='ltr'>consueta,</span> <span class='ocrx_word' id='word_1_516' title='bbox 512 2866 548 2896; x_wconf 92' lang='lat' dir='ltr'>in</span> <span class='ocrx_word' id='word_1_517' title='bbox 566 2866 720 2897; x_wconf 87' lang='lat' dir='ltr'>Ecclesia</span> <span class='ocrx_word' id='word_1_518' title='bbox 745 2865 946 2897; x_wconf 86' lang='lat' dir='ltr'>Cathedrali</span> <span class='ocrx_word' id='word_1_519' title='bbox 971 2867 1006 2896; x_wconf 92' lang='lat' dir='ltr'>et</span> <span class='ocrx_word' id='word_1_520' title='bbox 1031 2865 1184 2905; x_wconf 79' lang='lat' dir='ltr'>Collegio</span> <span class='ocrx_word' id='word_1_521' title='bbox 1208 2864 1337 2894; x_wconf 85' lang='lat' dir='ltr'>nostris</span> <span class='ocrx_word' id='word_1_522' title='bbox 1360 2863 1535 2903; x_wconf 84' lang='lat' dir='ltr'>predictis,</span> <span class='ocrx_word' id='word_1_523' title='bbox 1559 2873 1599 2894; x_wconf 89' lang='grc'>30</span> <span class='ocrx_word' id='word_1_524' title='bbox 1623 2864 1700 2894; x_wconf 87' lang='lat' dir='ltr'>aliis</span> 
     </span>
    </p>
   </div>
   <div class='ocr_carea' id='block_1_3' title="bbox 285 2914 370 2956">
    <p class='ocr_par' dir='ltr' id='par_1_3' title="bbox 285 2914 370 2956">
     <span class='ocr_line' id='line_1_59' title="bbox 285 2914 370 2956; baseline 0 0"><span class='ocrx_word' id='word_1_525' title='bbox 285 2914 370 2956; x_wconf 82' lang='lat' dir='ltr'>2M</span> 
     </span>
    </p>
   </div>
   <div class='ocr_carea' id='block_1_4' title="bbox 0 1987 55 3062">
    <p class='ocr_par' dir='ltr' id='par_1_4' title="bbox 0 1987 55 3062">
     <span class='ocr_line' id='line_1_60' title="bbox 0 1987 55 3062; baseline 0 0"><span class='ocrx_word' id='word_1_526' title='bbox 0 1987 55 3062; x_wconf 95' lang='lat' dir='ltr'> </span> 
     </span>
    </p>
   </div>
  </div>
 </body>
</html>
