1987 3062
339 231 432 274 336

539 242 640 273 THE
666 239 908 272 REGISTER
933 239 992 270 OF
1016 238 1198 270 BISHOP
1222 238 1619 272 BRANTYNGHAM.

338 341 413 367 A.D.
448 343 594 379 Exeter
613 340 822 379 Cathedral
843 354 852 386 3
880 339 1140 376 Denunciczcz'o
1170 339 1651 383 Excommunieacz'onis‚--

337 375 414 400 1374.

341 409 401 434 vOL
419 397 600 434 [Thomas
619 398 692 433 etc,
711 394 949 425 Archidiacono
970 393 1102 431 Exonie,
1120 392 1171 423 vel
1188 392 1261 433 ejus
1286 393 1432 432 Officiali,
1450 393 1601 431 salutem,
1620 394 1866 425 etc.-——N0t01·ia

489 443 522 470 et
538 439 681 469 clamosa
698 438 811 478 populi
827 437 1009 466 insinuacio
1026 439 1059 466 et
1076 436 1154 466 facti
1172 436 1339 466 commissi
1362 437 1543 467 notorietas
1560 448 1618 467 nos
1636 437 1801 467 inducunt
1825 440 1865 467 ut

489 486 603 513 contra
621 481 766 512 notor-ios
787 480 958 519 sacrilegos
982 490 1018 510 ac
1036 479 1213 509 Libertatis
1231 479 1457 510 Ecclesiastice
1474 480 1656 519 violatores,
1674 483 1707 510 et
1725 480 1864 511 Clerico-

488 536 563 556 rum
581 535 787 565 percussores
804 524 944 561 illicitos,
963 533 1046 563 quos
1063 533 1082 553 a
1096 522 1171 563 jure
1190 523 1501 553 Excommunicatos
1523 534 1591 554 esse
1608 524 1678 563 ipso
1695 524 1781 554 facto
1798 533 1864 553 non

486 569 677 607 ambigitur,
710 579 750 598 ex
774 567 879 598 Officii
904 566 1009 596 nostri
1032 566 1155 604 debite,
1179 567 1220 596 ad
1245 566 1431 596 animarum
1456 577 1590 597 suarum
1615 567 1863 604 correccionem,

488 612 625 642 celerius
639 611 862 651 procedamus.
889 608 1090 647 Commissis,
1105 620 1246 649 quoque,
1261 609 1415 648 gravibus
1428 610 1564 649 publicis
1576 613 1609 640 et
1620 610 1757 640 notoriis
1768 610 1862 640 sacri-

488 656 570 694 legio
581 659 615 685 et
627 654 784 684 violencia
794 654 873 684 facti
884 657 1029 683 recenter
1041 653 1074 683 in
1088 653 1230 683 Ecclesia
1241 656 1354 683 nostra
1369 653 1558 683 Cathedrali
1574 654 1706 692 Exonie,
1721 656 1864 693 actuque

487 702 701 739 permanente
731 697 773 727 de
804 696 960 736 presenti,
995 707 1051 736 per
1082 696 1261 735 quemdam
1301 696 1478 726 Ricardum
1519 696 1693 735 Prideaux,
1726 696 1864 727 sathane

486 742 674 777 satellitem,
692 741 759 781 qui,
778 740 839 770 Dei
863 740 981 770 timore
1006 740 1202 779 postposito,
1221 739 1254 769 in
1273 740 1450 778 quemdam
1469 739 1649 770 Dominum
1675 740 1862 770 Johannem

486 786 629 823 Durant,
646 785 819 815 Rectorem
838 783 981 814 Ecclesie
1008 782 1203 813 Parochialis
1219 783 1260 812 de
1275 783 1577 822 Combyntynhide,
1591 783 1813 823 presbiterum
1829 786 1865 813 et

486 830 521 859 in
535 828 738 869 possessione
750 827 993 857 presbiteratus
1004 827 1212 864 existentem,
1224 836 1352 863 manus,
1364 826 1397 856 in
1411 836 1486 856 casu
1499 837 1517 856 a
1529 826 1603 866 jure
1616 837 1680 856 non
1695 826 1863 866 permisso,

486 876 611 903 temere
624 871 739 912 injecit
751 870 922 907 violentas,
935 870 1111 910 ipsumque
1123 869 1198 899 lesit
1211 870 1390 900 enormiter
1399 873 1433 900 et
1445 869 1640 907 vulneravit,
1653 871 1752 907 unde,
1769 880 1862 910 prop-

485 919 537 947 ter
553 925 706 954 magnam
723 917 757 944 et
773 913 971 944 excessivam
988 913 1156 952 sanguinis
1175 913 1377 948 effusionem,
1395 913 1563 944 mediante
1579 913 1774 953 hujusmodi
1798 913 1863 943 vio-

486 959 599 997 lencia,
616 958 731 988 eadem
748 957 892 987 Ecclesia
908 959 1019 986 nostra
1036 956 1162 996 polluta
1179 957 1346 993 extiterat,
1370 966 1446 986 cum
1471 956 1642 987 Cimiterio
1666 956 1829 996 ejusdem,
1846 967 1864 986 a

486 1003 570 1043 jure,
585 1005 619 1032 et
631 1001 808 1031 interdicta
826 1011 833 1037 ;
850 1010 976 1039 nosque
993 1002 1165 1039 propterea
1181 999 1330 1039 predicta
1346 999 1525 1030 Ecclesiam
1539 1002 1572 1029 et
1585 1000 1796 1031 Cimiterium
1813 1011 1863 1030 re-

485 1045 706 1082 conciliantes,
726 1044 893 1084 prefatum
910 1043 1089 1074 Ricardum
1106 1043 1313 1080 nominatim,
1328 1045 1462 1082 propter
1477 1043 1683 1082 sacrilegium
1695 1046 1729 1073 et
1742 1043 1862 1073 violen-

487 1090 568 1120 ciam
582 1088 751 1119 antedicta
767 1090 835 1117 tam
853 1086 1031 1117 crudeliter
1043 1091 1077 1116 et
1089 1086 1216 1116 notorie
1229 1086 1411 1123 commissa,
1426 1096 1552 1116 necnon
1570 1097 1606 1116 ea
1623 1086 1692 1116 fieri
1706 1087 1863 1116 mandan-

486 1136 536 1163 tes
553 1143 589 1162 ac
612 1131 795 1168 consilium,
813 1130 984 1167 auxilium,
1003 1130 1120 1159 dantes
1136 1130 1177 1158 ad
1194 1130 1307 1159 eadem
1324 1132 1359 1158 et
1375 1130 1521 1159 favorem
1540 1140 1547 1167 ;
1572 1129 1707 1169 Majoris
1726 1130 1861 1160 Excom-

486 1175 721 1206 municacionis
739 1173 929 1205 Sentencias
940 1183 959 1203 a
972 1173 1105 1203 Canone
1118 1173 1154 1202 Sa·
1170 1172 1252 1212 quis,
1267 1172 1418 1202 suadente
1430 1172 1566 1211 diabolo,
1583 1173 1659 1203 etin
1675 1173 1746 1203 aliis
1761 1173 1862 1204 Cano-

486 1220 593 1256 nibus,
607 1219 741 1258 provide
752 1217 845 1254 latas,
857 1221 891 1247 et
900 1217 1009 1256 ipsum
1025 1216 1202 1246 Ricardum
1213 1227 1249 1245 ac
1263 1215 1406 1255 prefatos
1419 1216 1592 1256 complices
1605 1227 1681 1246 suos
1692 1217 1865 1247 efficaciter

486 1265 643 1300 artantes,
657 1260 914 1300 dampnabiliter
930 1259 1115 1297 incurrisse,
1134 1262 1167 1289 et
1184 1269 1221 1289 ea
1238 1259 1404 1289 occasione
1417 1260 1743 1290 excommunicatum
1760 1263 1793 1290 et
1810 1270 1863 1290 ex-

485 1306 745 1337 communicatos
772 1304 874 1334 fuisse
890 1308 922 1333 et
941 1313 1021 1341 esse,
1047 1302 1233 1332 convocatis
1257 1303 1297 1332 ad
1322 1302 1382 1332 hec
1398 1303 1527 1333 dilectis
1545 1303 1716 1333 Fratribus
1733 1303 1864 1341 nostris,

487 1350 617 1380 Decano
632 1351 666 1379 et
678 1347 833 1387 Capitulo
847 1347 983 1382 Exonie,
997 1357 1072 1376 cum
1087 1346 1176 1375 omni
1194 1346 1428 1385 solempnitate
1444 1356 1510 1386 qua
1526 1346 1638 1376 decuit
1651 1346 1864 1377 denunciavi-

485 1403 561 1424 mus
577 1395 611 1422 et
627 1391 866 1422 declaravimus
883 1390 917 1420 in
934 1392 1046 1420 nostra
1064 1389 1208 1420 Ecclesia
1224 1392 1415 1420 memorata.
1462 1390 1518 1427 Et,
1534 1399 1575 1420 ne
1592 1390 1679 1419 idem
1705 1390 1865 1420 Ricardus

486 1437 627 1475 Gregem
646 1434 868 1472 Dominicum,
886 1433 979 1463 nobis
996 1433 1220 1471 commissum,
1238 1443 1295 1472 per
1311 1443 1405 1462 suam
1422 1432 1573 1463 illicitam
1597 1433 1864 1463 communionem

484 1479 610 1510 inficiat
626 1489 684 1509 sua
701 1478 784 1515 labe,
804 1477 896 1507 vobis
920 1476 1162 1506 committimus
1185 1479 1221 1506 et
1244 1476 1452 1511 mandamus,
1470 1479 1543 1514 etc„
1568 1476 1728 1516 quatinus
1751 1486 1865 1506 omnes

486 1523 638 1553 subditos
655 1525 781 1552 vestros
797 1521 838 1551 ad
853 1520 997 1560 aliquem
1016 1519 1140 1550 Locum
1165 1522 1273 1549 vestre
1297 1519 1546 1550 durisdiccionis
1570 1520 1742 1559 insignem,
1767 1520 1864 1550 bene-

487 1566 613 1597 ficiatos
627 1568 661 1595 et
676 1565 756 1595 alios
773 1564 982 1602 presbiteros,
1000 1563 1196 1600 convocetis,
1213 1566 1253 1593 ut
1265 1562 1387 1602 singuli
1403 1572 1518 1593 eorum
1535 1563 1727 1602 singillatim
1752 1573 1864 1603 super-

488 1610 624 1650 pellicia,
638 1608 750 1646 stolas,
768 1611 801 1638 et
818 1607 969 1637 candelas
986 1617 1096 1636 secum
1114 1606 1311 1644 deferenteS,
1329 1609 1362 1636 et
1379 1606 1500 1636 ibidem
1527 1607 1725 1646 congregati,
1743 1606 1865 1636 eisdem

488 1652 727 1693 superpelliciis
744 1654 778 1681 et
795 1650 888 1681 stolis
912 1650 1034 1687 induti,
1053 1660 1119 1679 una
1144 1649 1312 1679 vobiscum
1330 1649 1457 1680 dictum
1486 1649 1673 1687 Ricardum,
1698 1659 1775 1680 cum
1799 1650 1867 1680 suis

487 1696 704 1734 complicibus
726 1694 913 1731 antedictis,
937 1704 976 1723 ex
1000 1693 1106 1723 causis
1131 1692 1295 1732 premissis
1319 1692 1425 1723 dictas
1443 1692 1577 1733 Majoris
1595 1693 1867 1723 Excommunica-

488 1740 590 1770 cionis
603 1738 794 1770 Sentencias
806 1737 992 1775 incurrisse,
1004 1740 1038 1766 et
1053 1736 1379 1766 excommunicatum
1395 1747 1432 1766 ac
1448 1737 1751 1767 excommunicatos
1767 1736 1869 1766 fuisse

490 1786 525 1814 et
542 1794 621 1818 esse,
638 1781 778 1822 pulsatis
796 1780 973 1819 campanis,
991 1783 1066 1817 etc.,
1084 1779 1283 1809 auctoritate
1296 1783 1409 1809 nostia
1420 1779 1628 1809 denuncietis
1641 1782 1674 1809 et
1687 1779 1869 1817 declaretis,

489 1837 527 1856 ac
543 1836 599 1866 per
615 1826 748 1855 eosdem
765 1824 918 1854 subditos
936 1826 1062 1853 vestros
1073 1823 1230 1861 singulos,
1247 1823 1280 1852 in
1298 1823 1437 1861 singulis
1450 1823 1518 1852 suis
1532 1823 1684 1853 Ecclesiis
1697 1823 1869 1862 singulari-

489 1870 561 1907 bus,
579 1869 742 1899 similibus
760 1868 857 1897 modo
874 1872 909 1897 et
925 1866 1159 1906 solempnitate
1180 1866 1372 1895 denunciari
1392 1869 1426 1896 et
1449 1866 1607 1896 declarari
1630 1865 1780 1904 faciatis,
1795 1866 1870 1896 Die—

491 1913 553 1943 bus
572 1911 754 1942 Dominicis
778 1914 813 1941 et
837 1910 988 1947 Festivis‚
1013 1919 1089 1940 cum
1114 1908 1221 1948 major
1237 1919 1370 1948 presens
1386 1909 1489 1939 fuerit
1506 1909 1619 1948 populi
1636 1909 1820 1939 multitudo
1836 1909 1870 1939 in

490 1956 624 1993 eisdem,
659 1963 834 1994 quousque
860 1954 948 1983 idem
978 1952 1139 1983 Ricardus
1172 1952 1368 1982 beneficium
1396 1952 1626 1982 Absolucionis
1653 1953 1685 1982 in
1714 1963 1751 1982 ea
1779 1955 1872 1992 parte

489 1998 683 2036 obtinuerit,
698 2001 737 2028 ut
748 2000 799 2027 est
810 1996 905 2037 juris,
919 1996 1137 2027 etc.-Dated
1152 1998 1187 2025 at
1201 1995 1371 2032 Crediton,
1385 1996 1425 2026 28
1437 1995 1676 2035 July.-—Item,
1691 1995 1873 2026 consimilia

489 2043 649 2073 Mandata
666 2043 865 2071 emanarunt
882 2039 1131 2070 Archidiaconis
1154 2039 1321 2077 Tottonie,
1344 2039 1606 2078 Barnastapolie,
1632 2042 1667 2070 et
1692 2039 1869 2076 Cornubie,

489 2096 546 2116 seu
565 2084 767 2116 Officialibus
784 2084 976 2113 eorundem.

446 2156 570 2193 Court
585 2156 624 2192 of
644 2155 893 2203 Cauterbury
912 2167 921 2200 3
942 2152 1130 2190 Dz'mzfssio
1150 2152 1312 2189 Domini
1327 2152 1368 2188 in
1388 2151 1513 2190 Curia
1531 2152 1873 2198 sztuariensi‚—

339 2555 390 2581 fol.
406 2557 446 2581 51.

448 2211 546 2249 Item,
573 2208 695 2248 xxviijo
725 2208 778 2238 die
806 2208 931 2238 mensis
954 2207 1117 2247 ejusdem,
1141 2206 1282 2246 receptis
1306 2206 1426 2237 Literis
1450 2206 1585 2236 Domini
1611 2207 1766 2237 Officialis
1790 2207 1872 2236 (lan-

490 2253 666 2284 tuariensis
691 2250 800 2289 Curie,
825 2251 857 2281 in
884 2251 943 2281 hec
968 2249 1324 2288 ve1·ba‚—Reverendo,
1353 2252 1429 2287 etc„
1458 2249 1594 2286 Thome,
1621 2253 1693 2287 etc„
1718 2249 1873 2280 Officialis

492 2297 591 2328 Curie
610 2295 870 2332 Cantuariensis,
889 2293 1033 2324 Ecclesie
1051 2293 1299 2323 Cantuariensis
1323 2293 1408 2324 Sede
1425 2296 1572 2330 vacante,
1589 2292 1742 2330 salutem,
1766 2295 1873 2323 etc.—

490 2340 575 2372 Cum
609 2350 677 2376 nos,
709 2339 742 2368 in
776 2338 892 2369 Causis
923 2336 1166 2377 Appellacionis
1190 2336 1323 2374 directe,
1348 2346 1413 2375 que
1436 2336 1603 2366 occasione
1626 2335 1871 2366 fulminacionis

491 2383 628 2423 Majoris
664 2380 1026 2412 Excommunicacionis
1058 2379 1232 2410 Sentencie
1263 2389 1300 2409 ac
1330 2379 1595 2409 denunciacionis
1633 2379 1793 2419 ejusdem,
1833 2382 1872 2409 ut

491 2426 740 2466 suggerebatur,
773 2424 942 2464 injuriose,
980 2423 1188 2463 aliorumque
1226 2423 1458 2462 gravaminum
1497 2423 1530 2453 in
1572 2423 1631 2452 hac
1663 2425 1757 2462 parte
1795 2432 1870 2461 sug-

490 2473 670 2510 gestorum,
702 2469 736 2498 in
775 2468 865 2497 dicta
904 2467 1004 2496 Curia
1041 2466 1126 2496 verti
1164 2465 1362 2505 sperabatur
1398 2465 1487 2495 inter
1525 2465 1721 2495 Milsandam
1755 2465 1867 2503 Erthe,

491 2513 674 2550 mulierem,
706 2514 814 2542 vestre
842 2510 996 2548 Diocesis,
1030 2510 1165 2539 Partem
1186 2508 1419 2548 appellantem,
1448 2518 1488 2539 ex
1520 2512 1613 2548 parte
1637 2519 1711 2547 una,
1740 2512 1775 2539 et
1802 2518 1868 2546 vos,

492 2555 725 2587 Reverendum
757 2555 890 2584 Patrem
922 2552 1141 2590 antedictum,
1172 2552 1304 2581 Partem
1331 2552 1543 2592 appellatam,
1575 2562 1615 2582 ex
1646 2552 1759 2590 altera,
1791 2551 1866 2591 legi-

490 2600 573 2629 time
597 2598 822 2638 procedentes,
846 2597 970 2626 dictam
996 2596 1129 2625 Partem
1151 2595 1383 2634 appellantem,
1408 2606 1446 2624 eo
1469 2595 1558 2634 quod
1583 2594 1725 2626 Causam
1748 2593 1866 2634 Appel-

491 2643 625 2673 lacionis
653 2651 721 2679 sue,
748 2640 876 2680 prefate
907 2639 1006 2670 Curie
1036 2638 1069 2669 in
1102 2638 1162 2668 hac
1190 2641 1282 2677 parte
1309 2641 1470 2677 suggeste,
1497 2641 1597 2677 prout
1619 2638 1736 2668 debuit
1759 2647 1866 2677 prose-

491 2686 549 2726 qui
566 2695 632 2715 non
649 2684 788 2721 curavit,
807 2683 849 2713 ad
866 2692 1003 2713 examen
1020 2683 1181 2718 vestrum,
1195 2681 1228 2711 in
1245 2681 1397 2721 expensis
1410 2681 1566 2720 legitimis
1579 2681 1865 2721 condempnatam‚

490 2728 662 2759 taxacione
693 2726 871 2757 earundem
904 2725 1008 2763 nobis,
1040 2727 1100 2754 aut
1129 2724 1185 2754 alii
1212 2725 1300 2754 dicte
1331 2724 1431 2755 Curie
1463 2724 1657 2762 Presidenti,
1688 2725 1864 2760 reservata,

491 2771 716 2802 remiserimus
735 2780 793 2809 per
809 2769 999 2806 Decretum,
1016 2767 1148 2807 justicia
1159 2768 1320 2798 suadente
1335 2778 1341 2804 ;
1360 2767 1559 2798 Paternitati
1571 2771 1679 2797 vestre
1691 2765 1867 2797 reverende

493 2818 607 2844 tenore
638 2812 849 2843 Presencium
881 2812 1075 2842 intimamus
1107 2810 1206 2850 quod,
1232 2810 1436 2840 Inhibicione
1467 2820 1678 2851 quacumque
1704 2810 1766 2839 sub
1790 2810 1867 2838 data

1974 1263 1987 1643 :errufflQn—Affl-
1985 1244 1987 1252 ⁴
