1987 3062
290 215 382 259 406

288 327 313 351 Α
330 327 364 353 D.

289 361 364 386 1379.

292 394 353 419 Vol.
372 394 395 420 Ῑ.

286 756 334 781 sol.
351 756 391 783 75.

492 228 592 260 THE
630 229 868 262 REGISTER
906 230 964 262 OF
1000 231 1178 264 BISHOP
1214 232 1615 266 BRANTYNGHAM.

434 328 547 359 munis
571 328 614 359 ad
638 339 700 360 nos
726 328 864 370 querela
888 329 1062 371 perduxit,
1090 334 1124 362 et
1148 331 1314 372 magistra
1340 342 1454 363 rerum
1479 331 1693 372 experiencia
1716 331 1821 361 mani-

434 370 550 409 festat,
572 372 663 412 quod
681 373 834 404 moderni
855 374 1016 414 temporis
1035 374 1227 405 sacerdotes
1245 379 1441 406 nostrarum
1460 375 1632 413 Civitatis,
1656 374 1820 410 Diocesis‚

435 423 473 444 ac
495 414 675 461 Provincie
696 415 964 457 Cantuariensis,
987 417 1070 448 adeo
1093 417 1294 458 cupiditatis
1314 419 1403 449 vicia
1424 418 1615 449 infecerunt
1638 417 1739 458 quod,
1765 417 1822 447 sti-

437 457 570 496 pendus
590 458 857 491 racionabilibus
878 470 945 491 non
966 461 1128 499 contenti,
1152 471 1214 501 pro
1233 460 1350 492 labore
1371 461 1494 492 salaria
1514 460 1698 491 vendicant
1720 465 1753 490 et
1774 469 1822 490 re-

434 500 566 547 cipiunt
588 500 774 542 plurimum
797 503 990 541 excessiva3
1023 504 1289 545 Sacerdotesque
1312 504 1469 544 predicti,
1496 504 1543 534 sic
1568 503 1683 543 cupidi
1707 507 1741 534 et
1765 503 1818 534 de-

432 542 538 583 licati,
570 544 702 575 salariis
732 546 914 577 excessivis
942 546 1139 586 hujusmodi
1169 547 1340 586 sarcinati,
1372 551 1536 578 evomunt
1563 546 1732 583 indomiti,
1764 546 1816 577 de-

433 585 550 626 lirant,
572 592 606 618 et
626 587 798 629 deficiunt,
822 599 860 619 ae
881 599 997 621 eorum
1017 589 1182 628 nonnulli,
1203 594 1282 630 post
1302 590 1432 621 ventris
1451 589 1640 630 ingluviem
1661 593 1694 620 et
1715 588 1828 620 varias

435 630 545 660 carnis
560 629 746 669 illecebras,
764 636 926 672 spumant
942 633 977 663 in
990 631 1178 667 libidinem,
1197 638 1231 666 et
1244 633 1384 664 tandem
1400 634 1433 664 in
1449 631 1615 664 malorum
1630 632 1827 672 voraginem

434 671 592 704 funditus
620 673 877 714 demerguntur,
908 676 943 706 in
971 676 1123 707 virorum
1152 677 1472 708 Ecclesiasticorum
1501 675 1701 708 detestabile
1732 685 1824 705 scau<

432 714 548 747 dalum
562 720 596 748 et
611 717 803 761 exemplum
818 719 1046 759 perniciosum
1060 719 1235 750 laicorum.
1265 720 1320 752 Et.
1339 730 1546 760 quamquam
1561 719 1647 750 bone
1662 718 1822 750 memorie

436 758 603 790 Dominus
627 761 742 791 Simon
768 761 808 793 de
834 762 953 802 Islepe,
982 762 1110 793 dudum
1136 762 1391 794 Cantuariensis
1416 762 1715 803 Archiepiscopus,
1743 761 1821 792 Pre-

432 801 586 834 decessor
602 806 729 843 noster,
748 803 829 835 dum
847 805 881 835 in
898 804 1057 836 humanis
1075 804 1210 845 agebat,
1231 806 1271 837 de
1290 806 1452 837 Fratrum
1470 816 1608 836 suorum
1626 806 1766 837 consilio
1785 809 1819 836 et

434 855 585 887 assensn,
604 847 728 878 statuit
745 851 779 879 et
795 847 969 880 ordinavit
985 848 1076 890 quod
1094 848 1270 890 Capellani
1287 848 1411 880 Analia
1428 847 1647 887 celebrantes,
1668 851 1702 879 et
1720 848 1823 879 ceteri

431 889 623 920 animarum
646 900 725 921 cure
748 890 974 931 intendentes,
1001 892 1153 932 quinque
1176 892 1321 929 marcis3
1353 891 1526 930 Ecclesiis,
1553 902 1645 927 vero,
1673 901 1730 921 seu
1758 890 1818 921 Ca-

432 931 529 972 pellis
546 931 816 971 Parochialibus,
836 937 869 965 et
885 945 963 966 cure
981 934 1106 966 eisdem
1122 935 1313 966 imminenti
1331 935 1517 966 officiantes
1535 944 1592 965 sex
1609 934 1743 971 marcis,
1763 943 1824 973 pro

434 975 504 1006 suis
525 975 705 1016 stipendiis
726 977 848 1008 annuis
870 976 1033 1009 deberent
1054 978 1268 1015 contentari;
1297 978 1331 1009 in
1355 977 1554 1009 Sacerdotes
1575 987 1643 1008 non
1664 981 1823 1017 parentes

434 1018 573 1049 statuto
601 1018 799 1059 hujusmodi
826 1030 947 1060 penam
977 1021 1215 1062 Suspensionis
1242 1020 1285 1052 ab
1314 1021 1445 1059 Officio,
1478 1021 1551 1061 ipso
1580 1021 1683 1052 facto.
1716 1021 1820 1060 impo-

432 1061 563 1099 nendo;
593 1072 665 1102 nos,
689 1065 815 1102 tamen,
840 1064 1005 1104 temporis
1028 1063 1195 1104 qualitate
1218 1068 1364 1102 attenta,
1391 1064 1430 1095 de
1454 1065 1614 1095 Fratrum
1638 1067 1672 1094 ct
1695 1064 1820 1094 Suffra

431 1113 617 1144 ganeorum
638 1108 845 1146 nostrorum,
868 1107 963 1147 xvjto
986 1106 1039 1138 die
1060 1106 1278 1146 Novembris,
1302 1107 1392 1139 A.D.
1418 1108 1484 1139 ΜΟ.
1510 1105 1643 1139 CCUfflO
1665 1107 1818 1146 lxxviijo,

433 1148 469 1178 in
490 1147 639 1189 quadam
661 1158 795 1180 camera
817 1149 908 1180 infra
931 1153 1029 1190 septa
1052 1149 1254 1182 Monasterii
1277 1149 1522 1192 Apostolorum
1546 1150 1641 1181 Petri
1665 1154 1699 1182 et
1722 1150 1821 1182 Pauli

429 1189 653 1230 Gloueestrie,
668 1191 929 1232 Wygorniensis
942 1192 1107 1231 Diocesis,
1126 1197 1269 1234 propter
1284 1193 1347 1224 hoc
1366 1192 1504 1224 insimul
1522 1196 1815 1233 congregatorum,

429 1233 568 1265 consilio
583 1238 617 1265 et
631 1244 781 1271 assensuy
799 1245 902 1276 super
916 1235 1048 1267 salariis
1064 1236 1287 1268 Sacerdotum
1304 1235 1555 1267 Parochialium
1572 1241 1605 1268 et
1620 1236 1816 1274 Annalium,

429 1277 464 1308 in
487 1277 588 1309 dictis
610 1279 736 1309 nostris
759 1278 920 1320 Civitate,
946 1279 1094 1317 Diocesi,
1119 1283 1152 1311 et
1175 1279 1358 1310 Provincia
1379 1279 1617 1311 Cantuariensi
1641 1280 1681 1311 de
1705 1283 1816 1311 cetero

430 1320 670 1361 percipiendis,
691 1321 924 1354 ordinavimus
937 1325 971 1353 et
984 1323 1178 1357 statuimus,
1198 1320 1261 1352 sub
1274 1322 1384 1353 forma
1402 1322 1544 1353 inferius
1557 1321 1822 1359 annotata,—IN

433 1365 505 1395 DEI
524 1364 690 1403 NOMINE,
711 1364 968 1403 AMEN.—Nos,
991 1365 1118 1405 Simon,
1140 1369 1219 1403 etc,
1241 1365 1283 1397 de
1302 1364 1441 1396 consilio
1460 1365 1623 1397 Fratrum
1642 1370 1676 1397 et
1696 1365 1821 1397 Suffra-

431 1417 616 1447 ganeorum
638 1412 832 1439 nostrorum
855 1409 1039 1439 statuimus
1062 1412 1100 1439 ut
1122 1409 1327 1449 quicumque
1350 1409 1383 1439 in
1407 1409 1533 1439 nostris
1555 1408 1716 1443 Civitate,
1742 1408 1819 1438 Dio—

433 1450 511 1488 cesi,
540 1460 599 1481 seu
624 1449 807 1482 Provincia
834 1450 1085 1489 Caum-ariensi,
1114 1461 1175 1491 pro
1203 1450 1381 1482 animabus
1409 1451 1649 1482 defunctorum
1674 1450 1823 1482 Annulia

431 1492 646 1534 celebraturi,
667 1498 799 1535 septem
813 1495 937 1526 marcis
953 1498 1014 1526 aut
1030 1494 1166 1526 cibariis
1183 1498 1217 1526 et
1232 1493 1344 1526 tribus
1360 1494 1483 1524 marcis
1497 1505 1504 1529 ;
1528 1493 1597 1531 alii,
1617 1497 1743 1533 autem,
1763 1494 1820 1534 qui

432 1547 511 1568 cure
536 1537 726 1568 animarum
750 1537 943 1569 deservient
968 1541 1044 1569 octo
1069 1538 1193 1569 marcis
1218 1541 1278 1569 aut
1303 1536 1440 1569 cibariis
1466 1542 1500 1569 et
1525 1542 1673 1578 quatuor
1697 1537 1820 1568 marcis

431 1579 682 1621 sterlingorum,
704 1581 892 1619 annuatim,
913 1584 1175 1615 contententur;
1200 1580 1394 1612 nullatenus
1412 1591 1453 1612 ex
1470 1584 1572 1621 pacto
1590 1579 1682 1611 ultra
1697 1579 1731 1611 id
1748 1590 1821 1620 per-

431 1624 563 1664 cepturi
579 1624 644 1655 nisi
661 1623 762 1655 aliter
777 1624 859 1655 Loci
876 1624 1058 1655 Diocesani
1075 1634 1152 1655 cum
1168 1623 1234 1655 hiis
1252 1624 1310 1664 qui
1328 1633 1405 1655 cure
1422 1624 1612 1654 animarum
1630 1623 1821 1654 deservient

430 1667 590 1706 primitus
616 1666 829 1698 decreverint
854 1667 925 1698 fore
950 1667 1156 1697 faciendum.
1205 1667 1240 1698 Si
1265 1667 1351 1707 quis,
1382 1670 1506 1701 autem,
1535 1665 1677 1697 clericus
1702 1670 1820 1696 contra

429 1709 516 1740 hanc
540 1713 692 1740 nostram
719 1709 1023 1744 Constitueionenl,
1053 1710 1163 1741 dando
1190 1720 1247 1741 scu
1272 1709 1477 1750 recipiendO,
1505 1709 1620 1740 venire
1646 1718 1819 1749 presump-

430 1753 523 1789 serit,
548 1752 922 1784 Excommunicacionis
946 1753 1160 1784 sentenciam
1185 1753 1347 1787 incurrat,
1374 1752 1447 1792 ipso
1469 1752 1581 1785 facto:
1613 1763 1632 1782 a
1653 1762 1730 1792 qua,
1757 1752 1818 1782 nisi

428 1806 490 1836 per
506 1796 734 1827 Diocesanum
751 1795 834 1826 Loci
850 1795 886 1826 in
902 1805 970 1836 quo
986 1795 1178 1836 deliquerit,
1199 1806 1266 1826 non
1284 1797 1412 1836 poterit
1429 1794 1559 1826 absolvi
1575 1807 1581 1833 ;
1608 1795 1816 1827 Sentencias.

430 1849 522 1879 vero,
545 1839 581 1870 in
602 1839 693 1870 dicto
717 1838 855 1870 Statuto
877 1842 994 1870 nostro
1016 1841 1206 1877 contentas,
1230 1843 1309 1879 post
1330 1837 1600 1879 publicacionem
1624 1838 1820 1878 hujusmodi

429 1882 530 1921 juxta
547 1881 722 1912 Canonum
741 1881 961 1919 exigendam,
983 1881 1267 1912 contrafacientes
1286 1881 1411 1912 eisdem
1428 1881 1527 1921 ligari
1546 1880 1702 1912 volumus
1721 1885 1754 1911 et
1775 1881 1819 1910 in<

429 1924 531 1955 volvi.
570 1924 807 1957 Fraternitati,
826 1924 942 1964 igitur.
961 1927 1073 1955 vestre
1090 1924 1335 1954 committimus
1352 1924 1514 1964 quatinus
1530 1923 1693 1963 premissa
1710 1924 1823 1954 omnia

432 1971 466 1999 et
484 1967 619 2008 singula
634 1967 669 1998 in
686 1966 836 1999 Civitate
854 1970 888 1998 et
905 1967 1041 1998 Diocesi
1058 1967 1183 1998 vestris
1201 1966 1356 1998 celeriter
1372 1966 1555 2007 publicetis
1574 1970 1607 2000 et
1626 1967 1819 1998 execucioni

429 2010 542 2043 debite
571 2010 805 2048 demandetis;
840 2010 982 2051 ipsaque
1009 2009 1166 2042 omnibus
1194 2014 1228 2041 et
1257 2009 1400 2050 singulis
1429 2010 1661 2050 Suffraganeis
1690 2010 1815 2040 nostris

431 2058 465 2085 et
486 2053 737 2091 Confratribus,
762 2054 794 2084 in
819 2054 887 2085 suis
910 2052 1118 2085 Civitatibus
1140 2058 1173 2084 et
1197 2053 1397 2084 Diocesibus
1419 2052 1625 2093 publicanda
1646 2057 1679 2084 et
1702 2063 1818 2083 execu-

433 2097 521 2128 cioni
540 2095 654 2128 debite
673 2096 920 2134 demandanda,
942 2097 1145 2137 quantocius
1164 2096 1420 2128 transmittatis.
1450 2096 1502 2127 De
1522 2095 1586 2131 die,
1601 2106 1693 2130 vern,
1707 2105 1819 2135 recep-

430 2140 536 2171 cionis
554 2139 774 2171 Presencium
793 2140 1072 2180 execucionisque
1091 2142 1215 2175 vestre.
1238 2150 1276 2170 ac
1295 2139 1395 2171 modo
1415 2143 1449 2171 et
1468 2139 1579 2171 forma,
1598 2139 1761 2179 ejusdem,
1783 2143 1817 2170 et

429 2183 512 2224 quid
533 2183 682 2215 feceritis
704 2183 738 2214 in
759 2183 944 2224 premissiS,
969 2193 1042 2221 nos,
1067 2182 1154 2213 citra
1176 2182 1318 2213 Festum
1340 2181 1477 2213 Natalis
1502 2182 1640 2213 Domini
1662 2183 1816 2223 proximo

431 2237 521 2258 nunc
553 2226 721 2266 futurum,
756 2225 951 2257 certificetis
983 2236 1045 2267 per
1076 2225 1211 2257 Literas
1244 2229 1388 2256 vestras.
1436 2224 1661 2265 Injungentes
1694 2226 1819 2257 eisdem

435 2269 667 2309 Suffraganeis
686 2270 813 2300 nostris
833 2272 872 2300 ut
890 2279 1006 2300 eomlm
1027 2267 1173 2309 quilibet
1191 2268 1233 2299 de
1252 2268 1344 2299 facto
1365 2279 1424 2299 suo
1446 2269 1479 2299 in
1499 2268 1562 2300 hac
1582 2272 1680 2309 parte
1701 2267 1818 2299 habito

431 2323 503 2349 nos,
525 2313 612 2343 citra
630 2313 771 2343 Festum
789 2311 992 2352 predictum,
1016 2311 1179 2342 certificet
1198 2321 1259 2351 per
1277 2311 1410 2341 Literas
1428 2322 1505 2342 suas
1525 2315 1680 2352 patentes
1700 2310 1820 2341 harum

433 2356 553 2387 seriem
580 2354 983 2386 continentes—Datum
1011 2353 1103 2394 apud
1130 2353 1331 2393 Lamhethe,
1360 2363 1428 2394 quo
1456 2353 1499 2385 ad
1527 2354 1819 2394 consignacionem

432 2398 663 2435 Presencium,
689 2398 761 2437 vjfo
787 2397 841 2429 die
866 2396 1087 2438 Septembris,
1115 2397 1205 2429 A.D.
1236 2397 1302 2429 Mo.
1333 2396 1467 2429 CCCmo
1492 2396 1617 2436 lxxix0‚
1646 2401 1680 2428 et
1706 2400 1819 2427 nostre

430 2440 682 2472 Transla-cionis
700 2451 788 2470 anno
806 2439 1138 2481 quintu—Quarum
1157 2440 1363 2471 auctoritate
1382 2440 1576 2471 Literarum
1593 2438 1691 2470 vobis
1709 2440 1819 2479 injun<

432 2484 544 2525 gimus
561 2487 595 2515 et
610 2482 811 2516 mandamus
828 2483 990 2524 quatinus
1006 2482 1173 2523 premissa
1189 2482 1302 2514 omnia
1319 2486 1352 2514 et
1370 2481 1513 2522 singula,
1534 2483 1635 2521 juxta
1651 2482 1819 2514 dictarum

432 2527 642 2568 exigenciam
662 2526 869 2566 Literarum,
892 2526 1087 2557 execucioni
1109 2523 1222 2557 debite
1245 2525 1467 2557 demandetis.
1516 2526 1561 2557 Et
1583 2526 1665 2565 quid
1687 2526 1721 2556 in
1744 2536 1815 2566 pre-

432 2571 545 2602 missis
566 2569 716 2601 feceritis
737 2569 868 2600 dictum
888 2568 1125 2600 Reverendum
1148 2568 1297 2603 Patrem.
1323 2569 1409 2600 citra
1432 2569 1572 2600 Festum
1595 2568 1731 2600 Natalis
1753 2569 1818 2600 Do-

432 2614 513 2645 mini
538 2613 784 2653 supradictum‚
811 2611 899 2642 clare
922 2615 957 2642 et
979 2611 1139 2643 distincte
1162 2611 1354 2642 certificetis
1377 2611 1503 2643 Literis
1525 2613 1648 2643 vestris
1672 2612 1816 2651 patenti-

431 2656 507 2693 buS,
530 2654 736 2688 habentibus
756 2654 847 2686 hunc
867 2658 1029 2686 tenorem.
1079 2653 1210 2684 Datum
1229 2653 1265 2684 in
1284 2652 1438 2685 Manerio
1460 2658 1575 2686 nostro
1597 2655 1637 2686 de
1658 2655 1813 2687 Fulham.

434 2700 541 2740 xviija
568 2699 622 2730 die
647 2699 773 2730 mensis
799 2701 834 2729 et
858 2697 951 2728 Anni
977 2696 1221 2738 predictorum,
1250 2700 1284 2728 et
1311 2700 1428 2728 nostre
1455 2697 1705 2730 Translacionis
1733 2708 1819 2729 anno

433 2741 757 2785 quarm—Verum,
777 2741 859 2782 quia
874 2739 989 2772 arduis
1005 2740 1110 2781 Regis
1127 2743 1161 2771 et
1177 2739 1286 2781 Regni
1305 2740 1454 2781 negociis
1471 2740 1710 2782 multipliciter
1725 2750 1818 2772 occu-

434 2787 507 2828 pati
532 2786 711 2817 existimus
735 2785 771 2816 in
796 2783 958 2825 presenti,
987 2783 1168 2824 quominus
1193 2782 1406 2824 expedicioni
1431 2783 1601 2815 dictarum
1626 2783 1819 2815 Literarum
