1987 3062
218 230 313 273 252
417 240 520 272 THE
557 240 798 274 REGISTER
830 241 892 273 oF
924 240 1103 274 BisHor
1135 241 1537 276 BRANTYNGHAM.

215 344 248 370 Α
254 345 291 370 D·
366 345 472 383 dictis,
490 345 627 386 apposui
643 345 834 386 requisitus,
850 346 884 376 in
896 345 1128 377 testimonium
1151 346 1300 377 veritatis
1324 347 1473 378 omnium
1495 346 1741 387 premissorum.

215 380 318 438 {730711'1
365 389 507 419 —Istud
532 389 727 420 Mandatum
752 389 819 420 fuit
842 392 1011 429 receptum
1037 400 1094 429 per
1118 390 1300 420 Dominum
1326 391 1525 431 Episcopum
1542 390 1630 430 apud
1655 389 1740 419 Lon-

366 432 490 471 donias,
507 433 594 473 xvijo
610 433 663 463 die
680 433 801 463 mensis
819 433 981 471 Octobris,
999 433 1095 463 Anno
1114 433 1249 464 Domini
1266 434 1455 473 supradicto
1471 445 1479 471 ;
1505 437 1539 464 et
1561 433 1739 464 demanda-

366 478 440 506 tum
457 476 524 506 fuit
540 476 737 514 execucioni,
756 477 796 507 de
820 477 977 506 Msndato
1000 476 1104 516 ipsius
1128 476 1263 507 Domini
1287 477 1450 517 Episcopi,
1468 487 1526 517 per
1543 476 1739 516 Magistrum

366 519 571 550 &Villelmum
589 520 816 558 Todeworthe,
835 520 1063 550 Presidentem
1083 520 1289 558 Consistorii,
1307 521 1370 551 sub
1386 521 1446 551 hac
1469 519 1738 558 forma‚—Presi-

365 562 447 593 dens
464 563 656 594 Consistorii
676 563 878 603 Episcopalis
897 563 1031 601 Exonie,
1049 574 1084 593 ac
1101 563 1305 594 Venerabilis
1322 564 1440 602 Patris,
1453 563 1587 594 Domini
1603 563 1739 600 Thome,

365 610 436 645 etc.,
463 606 716 636 Commissarius
738 606 771 636 in
799 606 915 637 Causis
938 610 972 637 et
995 607 1255 637 correccionibus
1287 607 1491 646 generaliter,
1516 610 1551 637 et
1573 607 1615 636 ad
1639 606 1738 636 infra-

364 651 487 689 scripta
511 650 703 690 specialiter,
729 650 923 690 deputatus,
949 661 985 680 ac
1011 650 1164 680 Officialis
1188 651 1239 681 sui
1264 650 1457 689 Principalis
1482 651 1591 681 locum
1611 653 1738 687 tenens,

364 693 514 723 discretis
532 694 619 731 viris,
639 693 887 724 Archidiaconis
905 693 1041 732 Exonie,
1060 694 1236 731 cornubie,
1254 694 1419 731 Tottonie,
1437 697 1471 724 et
1486 693 1740 732 Barnastapolie,

363 736 396 766 in
437 737 581 767 Ecclesia
616 737 802 775 Exoniensi,
839 747 1020 777 eorumque
1060 737 1271 776 Officialibus,
1310 737 1463 776 salutem,
1503 737 1740 768 etc.—-Literas

362 780 566 810 executorias
584 781 853 811 Reverendorum
871 781 1019 818 Petrum,
1039 781 1256 811 Domitiorum
1276 781 1429 818 Simonis,
1454 784 1525 818 etc„
1551 784 1739 819 transump-

364 826 438 854 tum
466 825 675 864 quarundam
703 824 843 854 aliarum
873 824 1136 864 Apostolicarum
1166 825 1375 854 continentes
1404 824 1601 863 Literarum,
1631 823 1737 853 eidem

364 867 508 897 Domino
541 868 701 907 Episcopo
728 870 762 898 et
794 867 889 897 nobis
917 867 1068 905 directas,
1101 878 1137 898 ac
1167 868 1209 898 ab
1236 879 1273 898 eo
1304 868 1396 908 prius
1429 871 1586 907 receptas,
1620 870 1655 896 et
1681 876 1739 906 per

364 921 440 940 eum
466 911 560 940 nobis
584 910 699 941 missas
723 911 944 950 exequendas,
968 909 1094 950 xxiiijto
1118 911 1171 941 die
1194 911 1350 941 instantis
1374 911 1497 942 mensis
1522 910 1673 942 Octobris
1690 920 1737 940 re—

363 954 520 994 cepimus,
545 953 685 984 formam
710 965 774 994 que
799 955 951 994 sequitur
975 955 1453 993 continentes,—Miseracione
1476 954 1596 985 Divina
1613 953 1737 991 Simon,

364 1002 437 1035 etc„
467 1001 505 1028 ut
532 997 896 1037 s11p1·a.-—Inju11‹:tam,
925 998 1037 1037 igitur,
1069 998 1175 1028 eidem
1202 997 1344 1028 Domino
1368 998 1540 1037 Episcopo,
1568 1000 1603 1028 et
1633 997 1737 1034 nobis,

364 1041 622 1071 sollicitudinem
647 1041 842 1081 hujusmodi
866 1042 1038 1080 cupientes
1062 1041 1235 1071 efficaciter
1261 1041 1434 1080 adimpleri
1456 1041 1497 1071 ad
1529 1040 1737 1080 exigendum,

359 1084 548 1122 levandum,
567 1087 600 1114 et
623 1085 860 1123 recipiendum,
878 1095 936 1124 pro
960 1085 1249 1124 procuracionibus
1273 1085 1371 1124 primi
1391 1084 1551 1124 presentis
1568 1084 1646 1114 anni
1667 1094 1736 1123 pre-

362 1128 441 1158 fatis
472 1127 725 1158 Venerabilibus
760 1128 924 1165 Patribus,
962 1128 1113 1158 Dominis
1151 1128 1383 1159 Cardinalibus
1413 1128 1584 1165 ambobus,
1608 1127 1665 1165 sic,
1699 1130 1740 1157 ut

363 1182 400 1211 pi
403 1171 580 1209 emittitur
599 1171 729 1209 debitis,
747 1171 830 1201 duas
847 1175 956 1211 partes
980 1171 1251 1211 procuiacionum
1277 1182 1358 1212 quas
1382 1182 1469 1202 unus
1492 1171 1533 1201 de
1558 1170 1738 1202 Cardinali-

364 1215 424 1245 bus
442 1215 561 1245 Sancte
578 1215 725 1245 Romane
747 1215 900 1253 Ecclesie,
920 1215 1106 1254 Apostolice
1129 1215 1223 1246 Sedis
1248 1215 1391 1255 Legatus
1414 1215 1448 1245 in
1473 1216 1585 1254 Regno
1609 1214 1736 1254 Anglie,

363 1269 421 1298 pro
452 1259 519 1288 suis
552 1258 841 1297 procuracionibus
875 1258 1017 1298 lecipere
1048 1258 1232 1295 consuevit,
1267 1269 1332 1298 que
1369 1259 1410 1288 ad
1449 1258 1607 1298 majorem
1647 1268 1735 1288 sum-

360 1312 448 1332 mam
466 1302 640 1332 ascendere
663 1302 893 1339 dinoscuntur,
911 1302 952 1331 ab
969 1301 1122 1332 omnibus
1139 1305 1173 1332 et
1189 1302 1327 1340 singulis
1345 1302 1427 1332 Abb·
1423 1302 1542 1340 itibus,
1560 1305 1632 1340 etc.,
1657 1311 1735 1341 qua-

361 1349 469 1383 tenus,
486 1345 649 1383 videlicet,
666 1345 813 1385 ipsorum
830 1326 916 1375 boiia
932 1348 966 1375 et
983 1345 1145 1375 Beneficia
1170 1345 1396 1376 Ecclesiastica
1419 1345 1505 1375 infra
1528 1345 1650 1375 limites
1668 1355 1736 1375 ves-

361 1392 490 1419 trorum
516 1389 853 1419 Archidiacouatuum
877 1391 958 1419 sunt
987 1389 1139 1423 inclusa3
1165 1399 1302 1427 necnon,
1327 1389 1367 1419 ad
1399 1388 1679 1419 contribuendum
1703 1388 1736 1418 in

362 1432 556 1472 hujusmodi
574 1432 862 1472 praecuricionibus
886 1432 1021 1481 majoris
1044 1442 1173 1463 summe
1197 1433 1294 1463 dictis
1319 1432 1550 1463 Cardinalibus
1574 1432 1735 1462 ambobus

360 1476 491 1514 debitis,
510 1487 566 1515 pei
584 1476 765 1507 Censuram
791 1476 1052 1506 Ecclesi1sticam
1075 1475 1352 1516 compellendum,
1370 1476 1537 1515 lib10sque
1561 1486 1618 1506 seu
1635 1475 1733 1515 scrip-

359 1522 452 1550 turas
476 1519 766 1557 distiibucionum,
786 1519 1005 1557 tax·1cioimm,
1031 1519 1293 1559 imposicionum,
1311 1530 1369 1549 seu
1385 1519 1617 1555 indiccionum
1636 1522 1670 1549 et
1686 1529 1734 1549 so-

360 1563 529 1593 lucionum
546 1563 759 1603 antiquarum
784 1573 883 1602 super
906 1544 1069 1593 similibus
1094 1563 1383 1603 procuracionibus
1407 1563 1608 1600 habitarum,
1628 1566 1662 1592 et
1678 1572 1732 1592 no-

360 1606 449 1637 mina
466 1606 616 1636 omnium
634 1606 854 1636 Ecclesiarum
872 1606 1027 1637 Civitatis
1043 1610 1076 1636 et
1093 1606 1238 1637 Diocesis
1263 1607 1499 1646 predictarum,
1519 1610 1552 1636 et
1568 1610 1734 1646 quantum

360 1650 543 1680 secundum
560 1650 714 1690 antiquas
739 1650 925 1680 taxaciones
949 1650 989 1679 ad
1014 1649 1075 1680 hoc
1098 1654 1179 1680 sunt
1202 1653 1324 1688 taxate,
1342 1650 1434 1680 vobis
1451 1649 1599 1680 exhiberi
1622 1652 1655 1679 et
1679 1659 1735 1689 per

359 1693 484 1733 copiam
503 1694 588 1724 tradi
604 1693 793 1723 faciendum
810 1703 818 1730 ;
843 1693 977 1733 insuper
993 1693 1250 1724 contradictores
1266 1693 1432 1733 quoslibet
1448 1693 1735 1732 compescendum,

358 1748 395 1767 ac
411 1737 519 1767 omnia
545 1737 607 1767 alia
629 1740 662 1767 et
685 1737 814 1777 singula
838 1737 1026 1767 faciendum
1050 1740 1084 1766 et
1107 1737 1349 1776 expediendum
1373 1747 1438 1776 que
1461 1736 1567 1766 eidem
1592 1735 1736 1766 Domino

360 1780 520 1820 Episcopo
537 1783 571 1810 et
587 1780 689 1818 nobis,
708 1780 918 1810 Auctoritate
935 1781 1090 1820 predicta,
1109 1784 1189 1810 sunt
1205 1780 1387 1818 commissa,
1405 1779 1506 1817 vobis,
1523 1789 1605 1819 quos
1621 1779 1654 1808 in
1672 1779 1734 1809 col-

359 1824 489 1863 ligendo
513 1824 636 1854 dictam
662 1823 835 1862 pecuniam
859 1827 1054 1862 reputamus
1077 1823 1243 1861 sollicitos,
1268 1827 1302 1853 et
1325 1823 1541 1853 custodiendo
1565 1822 1735 1852 collectam

360 1868 527 1904 discretos,
546 1877 581 1897 ac
598 1866 828 1897 distribuendo
844 1866 947 1906 ipsam
965 1866 1086 1905 fideles,
1103 1867 1201 1896 modo
1226 1866 1381 1906 premisso
1400 1866 1484 1896 vices
1501 1869 1630 1896 nostras
1647 1876 1732 1895 com-

360 1910 539 1948 mittimus,
557 1910 660 1940 donec
676 1920 729 1940 eas
747 1910 787 1939 ad
805 1920 862 1939 nos
879 1909 1073 1939 duxerimus
1089 1911 1296 1940 revocandas.
1347 1909 1504 1949 Ideoque,
1524 1909 1734 1939 Auctoritate

361 1953 517 1993 predicta,
535 1953 758 1983 communiter
781 1956 814 1983 et
837 1953 979 1990 divisim,
1004 1963 1061 1982 vos
1086 1963 1268 1991 monemus,
1286 1955 1358 1991 etc„
1376 1953 1535 1993 quatinus
1559 1952 1732 1992 pecuniam

361 2000 466 2027 totam
485 1997 619 2036 majoris
642 2007 772 2027 summe
796 1996 922 2036 prefate
947 2007 1004 2036 per
1026 2007 1082 2026 vos
1106 1996 1287 2034 collectam,
1313 2007 1378 2026 una
1401 2006 1477 2026 cum
1501 1995 1652 2035 porcione
1675 2006 1732 2026 vos

360 2040 583 2080 contingente,
601 2040 640 2070 ad
658 2040 786 2070 dictum
804 2040 1032 2070 Venerabilem
1058 2040 1200 2078 Patrem,
1219 2039 1400 2069 Dominum
1419 2039 1638 2070 Exoniensem
1658 2039 1730 2078 Epi-

360 2094 506 2123 scopum,
518 2083 601 2114 citra
618 2083 754 2113 Festum
772 2083 886 2114 Sancti
904 2083 1060 2121 Nicholai,
1076 2083 1228 2123 Episcopi
1244 2086 1277 2113 et
1292 2083 1504 2120 Confessoris,
1518 2083 1668 2123 proximo
1680 2082 1732 2112 fu-

359 2130 484 2164 turum,
502 2127 592 2157 omni
609 2126 768 2157 dilacione
791 2127 983 2166 postposita,
1002 2127 1239 2165 transmittere,
1258 2126 1429 2167 ipsamque
1453 2126 1559 2156 eidem
1578 2126 1667 2156 Patri
1683 2126 1731 2156 in-

359 2170 531 2210 tegraliter
546 2170 683 2200 reddere
699 2170 830 2200 curetis.
882 2170 931 2200 De
947 2170 1008 2207 die,
1028 2180 1111 2208 vere,
1130 2170 1328 2209 recepcionis
1345 2169 1557 2200 Presencium
1573 2179 1610 2199 ac
1633 2170 1731 2199 modo

359 2220 393 2244 et
409 2214 656 2254 quantitatibus
673 2213 951 2244 distribucionum
968 2216 1001 2243 et
1017 2213 1236 2251 solucionum,
1261 2224 1297 2244 ac
1321 2213 1512 2244 nominibus
1528 2212 1730 2243 solvencium

359 2260 393 2287 et
410 2268 547 2287 suorum
567 2257 815 2295 Beneficiorum,
833 2260 866 2287 et
882 2257 922 2287 de
947 2257 1163 2287 contumaciis
1187 2260 1221 2287 et
1244 2256 1513 2287 excusacionibus
1537 2267 1573 2286 ac
1590 2255 1728 2286 nomini-

358 2301 419 2331 bus
436 2311 500 2330 non
515 2300 718 2331 solvencium
737 2304 770 2330 et
786 2311 922 2331 suorum
938 2300 1191 2337 Beneficiorum;
1203 2310 1339 2336 necnon,
1357 2300 1438 2339 quid
1452 2299 1595 2329 feceritis
1612 2299 1645 2329 in
1659 2309 1728 2338 pre-

357 2344 474 2382 missis,
500 2345 628 2375 dictum
645 2343 874 2374 Venerabilem
899 2344 1042 2381 Patrem,
1067 2347 1139 2381 etc.,
1164 2344 1247 2374 citra
1270 2343 1399 2373 dictum
1422 2343 1559 2373 Festum
1583 2342 1730 2372 reddatis

356 2387 488 2417 divisim
512 2387 667 2417 cerciores
692 2387 811 2417 Literis
843 2386 960 2417 vestris
992 2387 1185 2426 patentibus
1215 2386 1417 2416 habentibus
1448 2386 1537 2416 hunc
1568 2388 1726 2416 tenorem.

356 2431 447 2468 Quis,
463 2441 550 2469 vero,
569 2433 717 2461 vestrum
742 2433 911 2470 presentes
936 2430 1063 2460 Literfis
1086 2430 1192 2470 primo
1216 2429 1383 2469 receperit,
1408 2429 1643 2460 etc—Datum
1666 2428 1729 2459 sub

354 2474 461 2513 sigillo
479 2474 585 2504 Officii
601 2473 714 2511 nostri,
737 2474 867 2511 Exonie,
886 2472 997 2513 xxvjto
1020 2473 1073 2503 die
1097 2472 1217 2503 mensis
1241 2473 1402 2511 Octobris,
1419 2472 1500 2503 A.D.
1521 2472 1580 2502 ΜΟ.
1601 2471 1729 2503 (300ωο

354 2517 597 2557 septuagesimo
614 2516 1044 2557 primo.-—Cert2ficacorium
1067 2516 1146 2547 dicto:
1172 2515 1518 2554 Mctndali,—Simoni,
1543 2518 1618 2553 etc„
1644 2515 1727 2545 Tho-

353 2570 432 2598 mas,
451 2560 686 2591 etc.—Literas
702 2563 837 2598 vestras,
857 2560 944 2600 xvijo
960 2560 1013 2590 die
1030 2559 1180 2590 Octobris
1197 2559 1347 2599 proximo
1364 2559 1531 2598 preterito,
1548 2557 1729 2589 Londoniis

352 2603 545 2643 recepimus,
563 2604 626 2634 sub
642 2604 702 2634 hac
718 2604 833 2641 forma,
851 2603 1056 2641 etQ—Quas,
1075 2603 1219 2642 quidem,
1238 2602 1374 2639 Literas,
1392 2606 1463 2640 etc,
1478 2612 1553 2632 cum
1570 2601 1727 2631 festinan-

354 2647 403 2677 cia
428 2646 576 2686 possibili
593 2647 626 2677 in
645 2646 846 2677 Consistorio
870 2650 984 2677 nostro
1007 2646 1134 2676 Exonie
1158 2645 1297 2676 fecimus
1320 2645 1491 2685 publicari,
1511 2648 1545 2675 et
1561 2647 1726 2684 quantum

355 2690 527 2730 potuimus
552 2690 741 2720 execucioni
764 2690 876 2720 debite
899 2689 1112 2724 demandari;
1139 2688 1453 2728 procuracionesque
1469 2688 1641 2728 predictas,
1668 2698 1726 2727 pro

353 2732 460 2772 primo
477 2733 622 2772 presenti
639 2743 735 2771 anne,
752 2733 794 2763 ab
811 2732 1008 2771 Abbatibus‚
1025 2735 1098 2770 etc,
1115 2732 1193 2772 peti,
1211 2732 1305 2771 exigi,
1319 2731 1428 2770 levari,
1446 2731 1563 2770 colligi,
1577 2734 1611 2761 et
1626 2730 1726 2768 recipi

353 2776 504 2814 fecimus,
523 2777 556 2806 in
575 2779 750 2816 quantum,
770 2779 904 2816 propter
920 2775 1079 2816 temporis
1096 2776 1296 2805 brevitatem
1319 2778 1354 2805 et
1376 2775 1521 2805 locorum
1539 2774 1725 2811 distancias‚

353 2819 499 2859 perquiri
515 2819 766 2859 quomodolibet
782 2822 968 2859 potuerunt
982 2829 989 2857 3
1013 2821 1056 2858 et,
1074 2821 1175 2859 prout
1196 2818 1389 2849 continetur
1405 2818 1534 2858 plenius
1550 2817 1584 2847 in
1601 2816 1726 2847 cedulis

354 2862 570 2893 Presentibus
587 2863 733 2902 annexis,
750 2862 813 2893 sub
829 2862 935 2902 sigillo
952 2865 1066 2893 nostro
1082 2861 1208 2900 clausis,
1226 2861 1433 2902 quantitates
1449 2860 1663 2901 pecuniarum
1676 2870 1724 2890 so-
