1987 3062
366 259 656 294 REGISTRUM
698 255 1156 293 ooMMUNE—-ANNO
1197 245 1290 289 140.
1498 240 1590 284 505

59 358 134 401 A-D.
210 363 294 393 dum
326 373 446 394 sumus
472 362 653 392 humiliter
678 360 824 392 executi.
879 360 922 391 In
953 359 1053 399 cujus
1084 358 1135 389 rei
1166 356 1408 388 testimonium
1440 354 1594 394 sigillum

59 393 163 451 ¹353?ss
212 406 376 437 Officialis
399 406 646 437 Archidiaconi
672 406 802 436 Exonie
827 404 954 444 apponi
978 402 1205 434 Presentibus
1228 400 1502 441 procuravimus.
1550 398 1595 428 Et

212 460 286 491 ego,
305 450 469 481 Officialis
487 450 696 488 antedictus,
722 450 766 480 ad
789 452 951 488 rogatum
976 447 1195 488 personalem
1219 445 1438 485 prefatorum
1462 444 1594 473 Decam

215 505 254 526 ac
270 495 441 525 Johannis
465 497 500 525 et
522 495 694 525 Johannis
710 494 929 524 Vicariorum
951 492 1197 532 predictorum,
1216 490 1369 527 sigillum
1393 488 1503 518 Officii
1525 486 1595 517 mei

215 539 440 569 Presentibus
451 538 767 578 apposui.—Dated
775 540 811 568 at
821 537 959 575 Seaton,
970 537 1009 566 12
1022 535 1214 566 December
1224 531 1594 574 [1:383,—misplaced;

213 584 285 622 but,
302 583 482 623 probably,
500 583 644 613 entered
660 582 762 612 when
778 582 806 612 it
822 591 894 612 was
909 578 1098 619 received]

169 636 450 674 Stoke-Rivers
465 649 474 682 3
499 635 527 672 I
525 635 724 684 nquisicz'o
739 641 853 683 capta
871 648 989 683 super
1008 632 1220 682 injeccione
1240 645 1434 669 manuum
1454 629 1596 666 violen-

222 696 353 727 tarum
373 690 419 726 in
438 690 659 727 Dominum
681 689 921 737 Galsridum,
944 688 1141 724 Rectorem
1161 687 1205 724 de
1227 685 1541 733 stokeryvers‚—

171 745 370 776 Reverendo
395 745 618 776 discrecionis
636 745 721 783 viro,
744 743 939 774 Presidenti
965 742 1169 774 Consistorii
1193 741 1409 779 Exoniensis,
1428 749 1510 771 suus
1534 738 1596 768 hu-

215 790 308 820 milis
324 789 571 819 Archidiaconi
596 789 860 828 Barnastapolie
879 787 1052 825 Officialis,
1071 786 1322 823 obedienciam,
1340 783 1595 815 etc.—Manda-

216 836 293 864 tum
310 834 514 872 Revereudi,
531 836 607 871 etc„
625 833 766 870 Thome,
780 835 856 870 etc.,
868 832 993 871 recepi,
1010 834 1169 861 tenorem
1187 830 1370 860 continens
1387 829 1596 868 subsequen-

214 878 505 916 tem,—Thomas,
523 880 598 915 etc.,
619 877 765 907 Officiali
789 875 1035 906 Archidiaconi
1060 874 1336 914 Barnastapolie,
1354 874 1513 910 salutem,
1532 874 1596 902 etc.

216 922 371 952 —Fama
386 922 526 961 publica
540 921 726 959 referente,
744 921 788 950 ad
803 922 963 951 nostrum
988 919 1148 959 pervenit
1171 919 1331 949 auditum
1348 918 1439 957 quod
1456 917 1597 957 quidam

216 966 394 996 «Iohannes
418 966 563 1003 Aklane,
588 965 749 996 suasione
773 964 944 994 diabolica
966 964 1167 1003 instigatus,
1192 963 1228 992 in
1256 963 1445 993 Dominum
1471 961 1597 992 Galfri-

218 1010 301 1040 dum
319 1010 446 1049 Lange,
459 1010 643 1040 Rectorem
661 1009 815 1040 Ecclesie
832 1008 1046 1039 Parochialis
1063 1008 1105 1038 de
1124 1007 1363 1047 Stokeryvers,
1382 1006 1599 1039 sacerdotem

217 1055 254 1084 in
287 1054 414 1084 Ordine
447 1053 672 1084 Presbiterali
704 1053 840 1083 notorie
869 1052 1111 1090 constitutum,
1143 1052 1179 1082 in
1218 1051 1342 1081 habitu
1381 1053 1416 1081 et
1454 1052 1599 1081 tonsura

219 1098 437 1129 clericalibus
467 1098 698 1135 incedentem,
731 1107 850 1127 mense
886 1096 1088 1127 Decembris
1122 1096 1226 1126 Anno
1260 1096 1333 1136 jam
1364 1095 1530 1133 instante,
1562 1095 1599 1124 in

64 1140 115 1170 fol,
217 1143 301 1173 villa
332 1143 404 1173 sive
431 1142 607 1172 hameleta
634 1142 675 1171 de
705 1141 934 1181 Stokeryvers
959 1141 1127 1180 predicta,
1158 1150 1284 1170 manus
1315 1139 1437 1180 injecit
1468 1141 1600 1169 temere

63 1173 140 1200 Imb'
218 1187 399 1224 violentas,
432 1186 615 1226 ipsumque
647 1186 833 1216 Dominum
869 1184 1068 1215 Galfridum
1094 1195 1203 1224 usque
1230 1184 1274 1214 ad
1303 1183 1484 1223 sanguinis
1515 1183 1599 1213 effu-

219 1231 353 1262 sionem
384 1241 454 1261 non
485 1230 659 1260 modicam
690 1230 880 1260 enormiter
911 1229 1118 1267 vulneravit,
1142 1228 1286 1268 Majoris
1314 1228 1600 1258 Excommunica-

220 1275 329 1305 cionis
367 1275 590 1305 Sentenciam
625 1274 735 1304 latam
767 1284 787 1304 a
820 1274 960 1304 Canone
990 1273 1049 1304 illo
1082 1273 1119 1303 Si
1151 1273 1234 1311 quis,
1267 1273 1426 1302 suadente
1458 1272 1600 1310 diabolo,

221 1319 492 1358 dampnabiliter
521 1318 748 1356 incurrendo;
773 1328 840 1358 qua
863 1318 1033 1348 hactenus
1053 1317 1223 1347 remansit
1247 1319 1282 1347 et
1306 1317 1420 1347 adhuc
1443 1318 1602 1346 remanet

221 1363 408 1401 involutus,
448 1363 485 1392 in
522 1363 638 1393 anime
678 1372 738 1393 sue
780 1362 912 1401 gra-nde
953 1362 1148 1401 periculum
1190 1361 1405 1400 aliorumque
1448 1361 1601 1400 plurium

220 1407 454 1447 perniciosum
478 1407 685 1446 exemplum.
741 1406 823 1445 Nos,
851 1408 980 1444 autem,
1012 1406 1169 1436 volentes
1199 1405 1236 1435 in
1266 1405 1433 1444 predictis
1464 1405 1602 1444 plenius

220 1461 362 1481 noscere
400 1451 597 1489 veritatem,
629 1450 727 1481 vobis
766 1450 1029 1488 committimus,
1064 1452 1140 1488 etc„
1177 1450 1351 1489 quatinus,
1386 1449 1520 1479 vocatis
1559 1449 1603 1479 ad

221 1495 287 1525 hoc
321 1494 468 1534 prefatis
503 1495 652 1525 Domino
685 1493 843 1525 Galfrido
879 1496 914 1524 et
948 1494 1118 1532 Johanne,
1155 1503 1195 1524 ac
1227 1494 1304 1524 aliis
1336 1494 1372 1523 in
1405 1494 1471 1523 hac
1502 1496 1602 1532 parte

222 1539 264 1570 de
287 1539 364 1579 jure
388 1539 563 1577 vocandis,
582 1549 646 1578 per
668 1538 761 1569 viros
784 1538 978 1577 fidedignos
1001 1538 1137 1578 juratos
1159 1538 1351 1577 pleniorem
1376 1537 1542 1568 noticiam
1566 1537 1603 1567 in

221 1583 400 1623 premissis
422 1583 630 1622 optinentes,
647 1582 832 1622 inquiratis
856 1582 971 1612 debite
995 1582 1191 1612 veritatem.
1240 1582 1283 1611 Et
1308 1582 1390 1621 quid
1406 1592 1468 1621 per
1484 1581 1602 1621 hujus-

221 1627 315 1657 modi
340 1627 611 1667 Inquisicionem
634 1626 840 1657 inveneritis
864 1636 925 1656 seu
947 1626 1149 1656 faciendum
1173 1626 1341 1656 duxeritis
1365 1626 1401 1655 in
1424 1626 1604 1665 premissis

222 1671 421 1702 certificetis
460 1670 650 1701 Officialem
688 1674 848 1701 nostrum
880 1670 1123 1709 Principalem,
1158 1680 1219 1700 seu
1249 1670 1286 1700 in
1325 1670 1401 1710 ejus
1441 1670 1604 1700 absencia

222 1715 334 1746 nostri
366 1715 571 1746 Consistorii
603 1715 808 1744 Exoniensis
840 1715 1090 1752 Prcsidentem,
1123 1714 1178 1744 die
1209 1714 1306 1745 Jovis
1337 1714 1494 1754 proximo
1524 1716 1604 1754 post

223 1759 373 1790 Octabas
391 1759 585 1798 Epiphanie
602 1759 743 1789 Domini
759 1759 916 1798 proximo
940 1768 1033 1789 nunc
1057 1758 1206 1796 futuras,
1223 1768 1286 1798 per
1310 1759 1445 1789 Literas
1468 1761 1604 1789 vestras

222 1805 386 1843 patentes
417 1803 542 1833 harum
575 1803 701 1833 seriem
734 1803 966 1841 continentes,
1007 1803 1120 1842 sigillo
1159 1803 1338 1833 autentico
1369 1803 1603 1841 consignatas.

224 1847 338 1878 Dated
363 1849 400 1877 at
433 1847 541 1887 Clyst,
566 1847 610 1877 20
637 1846 996 1887 December.—Cujus
1028 1847 1237 1877 auctoritate
1263 1847 1421 1877 Mandati
1444 1857 1602 1877 reveren-

225 1891 270 1930 di,
286 1891 420 1922 vocatis
437 1891 540 1921 dictis
564 1891 713 1921 Domino
732 1891 891 1921 Galfrido
908 1893 943 1921 et
965 1891 1135 1929 Johanne,
1154 1901 1193 1921 ac
1210 1891 1288 1922 aliis
1312 1891 1353 1921 de
1377 1891 1454 1931 jure
1478 1901 1603 1921 vocan-

224 1936 287 1973 dis,
304 1945 367 1975 per
382 1936 475 1966 viros
491 1935 685 1975 fidedignos
708 1935 844 1975 juratos
867 1935 1059 1974 pleniorem
1084 1935 1251 1974 noticiam
1268 1935 1304 1965 in
1320 1935 1500 1975 premissis
1517 1935 1603 1974 opti-

223 1982 357 2018 nentes,
383 1989 486 2019 super
510 1979 685 2010 contentis
708 1979 745 2009 in
769 1979 862 2009 dicto
887 1979 1054 2009 Mandato
1078 1979 1265 2010 veritatem
1290 1980 1405 2010 debite
1429 1979 1603 2019 inquisivi.

225 2023 291 2062 Qui
307 2024 428 2053 dicunt
445 2024 536 2063 quod
551 2023 588 2053 in
603 2023 735 2063 Vigilia
753 2023 1002 2063 Concepcionis
1014 2023 1121 2054 Beate
1136 2024 1244 2054 Marie
1256 2024 1412 2063 proximo
1425 2024 1603 2063 preterita,

221 2068 321 2108 juxta
339 2067 558 2098 Cimiterium
575 2067 729 2098 Ecclesie
743 2067 957 2097 Parochialis
971 2068 1012 2098 de
1028 2067 1266 2108 Stokeryvers,
1280 2068 1458 2107 predictus
1475 2068 1495 2098 J
1498 2068 1603 2098 ohan-

224 2122 286 2142 nes
302 2111 433 2142 Aclane
453 2111 585 2141 dictum
611 2112 794 2142 Rectorem
817 2111 1060 2151 alloquebatur
1083 2112 1119 2141 in
1143 2112 1286 2142 modum
1310 2112 1368 2152 qui
1393 2112 1605 2152 sequitur,—

227 2156 276 2185 Τῑι
293 2155 419 2185 detines
436 2165 544 2184 mium
562 2155 685 2185 librum
702 2165 821 2193 meum,
839 2165 896 2185 seu
917 2159 1045 2193 partem
1064 2156 1168 2185 unius
1186 2156 1266 2185 libri
1283 2156 1366 2186 mei.-
1392 2157 1513 2186 reddas
1530 2166 1603 2185 eum

225 2199 470 2236 incontinenti,-
498 2199 651 2236 alioquin
673 2202 710 2229 tu
735 2199 804 2229 lues
828 2199 866 2228 in
890 2209 1031 2237 corpore.
1079 2199 1124 2229 Et
1140 2200 1268 2230 Rector
1284 2200 1349 2230 sibi
1373 2200 1606 2240 respondebat

226 2243 317 2283 quod
340 2243 455 2282 ipsum
479 2243 607 2273 librum
632 2243 697 2273 sibi
721 2243 876 2273 tradidit.
925 2243 1001 2282 Qui,
1026 2244 1176 2283 quidem,
1201 2244 1379 2274 Johannes
1404 2244 1491 2274 dixit
1516 2244 1607 2283 quod

226 2287 397 2317 mentitus
420 2287 556 2324 fuerat3
595 2289 629 2317 et
654 2287 774 2317 statim
806 2287 961 2326 gladium
986 2297 1087 2317 suum
1111 2288 1272 2326 extraxit,
1298 2298 1377 2318 cum
1401 2298 1467 2328 quo
1491 2288 1606 2327 ipsum

228 2331 412 2361 Rectorem
428 2331 465 2360 in
482 2331 595 2370 capite
612 2331 778 2361 atrociter
793 2331 1000 2369 vulneravit,
1017 2331 1053 2361 in
1070 2331 1184 2370 ipsum
1197 2332 1361 2362 irruendo
1373 2343 1443 2362 non
1455 2332 1607 2371 seipsum

229 2375 467 2412 defendend03
500 2378 534 2405 et
572 2376 695 2414 postea
729 2384 807 2405 cum
839 2375 989 2413 cultello,
1022 2375 1142 2413 daqyer
1171 2376 1365 2415 vulgariter
1395 2379 1606 2416 nuncupato,

229 2419 378 2449 eundem
396 2419 580 2449 Rectorem
596 2419 632 2448 in
650 2419 790 2458 scapulo
807 2419 948 2449 sinistro
964 2421 1019 2449 ter
1034 2420 1242 2458 vulneravit,
1260 2422 1295 2450 et
1313 2421 1419 2450 semel
1433 2421 1496 2451 sub
1509 2422 1608 2451 curto

228 2463 338 2493 latere
364 2464 475 2494 eciam
506 2463 620 2502 ipsum
651 2463 858 2501 vulneravit,
889 2473 998 2502 usque
1029 2463 1073 2493 ad
1104 2464 1285 2503 sanguinis
1309 2465 1514 2495 effusionem
1537 2475 1607 2494 non

228 2507 401 2537 modicam
433 2507 475 2538 de
507 2507 662 2547 quolibet
692 2507 767 2537 loco
798 2507 1034 2546 predictorum
1058 2508 1223 2538 locorum.
1272 2509 1316 2538 Et
1340 2509 1388 2539 sic
1411 2509 1608 2548 predictum

227 2552 458 2581 reverendum
476 2551 682 2581 Mandatum
699 2561 760 2590 pro
784 2561 883 2590 posse
908 2561 985 2581 meo
1009 2561 1086 2582 sum
1110 2553 1463 2583 executus—Datum
1481 2563 1547 2593 quo
1564 2553 1609 2583 ad

229 2595 533 2634 consignacionem
565 2595 658 2635 apud
690 2595 918 2635 Hertylonde,
943 2596 999 2626 die
1023 2596 1147 2626 Martis
1170 2597 1328 2636 proximo
1352 2599 1433 2628 ante
1459 2596 1610 2628 Octabas

231 2639 425 2678 Epiphanie
442 2640 583 2670 Domini
598 2639 755 2679 proximo
771 2639 968 2679 preteritas.

185 2692 324 2730 Tithes
338 2705 348 2739 3
380 2693 532 2731 Citacio
551 2693 598 2729 in
618 2706 738 2730 causa
758 2692 1069 2739 decimarum,—

188 2748 291 2786 Item,
309 2748 402 2787 apud
420 2748 678 2787 Chuddeleghe,
696 2748 779 2788 xviij
798 2748 853 2778 die
870 2748 1002 2779 mensis
1024 2749 1193 2787 Januarii,
1210 2750 1389 2781 emanavit
1406 2750 1611 2781 Mandatum

232 2791 406 2822 directum
431 2792 577 2822 officiali
601 2792 792 2823 Peculiaris
814 2792 1078 2823 Jurisdiccionis
1101 2793 1138 2823 in
1163 2793 1347 2833 Cornubia,
1372 2797 1407 2825 et
1431 2795 1614 2834 Perpetuis

231 2835 381 2867 Vicariis
399 2836 634 2867 Ecclesiarmn
650 2835 907 2867 Parochialium
925 2835 1133 2868 Sanctorum
1158 2837 1279 2870 Uvelis
1303 2840 1338 2869 et
1362 2838 1521 2870 Winnoci
1547 2836 1614 2878 [St.
