1987 3062
92 370 126 396 A.
131 371 167 396 D.

91 405 168 430 1382.

91 438 155 463 Vol.
172 438 194 463 I.

93 547 156 578 [fol.

95 581 183 612 106b.]

401 263 688 302 REGISTRUM
730 267 1189 303 coMMUNE—ANNO
1231 254 1323 303 13⁰.
1530 259 1623 302 469

240 382 298 412 pro
315 372 568 403 contumacibus
585 375 666 404 tunc
682 373 802 404 merito
818 372 983 413 reputatis
1000 375 1034 403 et
1050 372 1183 410 habitis,
1202 374 1235 402 et
1251 372 1285 403 in
1311 382 1394 412 pena
1415 371 1624 402 contumacie

242 415 436 456 hujusmodi
452 416 643 447 absencium
660 417 694 447 in
718 417 852 457 negocio
875 416 1050 457 procedere
1071 416 1336 453 decernentibus,
1360 425 1437 446 cum
1462 415 1622 455 presenti-

241 459 303 489 bus
337 460 510 490 Canonicis
542 464 624 491 tunc
653 460 848 499 Capitulum
876 460 1077 490 facientibus
1108 462 1255 490 tractatu
1280 459 1453 498 prehabito
1477 458 1565 489 inter
1589 469 1623 488 se

245 502 404 541 diligenti,
419 503 597 542 frequenti,
613 506 646 533 et
658 503 820 543 solempni
839 513 845 540 ;
862 504 1008 540 demum,
1025 506 1159 542 propter
1175 513 1289 533 causas
1306 502 1480 542 premissas
1494 506 1528 532 et
1544 501 1623 532 alias

244 546 458 576 racionabiles
474 556 528 576 eos
546 551 726 585 moventes,
744 546 887 577 finaliter
910 550 945 577 et
969 546 1181 584 unanimiter,
1193 545 1368 586 'quatenus
1392 546 1433 575 ad
1450 555 1505 575 eos
1522 545 1622 584 perti-

243 589 319 620 nuit
342 592 376 619 et
398 589 439 619 de
462 589 537 629 jure
561 589 665 628 licuit,
683 593 922 620 consenserunt
946 600 1097 629 expresse
1120 590 1220 629 quod,
1238 589 1443 619 cessantibus
1468 589 1622 628 deinceps

243 633 415 663 firmarum
446 636 480 663 et
511 633 716 664 firmularum
750 633 944 673 hujusmodi
982 633 1220 663 tradicionibus
1259 636 1294 663 et
1331 631 1622 672 assignacionibus,

244 676 389 706 Maneria
420 676 532 707 omnia
555 680 590 706 et
623 677 761 716 singula,
787 677 939 713 Ecclesie,
966 677 1183 716 possessiones
1206 679 1240 706 et
1264 676 1378 716 predia
1401 685 1622 716 quecumque,

245 723 284 750 ut
302 720 478 759 prefertur,
496 720 537 750 ad
561 720 684 750 dictam
710 720 889 750 Ecclesiam
915 724 1062 750 nostram
1086 723 1120 750 et
1144 731 1198 750 eos
1222 720 1511 760 qualitercumque
1532 729 1620 758 spec-

243 763 361 801 tancia,
380 768 447 793 tam
466 763 522 794 illa
538 774 602 804 que
620 774 678 803 per
693 763 805 794 obitus
824 764 872 793 vei
890 763 1051 793 cessiones
1069 764 1310 794 Canonicorum
1328 766 1409 793 sunt
1425 764 1465 792 ad
1485 762 1621 802 Capitu-

241 807 311 837 lum
335 807 501 845 devoluta,
526 818 563 837 ac
594 817 651 846 per
675 817 729 837 eos
756 806 917 837 hactenus
940 807 1198 846 occupabantur,
1222 817 1323 846 quam
1347 807 1410 836 alia
1433 806 1542 836 adhuc
1566 816 1624 845 per

244 850 425 882 Canonicos
453 850 629 881 Firmarios
660 854 827 890 occupata,
852 855 887 880 et
917 861 981 890 que
1012 851 1054 880 ad
1085 861 1198 880 corum
1225 860 1344 880 manus
1372 849 1624 890 quomodolibet

242 894 439 924 devenerint
470 894 503 924 in
530 894 698 931 futurum,
733 904 769 924 ac
805 893 957 924 redditus
984 896 1018 923 et
1045 894 1260 924 emolimenta
1286 893 1364 923 inde
1394 892 1623 933 proveniencia

242 948 452 978 quecumque
469 937 577 977 equali
594 938 745 976 porcione
762 937 948 975 dividenda,
966 937 1150 967 secundum
1167 937 1417 967 institucionem
1432 936 1623 976 primariam

245 985 278 1011 et
294 981 562 1020 antiquissimam
582 980 724 1011 Ecclesie
749 981 1035 1011 Consuetudinem
1060 984 1092 1010 et
1116 980 1339 1011 intencionem
1365 980 1453 1010 dicte
1478 979 1622 1010 Ecclesie

245 1025 487 1062 Fundatorum,
519 1024 560 1054 ad
585 1023 767 1054 utilitatem
791 1027 826 1054 et
851 1034 949 1054 usum
972 1034 1185 1054 communem
1210 1023 1451 1054 Canonicorum
1476 1023 1621 1053 residen-

244 1068 331 1098 cium
359 1071 562 1106 remaneant,
589 1067 652 1097 sub
679 1068 838 1105 custodia,
856 1067 1084 1107 disposicione,
1113 1071 1147 1097 et
1171 1067 1331 1107 regimine
1354 1067 1561 1104 eorundem3
1586 1077 1622 1097 ac

247 1112 335 1151 quod
355 1111 500 1150 Statuta,
519 1111 765 1149 Ordinaciones,
783 1115 816 1141 et
831 1111 1099 1142 Consuetudines
1115 1111 1204 1141 dicte
1224 1111 1374 1149 Ecclesie,
1393 1111 1494 1141 eciam
1513 1110 1539 1140 si
1556 1109 1624 1140 sint

244 1155 391 1194 ipsorum
415 1154 614 1195 juramentis
646 1154 768 1184 vallata
791 1165 849 1185 seu
874 1155 1163 1195 qualitercumque
1187 1154 1327 1192 firmata,
1353 1155 1385 1184 in
1417 1153 1621 1184 contrarium

244 1198 334 1228 edita
364 1208 421 1228 seu
453 1198 622 1228 obviancia
652 1198 686 1227 in
718 1197 778 1228 hac
810 1202 912 1238 parte,
941 1199 967 1228 si
998 1208 1063 1238 que
1094 1198 1172 1236 sint,
1199 1208 1258 1237 pro
1290 1197 1438 1228 utilitate
1470 1196 1622 1237 ejusdem

243 1242 386 1272 Ecclesie
414 1242 548 1281 penitus
580 1241 835 1280 subducantur-3
868 1245 968 1280 prout
998 1242 1061 1281 ipsi
1093 1246 1216 1281 postea,
1249 1241 1282 1271 in
1308 1242 1414 1271 Domo
1440 1240 1623 1280 Capitulari

243 1285 482 1325 Capitulariter
505 1285 704 1324 congregati,
729 1295 797 1323 nos,
823 1285 925 1315 eciam
950 1285 1165 1325 personaliter
1188 1288 1270 1315 tunc
1294 1285 1418 1315 ibidem
1442 1287 1622 1324 presenteS,

244 1328 373 1368 plenius
390 1328 609 1358 informarent
625 1338 632 1365 3
656 1328 818 1368 nobisque
835 1339 910 1358 cum
928 1329 1090 1359 instancia
1106 1328 1219 1358 debita
1241 1328 1474 1368 supplicarunt
1499 1332 1536 1358 ut
1560 1327 1623 1358 hiis

243 1376 395 1402 nostrum
413 1382 610 1402 consensum
628 1375 662 1402 et
677 1372 912 1402 auctoritatem
932 1372 1159 1402 Pontificalem
1183 1371 1375 1411 impendere
1391 1372 1424 1401 in
1442 1371 1502 1401 hac
1520 1374 1622 1411 parte,

243 1426 288 1452 ac,
306 1415 346 1445 ad
361 1414 519 1455 majorem
535 1415 726 1445 firmitatem
741 1415 984 1454 premissorum,
1002 1419 1149 1446 statuere
1166 1418 1199 1445 et
1212 1415 1373 1452 ordinare,
1391 1415 1576 1453 decernere,
1591 1418 1625 1445 et

245 1459 395 1497 diffinire,
413 1469 512 1498 super
529 1458 651 1488 eisdem
676 1462 711 1489 et
734 1459 803 1488 aliis
828 1469 970 1498 quorum
996 1458 1219 1489 communiter
1242 1459 1499 1498 compererimus
1522 1458 1623 1488 refor-

246 1502 428 1532 macionem
446 1502 534 1532 dicte
553 1501 697 1532 Ecclesie
714 1505 825 1532 nostre
850 1503 1076 1541 necessariam,
1096 1502 1224 1540 utilem,
1242 1513 1299 1532 seu
1325 1502 1569 1542 expedientem,
1586 1512 1625 1532 ac

246 1545 349 1576 eciam
366 1546 400 1575 in
418 1549 589 1585 posterum
614 1545 835 1584 profuturam,
854 1549 992 1584 paterna
1016 1546 1248 1576 benevolencia
1271 1546 1494 1585 dignaremur.
1543 1546 1623 1583 Nos,

246 1589 358 1629 igitur,
391 1589 544 1627 Thomas,
574 1592 647 1626 etc„
678 1589 835 1629 peticioni
865 1589 946 1619 dicti
981 1589 1126 1629 Capituli
1164 1589 1280 1627 nostri,
1313 1593 1474 1629 tanquam
1506 1589 1559 1628 pie
1591 1593 1625 1619 et

247 1632 448 1670 racionabili,
465 1642 611 1662 annuere
635 1632 815 1672 cupientes,
840 1643 877 1662 ac
901 1632 1146 1663 considerantes
1170 1633 1328 1671 premissa
1351 1633 1496 1672 dampna
1519 1636 1553 1662 et
1575 1631 1623 1662 in-

244 1675 475 1706 conveniencia
491 1675 616 1715 absque
632 1679 746 1705 nostro
763 1686 909 1706 remorsu
927 1676 1127 1706 consciencie
1144 1680 1178 1706 et
1200 1676 1291 1716 gravi
1310 1676 1452 1706 Ecclesie
1469 1676 1624 1706 scandalo

248 1719 394 1749 tollerari
410 1719 541 1749 diucius
559 1729 623 1749 non
643 1719 758 1757 valere,
775 1723 826 1750 set
851 1720 972 1750 Divino
996 1719 1164 1760 adjutorio
1188 1725 1221 1749 et
1244 1724 1356 1750 nostre
1381 1720 1623 1759 cooperacionis

247 1763 439 1801 ministerio,
473 1766 512 1792 ut
542 1773 723 1802 speramus,
755 1773 819 1802 que
852 1762 1098 1793 Presidencium
1131 1766 1190 1793 aut
1227 1763 1367 1793 aliorum
1399 1763 1534 1793 incuriis
1565 1774 1623 1793 seu

246 1806 389 1844 desidiis,
408 1816 473 1836 non
491 1806 561 1836 sine
577 1806 763 1836 animarum
782 1807 943 1846 periculis,
961 1810 1042 1837 sunt
1059 1810 1189 1837 mutata
1213 1806 1374 1837 hactenus
1390 1806 1441 1836 vel
1466 1807 1623 1846 dispersa,

245 1860 301 1880 seu
319 1849 467 1879 indebite
485 1849 645 1886 tollerata,
663 1850 704 1880 ad
721 1854 848 1880 statum
865 1852 900 1880 et
924 1850 1073 1880 ordinem
1098 1850 1228 1881 debitos
1252 1855 1286 1880 et
1308 1850 1474 1890 antiquos,
1492 1850 1624 1880 diucius

247 1893 326 1923 alias
357 1893 565 1933 approbatos,
593 1893 712 1923 debere
743 1893 928 1924 secundum
960 1893 1101 1924 formam
1141 1898 1174 1924 et
1205 1893 1408 1933 exigenciam
1439 1894 1624 1934 juramenti

248 1936 491 1967 Canonicorum
519 1936 662 1976 prestiti,
688 1941 789 1976 prout
814 1937 958 1976 expedit,
987 1937 1100 1976 pocius
1128 1938 1295 1974 revocari3
1327 1937 1441 1967 habito
1466 1937 1623 1977 primitus

246 1990 305 2020 per
321 1990 380 2010 nos
397 1990 473 2010 cum
497 1980 587 2010 dicto
612 1980 767 2020 Capitulo
791 1984 914 2018 nostro,
932 1991 1031 2020 super
1055 1981 1223 2020 premissis
1247 1981 1402 2011 omnibus
1427 1984 1460 2010 et
1484 1981 1623 2020 singulis

246 2023 398 2063 superius
421 2023 590 2053 annotatis
613 2033 649 2054 ac
672 2023 774 2054 eciam
798 2024 1025 2064 infrascriptis,
1043 2028 1076 2054 et
1101 2035 1215 2055 eorum
1239 2024 1354 2062 causis,
1378 2027 1527 2055 tractatu
1551 2024 1624 2054 dili-

246 2067 337 2106 genti
366 2071 399 2097 et
426 2067 613 2106 solempni;
644 2067 721 2107 quia
749 2067 981 2107 comperimus,
1012 2078 1069 2107 per
1093 2067 1365 2098 informacionem
1397 2068 1529 2107 plenam
1560 2068 1623 2098 rite

246 2121 345 2150 super
362 2110 423 2140 hoc
440 2110 589 2140 habitam
606 2114 639 2140 et
656 2114 832 2150 receptam,
851 2114 885 2141 et
901 2111 981 2141 alias
999 2111 1210 2150 probaciones
1234 2111 1445 2148 sufficientes
1464 2111 1624 2151 premissa

248 2153 351 2184 eciam
368 2164 463 2184 cause
473 2153 668 2201 cognicione
685 2154 807 2192 debita,
825 2154 1098 2185 concurrentibus
1115 2155 1270 2185 omnibus
1287 2159 1320 2184 et
1343 2154 1481 2194 singulis
1505 2155 1538 2185 in
1563 2154 1624 2185 hac

248 2200 342 2236 parte
359 2196 536 2237 lequisitis,
554 2197 643 2236 quod
667 2197 803 2228 evidens
826 2197 1003 2228 necessitas
1027 2201 1060 2228 et
1085 2198 1261 2228 manifesta
1286 2198 1413 2228 utilitas
1438 2201 1623 2237 exposcunt

248 2240 318 2270 fie1i
345 2251 410 2280 que
442 2243 615 2279 petuntur,
645 2240 769 2271 Christi
798 2241 940 2271 Nomine
964 2241 1127 2278 invoca,to
1155 2241 1196 2271 de
1220 2241 1371 2271 unanimi
1395 2244 1429 2271 et
1453 2242 1623 2272 communi

248 2283 399 2313 omnium
425 2283 632 2322 presencium
664 2293 835 2318 consensu,
860 2284 1004 2321 consilio,
1029 2288 1063 2314 et
1093 2284 1341 2322 delibeiacione,
1373 2285 1556 2315 statuimus
1588 2288 1622 2315 et

247 2327 449 2364 ordinamus,
474 2326 681 2357 decernimus
705 2329 739 2357 et
762 2327 954 2366 diffinimus,
979 2328 1069 2367 quod
1100 2328 1210 2358 omnia
1240 2332 1273 2357 et
1304 2328 1434 2368 singula
1465 2328 1621 2367 Maneria,

250 2370 404 2408 Ecclesie,
421 2374 456 2400 et
472 2369 691 2409 possessiones
708 2370 796 2400 dicte
813 2371 956 2400 Ecclesie
974 2374 1084 2401 nostre
1101 2376 1321 2411 quecumque,
1342 2376 1379 2401 ut
1396 2371 1571 2410 prefertur,
1586 2382 1622 2402 ac

247 2414 397 2444 redditus
421 2416 456 2443 et
479 2413 692 2443 emolimenta
714 2413 790 2443 inde
815 2414 1051 2453 proveniencia,
1069 2414 1179 2454 equali
1203 2415 1356 2454 porcione
1379 2415 1568 2454 dividenda,
1587 2415 1622 2446 in

248 2466 460 2487 communem
479 2456 629 2486 omnium
654 2457 895 2487 Canonicorum
914 2468 989 2487 vere
1012 2457 1232 2488 residencium
1257 2468 1354 2488 usum
1379 2463 1413 2488 et
1438 2459 1620 2489 utilitatem

247 2500 376 2537 cedant,
394 2510 430 2530 ac
446 2500 574 2539 integre
591 2503 626 2529 et
649 2499 791 2530 fideliter
814 2504 1061 2539 convertantur,
1079 2501 1142 2531 sub
1165 2501 1391 2541 disposicione,
1409 2502 1569 2540 custodia,
1587 2506 1622 2532 et

245 2543 405 2583 regimine
429 2553 543 2573 eorum
561 2543 612 2573 vel
636 2543 896 2574 Senescallorum
922 2544 1047 2574 futuris
1070 2545 1238 2584 perpetuis
1263 2545 1469 2584 temporibus
1493 2556 1621 2576 reman-

245 2597 322 2617 sura
339 2597 346 2624 3
370 2586 561 2626 corporibus
580 2586 825 2617 Prebendarum
842 2587 980 2626 singulis
998 2587 1180 2623 Canonicis‚
1199 2591 1269 2618 tam
1291 2589 1501 2628 presentibus
1519 2599 1620 2629 quam

246 2630 450 2667 absentibus,
467 2640 503 2659 ac
518 2629 590 2660 aliis
606 2630 760 2660 oneribus
776 2630 864 2660 dicte
879 2630 1032 2669 Ecclesie,
1044 2630 1144 2670 juxta
1158 2631 1348 2661 Primariam
1362 2632 1619 2671 Fundaeionem,

246 2684 375 2713 semper
404 2672 541 2709 solidis;
579 2676 613 2703 et
643 2673 733 2712 quod
764 2673 959 2713 hujusmodi
984 2674 1139 2712 Maneria,
1165 2674 1318 2713 Ecclesie,
1343 2678 1377 2705 et
1401 2676 1620 2714 possessiones

248 2717 349 2747 nullis
373 2716 528 2756 deinceps
553 2716 726 2747 canonicis
750 2716 801 2747 vel
825 2717 906 2754 aliis,
923 2716 985 2747 nisi
1010 2717 1084 2756 plus
1108 2718 1335 2755 offerentibus,
1355 2722 1449 2749 extra
1472 2719 1621 2759 ipsorum

246 2760 295 2790 vel
327 2759 495 2790 dictorum
528 2759 790 2790 Senescallorum
823 2760 1008 2790 custodiam
1040 2760 1081 2790 de
1118 2764 1226 2791 cetero
1259 2762 1526 2801 committantur,
1558 2763 1621 2793 nisi

247 2803 352 2843 major
369 2803 545 2833 necessitas
563 2803 612 2833 vel
638 2803 836 2842 probabilior
861 2803 990 2834 utilitas
1014 2803 1157 2834 Ecclesie
1180 2804 1215 2834 id
1238 2808 1402 2844 exposcat.
1450 2806 1620 2837 Promitti-

245 2856 330 2885 mus,
356 2849 479 2885 tamen,
511 2846 551 2877 de
582 2856 743 2877 consensu
774 2846 923 2877 omnium
954 2847 1173 2887 presencium,
1201 2848 1291 2888 quod
1322 2848 1479 2880 Canonici
1511 2849 1623 2881 firmas
