1987 3062
95 341 170 368 A.D.

95 377 168 401 1380.

94 409 148 434 Vol
174 410 196 436 Ι.

402 241 689 276 REGISTRUM
726 242 1182 276 COMMUNE--ANNO
1223 234 1316 277 11⁰.
1531 230 1621 273 431

236 344 378 375 toritate
399 348 518 376 nostra
539 345 711 377 ordinaria
734 349 852 377 tenore
876 345 1095 378 Presencium
1121 345 1333 377 declaramus
1358 348 1391 376 et
1417 343 1630 375 decernimus

236 397 415 418 numerum
443 389 702 428 quaternarium
729 389 770 421 de
798 389 926 422 Ordine
952 390 1126 421 Minorum
1153 392 1188 420 et
1214 392 1351 420 tantum
1378 396 1557 418 numerum
1587 385 1627 417 de

238 428 365 461 Ordine
381 430 641 463 Predicatorum
658 432 944 471 Mendicancium,
978 433 1013 464 in
1029 431 1173 473 singulis
1189 431 1350 463 videlicet
1365 429 1628 460 Archidiacona-

232 471 327 504 tibus
347 473 511 514 predictis
532 485 638 505 unum
661 475 702 506 de
725 474 852 506 Ordine
873 475 1047 506 Minorum
1070 480 1103 507 et
1126 474 1231 506 alium
1254 474 1295 505 de
1318 472 1445 505 Ordine
1468 472 1626 503 Predica-

240 519 364 556 torum,
393 527 461 547 una
488 527 565 548 cum
592 517 667 549 aliis
695 517 833 550 Curatis
862 516 1089 557 Secularibus,
1120 516 1247 549 ibidem
1274 527 1373 558 posse
1402 516 1566 552 sufficere,
1597 518 1633 545 et

234 558 386 591 sufficere
405 558 537 599 debere,
559 560 602 591 ad
619 560 818 601 hujusmodi
837 560 1073 592 Confessiones
1091 560 1277 592 audiendas
1296 564 1330 592 et
1349 559 1516 590 salutares
1530 557 1627 589 Peni-

237 602 367 633 tencias
393 602 635 635 confitentibus
660 603 894 644 imponendas,
924 608 957 636 et
982 605 1096 644 ipsum
1121 613 1301 634 numerum
1326 607 1474 640 tantum,
1502 606 1537 633 et
1562 612 1631 632 non

240 644 342 685 ultra,
363 645 405 676 ad
424 645 484 677 hee
502 646 574 677 fore
592 651 808 687 assumptum
825 646 880 678 vel
898 646 1137 678 assumendum
1155 656 1217 687 pro
1236 650 1310 678 tota
1330 650 1447 678 nostra
1466 646 1602 677 Diocesi
1616 657 1624 683 ;

236 692 372 719 attenta
387 688 589 729 diligencius
605 690 712 730 ipsius
730 689 819 721 Cleri
837 694 870 721 et
886 689 1004 730 populi
1021 690 1196 729 paucitate
1211 702 1218 727 ;
1243 699 1320 720 cum
1337 689 1461 720 scimus
1478 692 1631 720 nostram

240 731 412 762 Dioeesim
429 732 552 772 majori
570 742 710 763 numero
729 742 831 773 qua-m
850 732 1066 773 premittitur
1082 733 1116 762 in
1135 731 1199 763 hac
1217 735 1316 772 parte
1334 730 1528 762 nullatenus
1547 731 1632 762 indi-

239 784 328 814 gere.
378 774 429 806 De
449 774 514 815 die,
537 785 628 814 vero,
650 775 859 816 recepcionis
878 774 1109 815 Presencium,
1133 779 1167 805 et
1187 773 1357 814 quomodo
1377 783 1515 814 presens
1537 775 1632 806 Man-

241 818 359 849 datum
387 822 543 849 nostrum
570 819 705 850 fuerit-is
735 818 880 856 executi,
912 828 985 856 nos,
1017 818 1105 849 citra
1133 818 1275 849 Festum
1305 818 1422 849 Sancti
1452 817 1632 849 Michaelis

236 861 440 902 predictum,
463 861 670 900 certificetis,
693 862 919 893 etc.—Dated
940 861 1093 900 London,
1116 863 1137 891 4
1157 860 1251 902 July.

198 915 463 965 Marystowe,
492 915 550 951 De
574 915 810 962 inquirendo
830 929 946 963 super
967 915 1283 963 1·epccr·aci0ne,——

191 967 290 1008 Item,
313 967 450 1008 ibidem,
473 969 592 1010 quinto
611 968 665 999 die
683 968 781 1007 Julii,
802 968 1004 999 mandatum
1024 968 1091 999 fuit
1110 967 1360 998 Archidiacono
1381 966 1552 1003 Tottonie,
1574 967 1629 998 vel

99 1739 145 1766 sol.
160 1741 201 1767 84.

243 1012 318 1052 ejus
342 1011 499 1051 officiali,
528 1012 571 1044 ad
596 1012 836 1053 inquirendum
861 1021 964 1052 super
987 1011 1206 1052 reparat-ione
1233 1010 1390 1041 facienda
1414 1012 1449 1041 in
1476 1009 1631 1042 domibus

240 1055 390 1087 Ecclesie
409 1056 451 1087 de
470 1056 582 1088 Stowe
603 1056 725 1087 Sancte
745 1055 866 1086 Marie.

203 1115 399 1164 Chagford
417 1130 427 1163 3
459 1116 605 1154 Contra
625 1129 760 1152 manus
778 1115 962 1151 violentas
981 1113 1175 1150 inicientes
1195 1113 1234 1149 in
1259 1113 1442 1150 Tlmmam
1461 1114 1623 1163 Crydgse‚

255 1170 301 1206 (Ze
321 1169 647 1219 Clcayqeforde,—

204 1223 358 1263 Thomas,
375 1227 450 1262 etc„
467 1223 699 1254 Archidiaconi
716 1223 821 1254 nostri
838 1221 994 1253 Tottonie
1011 1221 1149 1253 Officiali
1165 1231 1202 1252 ac
1217 1221 1351 1252 Rectori
1368 1222 1512 1253 Ecclesie
1528 1224 1624 1254 Paro-

247 1267 360 1298 chialis
383 1268 424 1298 de
449 1266 685 1307 Chaggeforde,
709 1267 862 1304 salutem,
880 1266 1075 1297 ete—Cum
1099 1275 1211 1295 omnes
1229 1268 1262 1295 et
1278 1265 1408 1303 singuli,
1427 1266 1529 1297 eciam
1553 1267 1627 1298 laici

247 1311 281 1340 in
298 1310 406 1349 laicos,
424 1321 543 1341 manus
559 1310 731 1340 inicientes
748 1313 872 1340 temere
895 1309 1069 1346 violentas,
1088 1308 1175 1338 infra
1192 1308 1353 1338 Ecclesias
1377 1309 1428 1339 vel
1454 1310 1625 1341 Cimiteria

247 1356 436 1384 nostrarum
456 1353 608 1385 Civitatis
625 1356 659 1383 et
675 1353 830 1391 Diocesis,
849 1363 905 1393 per
923 1352 1190 1383 Constituciones
1215 1351 1399 1391 Synodales
1422 1353 1506 1383 latas
1530 1354 1563 1384 in
1587 1365 1625 1384 ea

248 1400 343 1436 parte
359 1397 495 1437 provide
519 1400 552 1426 et
575 1396 743 1434 admissas,
768 1396 846 1433 sint,
883 1396 954 1435 ipso
976 1395 1074 1433 sacto,
1101 1395 1235 1435 Majoris
1262 1395 1625 1428 Excommunicacionis

248 1440 381 1470 viuculo
404 1440 564 1477 innodati,
588 1440 745 1480 quodque
769 1439 921 1469 nonnulli
944 1438 1132 1477 iniquitatis
1168 1438 1236 1475 filii,
1268 1448 1410 1478 quorum
1434 1440 1569 1471 nomina
1593 1444 1628 1472 et

249 1483 443 1522 cognomina
473 1483 567 1513 nobis
598 1483 732 1523 penitus
755 1483 959 1522 ignorantur,
989 1482 1151 1512 Thomam
1179 1482 1320 1521 Crydye,
1345 1481 1551 1514 Servientem
1575 1495 1623 1514 ar-

248 1536 379 1557 morum
411 1527 547 1557 Domini
574 1526 679 1556 nostri
710 1526 817 1566 Regis,
840 1525 927 1556 infra
959 1525 1170 1556 Cimiterium
1195 1525 1337 1555 Ecclesie
1361 1525 1560 1557 Parochialis
1584 1528 1626 1558 de

251 1569 478 1610 Chaggeforde
494 1569 651 1610 predicte,
663 1579 768 1609 usque
781 1580 845 1599 non
860 1569 1021 1599 modicam
1035 1568 1204 1608 sanguinis
1217 1568 1419 1607 effusionem,
1439 1572 1477 1600 ut
1493 1570 1626 1608 dicitur,

249 1613 394 1650 graviter
409 1613 629 1644 vulnerarunt
647 1623 654 1645 :
671 1613 760 1643 unde
776 1623 841 1643 non
860 1616 910 1642 est
926 1611 1080 1649 dubium,
1096 1611 1123 1641 si
1138 1612 1184 1641 ita
1201 1611 1255 1647 sit,
1269 1611 1398 1642 dictum
1413 1612 1624 1644 Cimiterium

248 1657 318 1686 fore
335 1657 512 1696 pollutum,
530 1659 564 1687 et
587 1666 606 1686 a
621 1657 792 1696 sepultura
816 1655 849 1686 in
867 1655 982 1685 eodem
1006 1655 1114 1685 fienda
1138 1665 1312 1695 quousque
1337 1656 1625 1688 Reconciliacionis

249 1699 445 1730 beneficium
473 1699 658 1730 obtinuerit
684 1710 702 1729 a
728 1702 822 1739 parte
849 1698 935 1739 juris
966 1698 1100 1738 penitus
1123 1701 1380 1738 sequestratum,
1411 1700 1625 1741 prefatosque

247 1743 447 1782 injuriantes
463 1743 495 1773 in
513 1742 674 1783 Majorem
692 1741 1056 1773 Excommunicacionis
1073 1742 1296 1779 Sentenciam,
1316 1741 1387 1782 ipso
1399 1743 1497 1781 facto,
1510 1744 1623 1784 damp-

249 1787 407 1817 nabiliter
422 1787 585 1817 incidisse.
636 1786 794 1824 Quocirca
811 1785 913 1822 vobis,
928 1785 1135 1825 conjunctim
1152 1790 1186 1814 et
1202 1785 1344 1823 divisim,
1369 1787 1623 1826 committimus,

248 1832 321 1868 etc.,
361 1830 530 1870 quatinus,
562 1840 662 1870 super
692 1829 860 1869 premissis
891 1828 1085 1868 diligencius
1123 1828 1340 1868 inquirenteS,
1372 1829 1399 1859 si
1429 1829 1625 1870 hujusmodi

248 1873 441 1904 violenciam
459 1875 556 1904 modo
573 1883 639 1913 quo
656 1873 866 1913 premittitur
881 1872 1093 1911 reppereritis
1109 1871 1178 1901 sore
1194 1872 1325 1908 factam,
1338 1872 1506 1912 prefatum
1525 1874 1624 1905 Cimi-

248 1916 371 1947 terium
394 1917 571 1957 pollutum,
591 1920 629 1947 ut
649 1917 824 1956 prefertur,
843 1916 992 1953 existere,
1017 1915 1190 1955 dictosque
1214 1915 1428 1946 vulnerantes
1451 1920 1485 1946 et
1508 1917 1624 1957 injuri-

247 1963 341 1990 antes
356 1960 402 1990 sic
417 1960 719 1991 excommunicatos
736 1959 837 1990 fuisse
853 1963 887 1989 et
904 1969 983 1992 esse,
1003 1969 1078 1988 cum
1094 1958 1184 1988 omni
1200 1958 1434 1998 solempnitate
1450 1960 1571 1999 debita,
1592 1961 1625 1992 in

248 2003 393 2034 Ecclesia
407 2004 588 2034 Parochiali
601 2004 642 2034 de
659 2003 886 2042 Chaggeforde
900 2002 1035 2042 prefata,
1050 2001 1254 2041 singulisque
1269 2002 1423 2033 Ecclesiis
1436 2003 1625 2034 Decunatus

250 2046 292 2076 de
307 2047 468 2086 Mor-tone,
486 2047 518 2077 in
536 2057 603 2087 quo
619 2047 708 2077 dicta
731 2045 876 2076 Ecclesia
893 2046 934 2076 de
952 2045 1179 2084 Chaggeforde
1202 2046 1327 2075 situata
1351 2046 1473 2084 existit,
1499 2047 1625 2078 Diebus

250 2089 433 2121 Dominicis
449 2095 483 2120 et
500 2090 650 2128 Festivis,
668 2090 755 2120 intra
770 2089 945 2119 Missurum
957 2088 1138 2128 solempnia
1150 2088 1326 2128 publicetis
1343 2092 1376 2120 et
1394 2090 1601 2121 denuncietis
1616 2102 1624 2128 ;

249 2143 268 2162 a
283 2133 540 2164 denunciacione
552 2133 745 2173 hujusmodi
762 2143 827 2163 non
840 2135 1004 2162 cessantes
1017 2142 1191 2172 quousque
1203 2132 1293 2162 aliud
1306 2143 1324 2162 a
1337 2133 1430 2163 nobis
1442 2133 1625 2164 habueritis

249 2176 282 2206 in
300 2177 474 2207 mandatis.
524 2175 559 2206 Si
575 2187 667 2217 quos,
685 2187 771 2213 vero,
788 2175 1005 2206 reclamantes
1021 2175 1215 2205 inveneritis
1230 2175 1264 2205 in
1290 2175 1350 2206 hae
1375 2180 1480 2216 parte,
1506 2177 1624 2216 citetis,

250 2229 307 2250 seu
324 2220 419 2250 citari
436 2220 572 2258 faciatis,
590 2219 821 2259 peremptorie,
845 2219 987 2257 eosdem,
1005 2219 1094 2258 quod
1118 2222 1331 2258 compareant
1353 2229 1462 2250 coram
1488 2220 1627 2250 Officiali

250 2266 362 2293 nostro
380 2263 566 2302 Principali,
583 2263 646 2300 vel,
665 2263 698 2293 in
716 2263 788 2302 ejus
804 2262 963 2299 absencia,
984 2262 1088 2292 nostri
1102 2262 1296 2292 Consistorii
1310 2262 1506 2292 Exoniensis
1520 2264 1624 2294 Presi-

249 2306 361 2344 dente,
380 2306 413 2336 in
435 2306 574 2336 Ecclesia
590 2309 703 2336 nostra
719 2306 907 2343 Exonieusi,
925 2305 1035 2345 aliquo
1051 2308 1140 2335 certo
1157 2304 1210 2334 die
1227 2305 1453 2336 Consistoriali
1466 2316 1565 2346 quem
1580 2307 1626 2337 eis

252 2349 401 2380 videritis
418 2349 655 2389 prefigendum,
673 2359 805 2380 causam
818 2349 1062 2379 reclainacionis
1077 2358 1135 2378 sue
1150 2348 1183 2378 in
1197 2348 1397 2388 formajuris
1413 2350 1625 2389 proposituri,

251 2395 294 2429 et,
306 2393 332 2422 si
345 2402 474 2422 neeesse
486 2392 597 2428 fuerit,
612 2393 828 2432 personaliter
838 2391 993 2432 juraturi,
1008 2391 1222 2430 ulteriusque,
1237 2395 1296 2422 ete.
1335 2392 1379 2422 Et
1389 2392 1470 2431 quid
1482 2393 1626 2424 feceritis

251 2435 283 2465 in
303 2436 468 2475 premissis
485 2436 671 2466 certificetis
687 2436 815 2466 dictum
833 2435 1013 2466 Officialem
1029 2438 1088 2464 aut
1106 2434 1346 2472 Presidentem,
1359 2435 1555 2475 hujusmodi
1571 2438 1625 2467 die

251 2481 286 2508 et
302 2479 381 2517 loeo,
400 2489 464 2509 una
487 2489 564 2509 eum
587 2479 783 2519 hujusmodi
806 2479 983 2508 citatorum
1008 2477 1200 2508 nominibus
1224 2481 1258 2508 et
1281 2479 1544 2517 cognominibus,
1569 2491 1627 2520 per

254 2522 381 2552 Literas
398 2525 532 2560 vestras,
550 2522 771 2552 etc.-—Dated
789 2522 937 2559 London‚
957 2522 973 2551 5
991 2521 1082 2561 July.

207 2577 509 2624 Testamentary
525 2589 535 2622 3
563 2576 768 2613 Relaoeaczb
796 2576 987 2624 Sequesfrz‘
1015 2575 1057 2611 in
1087 2575 1190 2611 honis
1228 2575 1407 2612 Wz'llelmi
1438 2576 1624 2624 Gz'lherde,

261 2630 442 2677 dffunctz’,
463 2631 644 2675 intestati,
667 2637 700 2666 et
719 2630 981 2678 acquielancz'a
991 2630 1199 2676 finalis,—

208 2683 361 2721 Thomas,
389 2687 460 2721 etc„
486 2683 645 2723 Magistro
668 2683 814 2714 ,Johauni
838 2683 878 2713 de
907 2682 1120 2720 Northwode,
1152 2682 1290 2713 Officiali
1315 2687 1426 2714 nostre
1450 2685 1628 2716 Peculiaris

252 2727 502 2758 Jurisdiccionis
525 2727 558 2757 in
582 2727 739 2764 Devonia,
763 2727 916 2764 salutem,
940 2726 1135 2763 ete—Quia
1157 2737 1216 2756 nos
1240 2727 1459 2767 sequestrum
1476 2728 1509 2758 in
1534 2729 1628 2760 bonis

251 2770 420 2810 quondam
436 2770 594 2800 willelmi
611 2770 788 2810 Gylberde,
804 2769 964 2807 defuncti,
983 2779 1040 2809 per
1056 2779 1112 2798 vos
1125 2769 1370 2809 interpositum,
1388 2773 1510 2809 tamen,
1528 2773 1628 2803 certis

250 2824 291 2845 ex
318 2813 423 2845 causis
458 2817 490 2844 et
518 2813 674 2856 legitimis
704 2823 764 2845 nos
789 2814 829 2843 ad
857 2812 918 2843 hoc
945 2812 1166 2852 moventibus,
1199 2813 1431 2853 relaxavimus,
1458 2815 1625 2847 Adminis-
