1987 3062
127 336 160 361 A.
165 335 202 361 D.

129 368 202 395 1373.

125 403 190 428 Vol.

130 437 170 462 11.

507 230 674 263 ROYAL
711 229 922 263 LETTERS
957 230 1061 263 AND
1098 230 1271 266 WRITS.
1566 221 1653 264 191

278 339 348 368 tam
365 346 424 377 pro
440 336 632 367 defensione
650 336 793 367 Ecclesie
810 336 930 368 Sancte
947 338 981 366 et
997 335 1103 375 Regni
1119 334 1224 365 nostri
1241 334 1369 374 Anglie,
1386 345 1423 366 ac
1438 335 1578 366 aliorum
1596 338 1658 366 ter-

278 390 391 411 rarum
407 383 607 417 nostrarum,
626 390 725 420 quam
743 390 802 420 pro
818 379 1071 420 recuperacione
1087 379 1107 409 J
1111 378 1221 409 urium
1239 382 1430 409 nostrarum
1451 379 1485 409 in
1505 379 1661 409 Partibus

280 423 417 455 Francie
433 434 498 463 que
515 423 668 462 Karolus,
685 424 892 454 adversarius
917 426 1028 453 noster
1052 422 1078 452 F
1080 422 1198 460 rancie,
1216 425 1249 452 et
1266 422 1328 452 sibi
1349 423 1546 453 adherentes
1567 422 1662 452 nobis

280 467 436 498 detinent
460 466 571 497 minus
594 466 694 507 juste,
719 467 808 497 ultra
831 470 866 497 et
893 476 994 506 supra
1019 476 1109 496 mare
1133 465 1348 505 providemus
1376 466 1567 503 destinare;
1591 476 1660 504 nos,

280 513 450 551 sperantes
467 510 658 541 oracionum
681 511 835 550 suffragia.
851 513 884 540 et
901 510 964 540 alia
986 509 1118 549 pietatis
1141 519 1239 549 opera
1260 509 1354 540 nobis
1370 513 1405 540 et
1421 509 1519 540 dictis
1541 510 1567 540 F
1570 509 1661 540 ideli-

281 555 344 585 bus
368 554 498 592 nostris,
523 554 558 584 in
582 554 718 593 agendis
742 554 914 593 predictis,
937 553 1006 583 fore
1032 552 1216 592 plurimum
1244 556 1418 592 oportuna,
1447 563 1504 583 vos
1533 556 1662 583 attente

283 607 438 637 rogamus
454 597 614 637 quatinus
638 608 697 637 pro
718 597 814 627 nobis
838 600 872 627 et
895 600 988 628 statu
1013 596 1094 627 dicti
1119 596 1224 636 Regni
1247 596 1353 626 nostri
1370 596 1498 636 Angue,
1516 607 1552 626 ac
1576 596 1663 626 felici

283 640 495 681 expedicione
511 641 658 681 ipsorum
677 640 842 671 Fidelium
859 643 1060 678 nostrorum,
1073 650 1186 680 preces
1205 639 1341 670 devotas
1358 640 1527 670 effundere
1544 639 1662 678 velitis,

284 687 322 715 ut
340 684 503 724 possimus
517 684 712 714 adversariis
729 685 851 714 nostris
867 684 901 714 iu
919 687 1104 714 vestrarum
1118 683 1282 714 ereccione
1296 694 1457 714 manuum
1476 683 1640 723 prevalere
1657 693 1663 720 3

283 731 326 766 et,
353 730 392 758 ut
415 727 457 757 ad
481 727 798 767 multiplicacionem
830 737 965 767 precum
994 727 1112 758 Gracia
1136 727 1274 757 Celestis
1306 727 1500 765 exhuberet,
1525 726 1663 765 faciatis,

284 771 441 812 petimus,
459 781 518 811 per
534 774 661 801 vestras
678 771 857 801 Civitatem
875 774 909 801 et
923 770 1086 801 Diocesim
1107 770 1221 800 Missas
1238 771 1405 808 celebrari,
1422 770 1666 810 predicaciones

286 819 320 846 et
336 814 560 855 processiones
577 814 656 852 fieri,
674 818 708 845 et
724 814 788 844 alia
804 814 855 854 pie
872 814 1068 854 placacionis
1084 813 1189 844 officia
1205 815 1357 851 exerceri,
1376 817 1415 844 ut
1437 814 1528 844 Deus
1551 814 1663 845 Omni-

285 861 412 899 potens,
429 858 541 898 justus
558 858 679 896 Judex,
697 858 785 889 inter
802 868 860 888 nos
882 861 916 888 et
938 857 1044 888 dictos
1066 858 1268 888 adversarios
1291 860 1423 888 nostros
1439 857 1612 897 dijudicet,
1632 861 1667 887 et

286 901 381 932 nobis
405 901 439 932 in
459 900 595 941 justicia
619 902 785 941 prevalere
802 902 986 939 concedat3
1010 901 1057 931 ita
1080 901 1171 941 quod
1194 902 1236 931 ad
1260 901 1320 932 Sui
1344 901 1440 931 cedat
1466 901 1573 931 laudis
1597 911 1667 941 pre-

286 946 429 983 conium,
446 945 541 975 nobis
557 945 600 975 ad
618 945 786 984 meritum,
805 948 838 975 et
856 944 981 976 Christi
999 944 1168 975 Fidelibus
1185 945 1397 975 commodum
1416 947 1450 975 et
1466 945 1669 985 quietem.—

286 988 395 1020 Dated
412 992 447 1019 at
462 988 707 1026 Westminster,
726 989 764 1019 16
782 988 881 1019 June.

135 1044 188 1070 fol.
202 1045 226 1069 5.
247 1043 631 1079 43.—ARonn1‹:AcoNRY
649 1052 690 1073 or
707 1044 845 1073 EXETER
860 1042 1051 1082 (4).-Oum
1063 1053 1123 1073 nos
1139 1053 1245 1083 nuper
1262 1043 1295 1073 in
1308 1043 1408 1073 Curia
1423 1046 1546 1081 nostra,
1561 1054 1669 1074 eoram

291 1087 394 1124 nobis,
420 1097 478 1126 per
501 1087 605 1116 Breve
629 1090 783 1117 nostrum
811 1087 1116 1126 recuperaverimus
1141 1087 1430 1117 Presentacionem
1455 1090 1604 1117 nostram
1629 1087 1670 1117 ad

290 1130 607 1161 Archidiaconatum
634 1130 866 1169 Exoniensem,
899 1140 1006 1169 nuper
1034 1133 1216 1167 vacantem,
1249 1134 1283 1160 et
1309 1130 1351 1160 ad
1382 1133 1529 1160 nostram
1563 1131 1671 1160 Dona-

290 1173 418 1204 cionem
446 1176 653 1213 spectantem
675 1174 804 1203 racione
832 1173 1069 1213 temporalium
1093 1173 1312 1213 Episcopatus
1340 1174 1481 1213 predicti
1508 1174 1541 1204 in
1570 1184 1671 1204 manu

290 1220 404 1247 nostra
421 1227 527 1256 nuper
543 1217 772 1254 existencium,
790 1227 904 1247 versus
926 1227 983 1247 vos
1007 1220 1042 1247 et
1065 1217 1202 1247 Petrum
1227 1217 1268 1247 de
1292 1217 1443 1255 EverinO,
1463 1217 1671 1248 Cardinalem

292 1260 406 1290 Titulo
422 1260 542 1290 Sancte
559 1260 662 1290 Marie
675 1260 708 1290 in
722 1260 863 1297 Vialata‚
880 1270 938 1300 per
952 1260 1259 1290 Consideracionem
1275 1260 1425 1300 ejusdem
1440 1260 1540 1291 Curie
1551 1264 1672 1299 nostre,

294 1306 395 1344 prout
418 1314 475 1343 per
498 1304 685 1334 Recordum
709 1306 743 1334 et
767 1303 962 1334 Processum
985 1303 1063 1333 iude
1086 1313 1197 1333 coram
1221 1303 1315 1333 nobis
1339 1304 1520 1334 residencia
1545 1304 1674 1343 plenius

294 1346 418 1387 poterit
434 1357 612 1387 apparere;
637 1357 673 1377 ac
689 1346 758 1387 jam
781 1347 1044 1377 intellexerimus
1066 1347 1165 1387 quod,
1182 1346 1261 1377 licet
1276 1357 1336 1377 nos
1357 1347 1485 1378 dictum
1508 1347 1673 1378 Archidia-

293 1393 450 1421 conatum
467 1390 587 1420 dilecto
604 1390 720 1420 clerico
737 1393 859 1428 nostro,
877 1390 1004 1420 'rhome
1019 1390 1060 1420 de
1078 1390 1208 1429 Swa'oy,
1227 1391 1466 1421 contulerimus
1483 1391 1584 1431 Regio
1600 1391 1675 1431 jure

293 1436 418 1472 nostro,
435 1436 470 1464 et
487 1433 578 1463 vobis
594 1433 863 1464 mandaverimus
887 1434 977 1473 quod
993 1433 1103 1473 ipsum
1120 1433 1283 1463 ‘rhomam
1300 1434 1341 1464 ad
1358 1434 1675 1464 Archidiaconatum

292 1476 480 1517 predictum
498 1477 731 1515 admitteretis,
749 1480 784 1507 et
808 1477 836 1507 ei
859 1477 1060 1516 corporalem
1084 1477 1323 1517 possessionem
1345 1477 1423 1507 inde
1446 1478 1596 1508 faceretis
1620 1478 1674 1508 ha-

293 1521 394 1557 bere3
422 1530 547 1559 vosque
570 1520 681 1560 ipsum
704 1521 745 1550 ad
770 1520 1086 1551 Archidiaconatum
1110 1520 1215 1558 illum,
1242 1523 1397 1560 pretextu
1422 1521 1502 1552 dicti
1528 1521 1676 1551 Mandati

295 1563 401 1594 nostri
417 1563 626 1602 admiseritis,
645 1569 679 1594 et
694 1563 757 1594 sibi
781 1563 980 1603 corporalem
1007 1563 1245 1603 possessionem
1267 1563 1345 1594 inde
1367 1564 1487 1595 habere
1508 1564 1652 1595 feceritis
1670 1575 1677 1602 3

294 1617 361 1646 vos,
379 1610 503 1644 tamen,
520 1607 652 1638 dictum
670 1607 986 1638 Archidiaconatum
1010 1610 1045 1637 et
1068 1607 1214 1647 proficua
1237 1607 1315 1638 inde
1338 1607 1372 1638 in
1397 1617 1516 1638 manus
1540 1611 1676 1646 vestras,

295 1650 420 1690 absque
435 1650 520 1690 juris
537 1661 700 1690 processu,
714 1651 901 1681 voluntarie
917 1650 1162 1690 sequestrastis,
1180 1654 1213 1680 et
1230 1650 1293 1681 sub
1310 1654 1379 1681 tam
1396 1654 1468 1682 arta
1485 1652 1677 1692 Sequestra-

295 1693 398 1725 cionis
413 1694 566 1724 custodia
586 1694 697 1724 facitis
719 1694 861 1724 detineri
885 1694 976 1734 quod
999 1694 1088 1724 idem
1112 1694 1250 1724 clericus
1268 1697 1382 1725 noster
1399 1695 1584 1734 proficuum
1601 1696 1678 1725 inde

296 1740 466 1777 reportare
483 1748 548 1767 non
566 1740 687 1777 potest,
705 1738 737 1768 in
756 1737 862 1768 nostri
878 1740 1111 1777 contemptum
1125 1741 1159 1768 et
1176 1737 1408 1777 prejudicium,
1423 1742 1457 1769 et
1472 1739 1557 1779 juris
1574 1739 1679 1769 nostri

297 1783 332 1811 et
359 1780 475 1821 judicii
503 1781 729 1821 predictorum
754 1781 1003 1811 enervacionem
1031 1784 1065 1811 et
1096 1781 1195 1821 Regie
1219 1782 1346 1812 Corone
1374 1785 1485 1812 nostre
1502 1783 1678 1812 exhereda-

297 1824 425 1855 cionem
448 1823 686 1862 manifestam;
710 1835 779 1862 nos,
803 1824 878 1865 jura
902 1828 1014 1855 nostra
1038 1824 1140 1863 Regia
1163 1828 1197 1854 et
1220 1824 1344 1864 judicia
1367 1826 1399 1855 in
1426 1825 1535 1857 Curiis
1559 1826 1680 1856 nostris

297 1867 361 1898 rite
383 1867 524 1905 reddita,
544 1871 644 1907 prout
661 1868 791 1898 vinculo
814 1868 999 1908 juramenti
1021 1868 1250 1908 astringimur,
1276 1868 1404 1898 illibata
1427 1879 1629 1908 conservare,
1647 1872 1682 1900 et

297 1911 595 1949 contravenientes,
608 1910 708 1951 juxta
727 1910 813 1951 juris
831 1911 1034 1952 exigenciam
1051 1915 1085 1941 et
1101 1922 1239 1942 suorum
1256 1911 1426 1950 demerita,
1445 1913 1569 1952 absque
1586 1913 1680 1943 dissi-

299 1954 486 1985 mulacione
508 1954 660 1994 castigari
685 1955 834 1985 volentes
858 1958 892 1985 et
914 1954 1034 1995 puniri,
1059 1955 1152 1985 vobis
1174 1956 1383 1994 mandamus,
1408 1955 1548 1986 firmiter
1570 1956 1680 1996 injun-

300 2000 425 2038 gentes,
443 1998 543 2038 quod,
560 1998 587 2028 si
602 1998 651 2028 ita
667 2001 726 2037 est,
744 2001 827 2029 tunc
844 1998 1066 2038 Sequestrum
1084 1999 1282 2038 predictum,
1300 1999 1425 2039 absque
1442 1999 1584 2039 alicujus
1602 2000 1680 2030 dila-

298 2041 402 2071 cionis
418 2041 565 2081 diffugio,
579 2041 719 2072 relaxari
735 2041 874 2080 faciatis,
888 2045 923 2072 et
938 2042 1049 2081 ipsum
1066 2042 1222 2072 clericum
1236 2050 1389 2072 nostrum
1406 2043 1447 2073 de
1463 2043 1552 2073 dicto
1566 2043 1681 2074 Archi-

300 2084 478 2115 diaconatu
502 2087 537 2115 et
559 2084 706 2124 proficuo
723 2085 886 2125 ejusdem,
905 2088 1006 2124 prout
1029 2085 1071 2115 ad
1095 2085 1205 2125 ipsum
1229 2086 1385 2125 pertinet,
1403 2086 1528 2126 absque
1544 2087 1681 2126 impedi-

300 2130 416 2158 mento
439 2127 559 2168 aliquo,
584 2128 759 2168 disponere
782 2128 998 2168 permittatis,
1022 2128 1222 2169 cuicumque
1246 2129 1370 2165 lesioni‚
1392 2130 1607 2168 enervacioni,
1625 2141 1682 2160 seu

301 2171 536 2211 inpugnacioni
551 2171 636 2212 juiis
653 2172 759 2202 nostli
775 2175 809 2202 et
824 2171 942 2212 judicii
958 2172 1194 2211 predictomm,
1211 2182 1273 2211 qur
1269 2182 1411 2212 cunque
1427 2174 1627 2203 auctoritate
1643 2174 1684 2203 de

302 2218 411 2245 cetero
427 2214 598 2253 faciendis,
614 2215 749 2255 penitus
766 2215 976 2252 desistentes,
994 2215 1058 2245 sub
1074 2215 1219 2254 periculo
1236 2216 1327 2255 quod
1343 2216 1517 2246 incumbit.
1582 2217 1637 2254 Et,
1657 2216 1685 2246 si

302 2268 399 2288 causa
415 2258 620 2288 racionabilis
638 2258 806 2289 subfuerit
824 2268 926 2298 quare
942 2258 977 2288 id
997 2258 1103 2288 facere
1119 2269 1185 2288 non
1203 2258 1362 2296 debeatis,
1384 2262 1465 2289 tunc
1481 2270 1541 2289 nos
1557 2260 1635 2289 inde
1650 2260 1684 2290 in

304 2301 505 2332 Cancellaria
529 2305 651 2337 nostra,
675 2302 738 2332 sub
760 2302 867 2342 sigillo
890 2305 1010 2339 vestro,
1039 2302 1197 2332 distincte
1221 2304 1255 2332 et
1281 2305 1403 2341 aperte,
1428 2302 1498 2332 sine
1525 2303 1685 2333 dilacione

303 2344 451 2375 reddatis
468 2345 801 2377 cerciores.—Tested
818 2348 854 2376 at
868 2345 1113 2383 Westminster,
1131 2346 1171 2376 20
1188 2345 1389 2376 June.—See
1405 2356 1458 2385 pp.
1479 2346 1528 2384 18,
1548 2347 1618 2377 184.

261 2397 546 2437 44.—(5)-Cum
570 2409 629 2429 nos
653 2409 760 2439 nuper
786 2399 820 2429 in
849 2399 949 2431 Curia
974 2402 1096 2437 nostra,
1123 2409 1232 2429 coram
1268 2399 1468 2430 Justiciariis
1497 2401 1621 2431 nostris
1644 2401 1686 2431 de

305 2442 426 2479 Banco,
459 2452 517 2482 per
547 2442 652 2472 Breve
682 2446 837 2473 nostrum
866 2442 1180 2482 recuperaverimus,
1213 2445 1274 2473 etc.
1306 2447 1343 2472 ut
1373 2452 1474 2482 supra
1498 2454 1594 2483 usque
1624 2444 1686 2475 sub

305 2485 451 2524 periculo
474 2485 564 2525 quod
587 2486 763 2523 incumbit,
787 2490 815 2516 et
837 2490 914 2516 tunc
930 2485 1071 2516 sic—vel
1096 2495 1228 2516 causam
1252 2485 1346 2516 nobis
1370 2486 1562 2526 significetis
1585 2498 1688 2528 quare

306 2528 506 2559 Mandatum
529 2532 694 2567 nostrum,
713 2528 792 2559 alias
808 2528 901 2559 vobis
924 2528 1002 2559 inde
1026 2529 1201 2568 directum,
1222 2529 1341 2569 exequi
1365 2530 1528 2569 noluistis,
1546 2531 1596 2561 vel
1622 2541 1687 2562 non

308 2571 643 2611 potuistis.—Tested
660 2575 695 2602 at
710 2572 955 2610 Westminster,
975 2572 990 2602 1
1009 2572 1029 2602 J
1034 2571 1101 2612 uly.

264 2624 546 2665 45.--(6)—Cum
563 2636 623 2656 nos
639 2636 745 2666 nuper
761 2626 795 2656 in
814 2626 913 2657 Curia
929 2628 1051 2663 nostra,
1069 2629 1105 2656 ut
1120 2635 1221 2666 supra
1246 2636 1341 2666 usque
1364 2627 1517 2668 castigari
1541 2629 1689 2660 volentes

308 2671 343 2699 et
359 2669 480 2709 puniri,
498 2669 590 2700 vobis
614 2669 738 2709 pluries
762 2669 1039 2707 mandaverimus,
1064 2669 1205 2700 firmiter
1228 2669 1452 2710 injungentes,
1478 2673 1568 2712 quod
1591 2673 1620 2703 si
1643 2673 1690 2703 ita

309 2715 397 2742 esset
421 2712 497 2751 (em,
514 2712 606 2743 down
629 2717 659 2743 to
682 2713 773 2753 quod
795 2712 985 2751 incumbit),
1010 2713 1061 2743 vel
1086 2723 1218 2743 causam
1242 2713 1336 2744 nobis
1360 2714 1588 2754 significaretis
1613 2715 1690 2755 (eta,

310 2755 402 2786 down
433 2759 462 2786 to
489 2766 555 2786 non
582 2756 778 2796 potuistis);
809 2766 846 2786 ac
870 2766 937 2794 vos,
967 2756 1086 2796 spretis
1114 2756 1281 2787 Mandatis
1306 2759 1428 2788 nostris
1456 2759 1623 2798 predictis,
1653 2764 1692 2790 ut

311 2799 508 2839 accepimus,
526 2799 683 2839 premissa
706 2800 821 2837 facere,
838 2799 891 2830 vel
913 2799 1031 2830 saltem
1055 2809 1188 2830 causam
1205 2810 1306 2840 quare
1329 2811 1367 2831 ea
1393 2801 1499 2832 facere
1524 2802 1690 2841 noluistis,

315 2841 367 2875 vel
390 2852 457 2873 non
484 2842 652 2885 potuistis,
680 2843 776 2874 nobis
802 2842 987 2884 significare
1012 2842 1174 2876 hactenus
1200 2853 1268 2875 non
1299 2845 1502 2885 curaveritis,
1530 2845 1565 2877 in
1588 2846 1695 2879 nostri
