1987 3062
240 200 331 243 150

237 313 312 339 AD.

236 347 312 373 1375.

236 380 302 406 Vol.

240 415 280 440 ΙΙ.

435 208 533 240 THE
569 206 811 240 REGISTER
847 207 906 239 OF
950 206 1125 240 BISHOP
1168 207 1567 242 BRANTYNGHAM.

389 313 536 344 muniter
559 315 593 343 et
616 312 748 343 divisim
772 311 962 342 inhibemus
986 322 1036 349 ne,
1054 311 1089 342 in
1107 311 1317 343 Visitacionis
1340 315 1452 343 nostre
1476 312 1674 353 hujusmodi
1697 321 1771 352 pre-

389 357 564 398 judicium,
582 358 657 396 post
685 356 799 386 datam
824 358 855 385 et
881 354 1143 385 notificacionem
1168 355 1390 394 Presencium,
1418 356 1598 396 quicquam
1622 366 1680 395 per
1703 365 1770 392 vos,

391 401 495 431 alium
513 411 570 430 seu
587 399 677 437 alios,
695 398 914 438 attemptetis‚
932 402 993 428 aut
1016 398 1144 428 faciatis
1168 409 1225 429 seu
1250 399 1452 438 permittatis
1469 399 1675 439 attemptari,
1694 408 1774 438 quo-

395 444 505 475 minus
539 443 670 483 plenam
702 445 736 472 et
767 442 904 472 liberam
935 441 1115 472 habeamus
1147 442 1358 473 Visitacionis
1391 443 1545 474 Officium
1584 440 1775 473 excercendi

394 487 600 525 facultatem,
617 486 691 526 jure
710 485 810 525 Regio
827 488 860 515 et
877 488 990 515 nostro
1007 485 1395 525 supradictis.''—Dated
1412 489 1446 518 at
1463 486 1569 527 Clyst⁷
1587 487 1605 516 9
1624 484 1727 525 April.

351 551 506 589 89.-To
524 552 662 582 Masters
679 551 768 581 John
786 550 900 581 Wiliet
916 551 981 580 and
998 550 1124 581 Walter
1147 551 1188 581 de
1212 552 1409 591 Bamptone‚
1431 552 1561 582 Canons
1584 551 1618 581 of
1644 551 1775 587 Exeter,

253 1550 304 1577 fol.
320 1550 379 1575 251).

258 1746 344 1777 [A.D.

260 1780 348 1809 1373.]

398 596 463 627 and
489 595 632 626 Thomas
656 593 822 631 Tuchelle‚
848 594 885 624 R.
911 594 945 623 of
968 594 1410 634 Stoke-in-Teignhead.—-“
1428 596 1475 625 Ex
1499 597 1593 635 parte
1616 592 1778 625 Johannis

399 639 497 677 Serle,
515 638 594 668 alias
611 637 691 668 dicti
708 637 866 677 Kirkeby,
884 637 1003 675 clerici,
1023 637 1117 667 nobis
1134 638 1248 668 extitit
1270 638 1465 668 intimatum
1482 638 1572 678 quod
1596 637 1665 678 ipse
1688 636 1778 674 olim,

401 684 441 713 ad
459 681 633 712 subdolam
658 680 925 720 procuracionem
949 683 983 711 et
1007 681 1208 711 maliciosam
1233 681 1500 721 procuracionem
1525 681 1699 721 cujusdam
1723 680 1778 710 Jo-

400 725 518 756 hannis
538 724 678 764 Wayfer,
697 727 813 764 captus
830 724 905 762 fuit,
923 724 1017 764 qnasi
1041 734 1116 755 cum
1141 735 1349 764 manuopere,
1368 735 1443 755 cum
1469 735 1535 755 una.
1559 734 1659 765 parva
1682 723 1781 754 coffra

400 772 516 807 serata,
549 768 648 808 precii
672 767 791 807 viginti
814 767 1035 805 denariorum,
1061 771 1096 798 et
1119 768 1232 798 decem
1257 771 1291 798 et
1313 778 1431 798 novem
1458 768 1559 805 libris,
1584 768 1617 798 in
1642 777 1722 798 auro
1746 769 1781 796 et

404 816 550 852 argentO,
576 811 608 841 in
633 811 747 841 eadem
771 811 869 840 coffra
892 811 1123 848 existentibus,
1148 814 1181 842 et
1206 822 1271 841 uno
1298 822 1383 851 equo
1411 822 1487 842 cum
1516 811 1597 841 cella
1620 814 1655 841 et
1678 811 1780 848 freno,

403 855 505 896 precii
520 858 664 895 quatuor
681 864 878 891 marcarum,
898 855 938 884 de
962 855 1092 893 prefato
1109 855 1261 885 Johanne
1278 855 1421 895 VVayfer,
1434 855 1486 885 die
1500 855 1619 885 Martis
1633 853 1783 894 proxima

404 902 479 939 post
497 899 633 928 Festum
652 897 764 928 Sancti
783 897 929 935 Martini,
947 897 1044 928 Anno
1063 898 1167 937 Regni
1185 898 1282 937 Regis
1300 898 1434 929 Domini
1451 898 1556 928 nostri
1572 908 1661 928 nunc
1688 896 1784 934 Regis

404 941 655 982 quadragesimo
671 943 774 979 sexto,
793 941 882 980 apud
901 941 1146 981 Marghesyowe
1165 939 1366 982 [Marazion]
1385 941 1533 980 felonice,
1552 944 1591 972 ut
1613 941 1675 971 sibi
1698 940 1781 970 falso

404 985 636 1025 inponebatur,
662 984 805 1022 furatis;
836 994 873 1014 ac
896 983 1016 1014 deinde
1039 985 1140 1014 semel
1165 995 1273 1014 coram
1298 984 1499 1015 vicecomite
1523 988 1557 1015 et
1582 984 1784 1016 coronatore

406 1029 594 1060 Comitatus
619 1027 793 1066 Cornubie,
817 1030 850 1057 et
875 1028 1088 1067 postmodum
1112 1028 1235 1058 iterum
1260 1038 1369 1058 corum
1395 1029 1538 1058 Henrico
1563 1027 1729 1066 Percehay
1752 1029 1786 1056 et

407 1072 558 1104 ,Iohanne
589 1071 684 1110 Cary,
718 1070 853 1100 Domini
884 1071 991 1101 nostri
1023 1071 1119 1110 Regis
1150 1071 1349 1102 Justiciariis
1375 1071 1417 1101 ad
1446 1071 1574 1110 gaolam
1601 1070 1709 1101 Castri
1743 1069 1784 1099 de

407 1117 635 1146 Launcestone
659 1114 906 1144 deliberandam
930 1114 1114 1153 assignatis,
1140 1125 1197 1154 per
1220 1114 1349 1144 dictum
1373 1114 1559 1145 Johannem
1585 1114 1721 1154 WVayfer
1744 1113 1785 1142 de

406 1159 495 1189 dicta
516 1160 670 1197 pretensa
693 1157 814 1187 felonia
837 1157 1031 1196 appellatus.
1078 1158 1176 1188 Unde
1192 1158 1280 1188 idem
1298 1157 1467 1188 Johannes
1492 1157 1593 1195 Serle,
1620 1157 1787 1188 occasione

405 1202 580 1242 cujusdam
598 1200 831 1240 Inquisicionis
847 1200 1037 1240 juratorum
1054 1200 1222 1239 laicorum,
1240 1211 1297 1240 per
1321 1201 1464 1240 prefatos
1489 1201 1696 1232 Justiciarios
1713 1203 1784 1230 tan-

405 1255 506 1286 quam
523 1255 598 1274 reus
615 1244 760 1274 criminis
777 1244 959 1283 supradicti
976 1244 1186 1284 dampnatus,
1205 1244 1376 1284 privilegio
1393 1245 1532 1275 clericali
1553 1255 1587 1275 se
1610 1247 1786 1284 protegens

405 1289 503 1330 juxta
527 1287 791 1318 Ecclesiasticam
815 1287 1021 1318 Libertatem
1045 1291 1079 1317 et
1102 1288 1207 1327 Regni
1232 1288 1350 1327 Anglie
1376 1288 1671 1326 Consuetudinem,
1690 1287 1784 1317 nobis

405 1335 440 1363 et
467 1331 585 1362 carceri
614 1334 725 1361 nostro
754 1331 932 1361 Exoniensi
960 1331 1075 1361 extitit
1106 1331 1275 1369 liberatus,
1300 1334 1401 1371 prout
1424 1331 1582 1371 premissa
1605 1331 1715 1361 omnia
1747 1340 1786 1360 ex

407 1376 490 1406 actis
514 1378 548 1405 ct
572 1374 718 1404 actitatis
742 1374 775 1404 in
800 1374 861 1404 hac
885 1378 988 1414 parte,
1006 1384 1150 1414 quorum
1174 1375 1302 1411 copiam
1326 1375 1426 1405 inseri
1450 1375 1589 1405 fecimus
1612 1375 1646 1404 in
1670 1373 1787 1405 cedula

407 1419 470 1449 hiis
494 1429 630 1456 annexa,
656 1417 785 1458 plenius
809 1418 1032 1448 continentur.
1080 1418 1217 1456 Verum,
1236 1418 1314 1458 qnia
1330 1418 1418 1448 idem
1441 1418 1611 1448 Johannes
1631 1417 1730 1455 Sei-le,
1749 1419 1788 1447 ut

407 1462 573 1499 asseritur,
591 1472 690 1500 super
707 1461 843 1491 crimine
859 1461 1049 1500 supradicto
1066 1461 1110 1491 sit
1125 1461 1282 1492 innocens
1299 1465 1332 1492 et
1348 1461 1505 1500 inmunis,
1520 1461 1597 1492 fecit
1613 1461 1708 1492 nobis
1725 1461 1786 1491 fre-

406 1508 548 1546 quenter
564 1508 597 1534 et
614 1504 786 1534 humiliter
803 1505 980 1544 supplicari
996 1505 1156 1544 quatinus
1172 1505 1213 1535 ad
1230 1505 1333 1544 ipsius
1352 1505 1600 1545 Purgacionem,
1618 1505 1652 1535 in
1676 1504 1783 1534 forma

410 1548 552 1579 Ecclesie
578 1551 744 1586 consueta,
770 1548 952 1587 procedere,
978 1558 1014 1578 ac
1038 1548 1116 1578 alias
1139 1548 1307 1588 justiciam
1332 1548 1438 1579 facere
1467 1558 1682 1586 curaremus;
1714 1558 1784 1584 nos,

407 1592 505 1623 variis
529 1594 563 1622 et
585 1591 697 1621 arduis
721 1591 872 1631 negociis,
898 1594 969 1629 etc„
994 1591 1226 1631 multipliciter
1249 1591 1409 1631 occupati,
1435 1591 1630 1632 hujusmodi
1661 1590 1786 1630 negocii

408 1635 613 1676 expedicioni
629 1635 670 1665 ad
684 1645 816 1674 presens
829 1635 1001 1665 intendere
1013 1644 1079 1665 non
1096 1635 1251 1674 valentes,
1264 1635 1305 1665 ad
1318 1635 1533 1673 audiendum,
1547 1634 1788 1665 etc.⁷'-—Dated

409 1682 444 1709 at
469 1679 574 1718 Clyst,
592 1677 631 1710 ‘27
649 1678 752 1717 April.

366 1744 514 1780 90.--T0
533 1743 656 1773 Master
672 1743 817 1773 William
834 1743 1013 1783 Trevellys‚
1033 1743 1051 1757 “
1063 1743 1097 1773 in
1115 1743 1214 1773 Sacra
1238 1743 1360 1782 Pagina
1385 1743 1598 1781 Professori,''
1618 1743 1729 1773 Canon
1755 1743 1789 1773 of

411 1786 801 1826 Exeter.——Appoi11ting
831 1786 900 1816 him
934 1786 1005 1816 “ad
1038 1787 1223 1823 regendum
1255 1790 1289 1817 et
1326 1786 1581 1826 gubernandum
1616 1786 1789 1826 Hospitale

412 1829 525 1861 Sancti
543 1829 703 1860 Gabrielis
720 1830 761 1859 de
777 1829 868 1868 Clist,
890 1852 896 1858 .
915 1853 920 1860 .
941 1852 947 1859 .
969 1832 1003 1859 et
1020 1830 1218 1869 presbiteros
1234 1830 1381 1870 aliasque
1398 1840 1553 1869 personas
1570 1829 1693 1860 debiles
1706 1829 1789 1860 inibi

410 1874 578 1913 degentes,
603 1896 609 1903 .
627 1897 633 1904 .
654 1897 659 1903 .
679 1872 851 1912 dictosque
869 1872 1067 1912 presbiteros
1083 1883 1120 1903 ac
1136 1883 1250 1903 omnes
1267 1873 1347 1903 alios
1360 1873 1510 1913 ejusdem
1529 1873 1712 1913 Hospitalis
1730 1873 1787 1913 qui

412 1916 542 1947 inventi
554 1916 681 1946 fuerint
693 1916 861 1946 inhonesti
873 1916 923 1946 vel
940 1916 1076 1946 inutiles
1089 1917 1320 1955 amovendum,
1335 1919 1366 1946 et
1384 1916 1463 1947 alios
1474 1916 1543 1947 loco
1559 1916 1716 1956 ipsorum,
1731 1927 1788 1947 seu

412 1960 551 1990 aliorum
576 1959 767 1990 cedencium
792 1959 843 1989 vel
867 1959 1111 1997 decedendum,
1135 1959 1292 2000 quociens
1316 1960 1408 1990 vobis
1433 1960 1602 1990 videbitur
1632 1960 1788 2000 expedire

414 2002 714 2042 [subrogandum];
739 2003 780 2033 ad
805 2003 998 2041 petendum,
1023 2003 1134 2041 eciam,
1153 2006 1187 2033 et
1210 2003 1435 2043 recipiendum
1460 2014 1517 2043 per
1540 2014 1597 2034 vos
1621 2003 1671 2033 vel
1688 2003 1790 2033 alium

411 2046 545 2076 nomine
572 2049 693 2082 vestre,
718 2045 758 2075 de
783 2045 1000 2076 Seneschallis
1024 2046 1182 2077 Scaccarii
1200 2046 1342 2077 Ecclesie
1359 2049 1471 2077 nostre
1495 2046 1692 2077 Exoniensis
1717 2057 1786 2086 pre-

411 2089 499 2120 dicte
515 2089 735 2129 quadraginta
751 2092 786 2119 et
802 2092 869 2120 tres
886 2099 1011 2120 marcas
1028 2100 1109 2129 quas
1127 2090 1227 2120 iidem
1251 2090 1452 2121 Seneschalli
1476 2090 1533 2130 qui
1557 2101 1616 2129 pro
1641 2093 1790 2130 tempore

412 2133 540 2163 fuerint
558 2132 697 2163 Custodi
714 2132 795 2163 dicti
814 2133 995 2172 Hospitalis
1019 2133 1143 2163 solvere
1161 2136 1328 2170 tenentur,
1346 2133 1484 2172 singulis
1500 2133 1604 2172 annis,
1622 2134 1663 2164 de
1680 2133 1789 2164 Eccle-

412 2176 467 2207 siis
499 2176 539 2206 de
570 2176 759 2215 Westleghe
790 2179 824 2206 et
856 2176 970 2207 Sancti
1001 2176 1121 2206 Melani
1153 2177 1284 2207 Decano
1315 2180 1349 2207 et
1377 2177 1533 2216 Capitulo
1564 2177 1652 2207 dicte
1679 2179 1791 2207 nostre

412 2219 555 2250 Ecclesie
579 2219 784 2256 Exoniensis‚
809 2219 869 2249 hac
893 2220 933 2249 de
956 2230 1064 2257 causa,
1090 2220 1319 2260 appropriatis,
1346 2223 1446 2260 prout
1462 2220 1495 2250 in
1513 2220 1791 2260 Appropriacione

413 2263 577 2293 dictarum
596 2262 818 2293 Ecclesiarum
841 2266 875 2293 et
899 2263 1175 2294 Ordinacionibus
1202 2263 1472 2294 predecessorum
1496 2267 1687 2294 nostrorum
1711 2263 1789 2293 inde

413 2306 512 2336 editis
542 2305 673 2345 plenius
697 2306 898 2344 continetur,
923 2317 959 2336 ac
983 2306 1085 2336 eciam
1108 2317 1222 2337 omnes
1253 2307 1414 2343 redditus,
1439 2309 1629 2346 proventus,
1655 2309 1688 2337 et
1711 2316 1788 2346 pen-

412 2349 519 2379 siones
550 2349 658 2379 eidem
691 2349 855 2389 Hospitali
894 2349 1182 2389 qualitercumque
1220 2350 1359 2387 debitos,
1400 2360 1466 2380 una
1504 2360 1580 2380 cum
1618 2349 1790 2389 arreragiis

414 2392 785 2423 eorundem.''—Dated
802 2395 837 2422 at
855 2392 958 2432 Clyst,
971 2393 1011 2423 20
1029 2392 1124 2432 Aug..
1141 2391 1234 2430 1373,
1248 2394 1266 2407 “
1281 2393 1378 2423 Anno
1397 2393 1662 2424 Consecracionis
1680 2396 1792 2423 nostre

415 2435 541 2467 terciofl
586 2434 680 2475 [This
697 2436 805 2476 Entry
822 2435 849 2466 is
865 2436 1045 2476 misplaced
1061 2436 1138 2466 here
1162 2436 1268 2466 under
1287 2434 1400 2475 1375.]

370 2493 646 2532 91.—GLASNEY‚
671 2493 728 2524 the
753 2494 932 2533 Collegiate
960 2495 1094 2525 Church
1112 2494 1167 2525 of:
1193 2494 1237 2525 acl
1260 2494 1493 2535 inquirendum
1509 2495 1546 2526 de
1565 2494 1785 2535 Prepositura.

262 2752 313 2778 501.

263 2787 304 2812 26.

415 2537 510 2568 From
528 2537 576 2568 the
599 2537 696 2567 Vicar
711 2537 751 2576 of
769 2538 985 2576 Bodmm,-“
998 2538 1053 2578 xvj
1079 2538 1132 2568 die
1157 2538 1279 2568 mensis
1296 2538 1431 2578 Aprilis,
1452 2538 1549 2569 Anno
1568 2538 1718 2578 proximo
1741 2538 1791 2568 in-

414 2580 597 2619 frascripto,
612 2581 718 2620 recepi
732 2581 959 2620 [Mandatum]
970 2584 1120 2612 tenorem
1134 2581 1307 2611 continens
1318 2582 1790 2621 subsequentem,—ThomaS,

415 2626 490 2661 etc,
509 2624 667 2661 Magistro
684 2623 830 2654 ,Iohanni
848 2625 987 2665 Tyrelle,
1002 2624 1193 2655 Bachalario
1210 2624 1242 2654 in
1262 2624 1415 2664 LegibuS‚
1433 2628 1467 2655 et
1486 2626 1649 2665 Perpetuo
1662 2624 1791 2655 vicario

417 2666 600 2704 Bodminie,
626 2667 778 2705 salutem,
796 2668 994 2705 etc—Quia
1019 2668 1182 2698 Robertns
1206 2668 1247 2697 de
1275 2668 1355 2705 Hoo,
1380 2668 1526 2706 clericus,
1545 2668 1793 2708 Preposituram

417 2709 560 2740 Ecclesie
577 2712 688 2740 nostre
706 2710 885 2750 Collegiate
903 2711 1017 2741 Sancti
1033 2711 1170 2748 Thome,
1190 2711 1345 2749 Martiris,
1365 2711 1557 2752 Glaseneye,
1576 2733 1582 2739 .
1614 2734 1621 2742 .
1650 2734 1656 2742 .
1686 2734 1693 2741 .
1719 2721 1792 2751 pre-

415 2755 512 2783 textu
530 2752 706 2792 cujusdam
725 2754 978 2792 Reservacionis,
998 2757 1037 2784 ut
1052 2754 1221 2792 asseritur,
1239 2754 1327 2784 facte
1350 2756 1500 2794 tempore
1524 2755 1609 2785 bone
1633 2753 1791 2785 memorie

416 2796 552 2826 Domini
569 2796 695 2827 Urbani
714 2796 840 2835 Quinti,
860 2797 1100 2828 predecessoris
1122 2797 1330 2828 Sanctissimi
1354 2798 1462 2828 Patris
1480 2798 1614 2828 Domini
1633 2796 1790 2838 Gregorii,
