1987 3062
103 355 178 382 A.Iz

103 389 204 415 1370-1.

389 250 565 285 BISHOP
601 249 802 284 THoMAs
838 250 903 282 DE
939 245 1338 281 BRANTYNGHAM.
1610 238 1636 280 5

266 355 418 393 Prelati
446 359 487 393 et
516 355 654 392 Clerus
676 354 807 404 Regni
826 353 975 402 Anglie
994 351 1187 389 decimam
1207 350 1446 388 triennalem
1466 351 1639 388 Domino

103 423 222 449 v01.11.
266 414 401 447 nostro
422 410 534 459 Regi,
558 414 641 446 tam
670 422 741 457 pro
770 408 968 445 solucione
997 413 1038 443 et
1066 405 1296 443 defensione
1318 405 1449 454 Regni
1468 404 1639 454 predicti

100 2232 186 2262 [A.D.

101 2266 176 2292 1371-

101 2300 136 2329 2L

263 477 382 513 quam
414 476 485 512 pro
523 463 780 512 expedicione
817 474 957 511 guerre
994 460 1118 509 ipsius
1153 459 1317 496 Domini
1354 459 1481 495 nostri
1516 459 1638 508 Regis

263 522 403 554 contra
435 517 682 554 adversarios
716 529 806 553 suos
836 516 868 551 F
871 515 1013 559 rancie,
1050 526 1177 562 nuper
1210 513 1487 558 concesserint,
1519 516 1639 561 prout

263 572 383 617 scitis,
406 575 447 609 et
466 571 515 608 de
534 570 763 620 hujusmodi
789 569 1037 606 concessione
1064 581 1144 604 una
1164 571 1325 604 tantum
1344 566 1497 603 decima
1515 567 1640 603 fuerit

262 626 464 674 persoluta
471 638 482 671 3
523 625 574 661 ad
607 623 857 673 exigendum,
893 621 1168 671 colligendum,
1201 625 1242 658 et
1273 620 1543 669 recipiendum
1577 619 1639 658 de-

262 680 405 716 cimam
434 679 659 716 biennalem
688 677 928 726 hujusmodi,
961 676 1133 713 Domino
1162 678 1299 712 nostro
1329 675 1432 724 Regi
1460 674 1638 712 debitam

263 737 303 770 et
323 733 552 770 solvendam
572 746 595 769 a
615 732 726 768 Viris
748 731 969 780 Religiosis,
992 729 1187 778 exemptis
1207 732 1248 766 et
1268 741 1348 765 non
1368 729 1574 777 exemptis,
1597 732 1638 765 et

262 787 350 824 aliis
370 787 547 836 personis
565 786 852 823 Ecclesiasticis
873 784 1195 834 quibuscumque,
1213 783 1336 820 eciam
1357 786 1492 819 nostre
1511 782 1638 819 Juris-

262 840 450 878 diccionis
472 841 698 885 Peculiaris,
722 852 875 876 necnon
894 852 918 874 a
934 838 1121 886 Capitulo
1142 837 1316 873 Ecclesie
1337 840 1471 873 nostre
1493 836 1637 873 Exoni-

262 895 366 932 ensis
386 895 551 944 aliisque
568 894 764 938 Ecclesiis,
784 893 1013 942 Collegiatis
1034 896 1075 928 et
1094 904 1174 927 non
1191 890 1431 939 Collegiatis,
1453 889 1502 927 de
1523 889 1637 927 bonis

261 953 302 986 et
322 949 531 986 Beneficiis
558 949 638 985 suis
666 948 709 983 in
730 946 1073 983 Archidiaconatu
1094 944 1368 989 Cornubiensi,
1391 948 1526 981 nostre
1546 944 1638 981 Dio-

261 1003 359 1040 cesis
396 1002 583 1052 predicte,
624 1001 866 1046 constitutis,
903 1013 972 1037 vos
1002 999 1262 1036 Collectorem
1301 1002 1343 1035 et
1374 998 1637 1047 Receptorem

262 1060 399 1094 tenore
416 1058 670 1094 Presencium
685 1055 933 1104 deputamus.
968 1053 1212 1090 Mandantes
1225 1052 1415 1101 quatinus
1428 1051 1477 1089 de
1489 1051 1637 1089 eisdem

262 1110 471 1148 Beneficiis
501 1114 621 1159 prout
649 1110 746 1146 alias
775 1109 826 1145 ad
857 1108 1050 1145 decimam
1084 1111 1179 1143 sunt
1209 1110 1351 1143 taxata
1381 1106 1637 1143 medietatem

262 1165 380 1201 unius
427 1165 587 1210 decime,
628 1164 729 1200 citra
777 1163 941 1200 Festum
979 1161 1222 1198 Nativitatis
1261 1160 1400 1197 Sancti
1436 1160 1463 1196 J
1468 1159 1636 1196 ohannis

263 1218 447 1267 Baptiste
484 1219 664 1267 proximo
702 1217 895 1261 futurum,
935 1215 986 1252 ab
1024 1215 1171 1252 eisdem
1218 1218 1259 1251 et
1297 1227 1432 1251 eorum
1470 1214 1636 1263 singulis

224 1304 226 1306 ,
262 1273 442 1322 exigatis,
464 1273 615 1317 levetis,
647 1276 687 1308 et
708 1271 918 1319 recipiatis,
941 1269 992 1306 ad
1012 1282 1108 1318 opus
1129 1267 1306 1317 ejusdem
1327 1268 1490 1304 Domini
1510 1268 1637 1304 nostri

264 1326 412 1376 Regis3
441 1327 644 1375 ipsamque
664 1324 918 1362 medietatem
948 1336 1017 1372 per
1046 1336 1115 1359 vos
1144 1326 1344 1370 receptam
1372 1326 1462 1370 post
1481 1322 1636 1370 lapsum

263 1381 425 1417 termini
452 1380 609 1429 prefati,
639 1379 781 1416 vestris
809 1378 983 1427 periculo
1012 1381 1053 1414 et
1081 1377 1274 1425 expensis,
1306 1375 1567 1412 Thesaurario
1596 1378 1637 1412 et

263 1434 487 1471 Baronibus
514 1433 562 1470 de
589 1433 792 1470 Scaccario
822 1431 985 1468 Domini
1009 1431 1136 1467 nostri
1156 1430 1279 1479 Regis
1300 1429 1529 1478 supradicti,
1551 1428 1637 1466 abs-

262 1501 337 1536 que
366 1501 472 1525 more
501 1487 675 1536 diffugio,
706 1486 952 1535 persolvatis,
983 1488 1103 1534 prout
1131 1487 1404 1532 contemptum
1428 1484 1637 1520 memorati

263 1541 426 1578 Domini
455 1542 582 1578 nostri
603 1541 724 1589 Regis
751 1541 792 1576 111
813 1552 968 1576 omnem
997 1542 1186 1575 eventum
1214 1550 1285 1586 pro
1314 1536 1428 1574 nobis
1448 1540 1489 1574 et
1510 1536 1632 1582 vobis,

262 1595 295 1631 si
315 1595 363 1632 de
384 1595 625 1645 necligencia
645 1594 793 1631 irretiti
812 1594 980 1638 fueritis,
999 1592 1103 1641 quod
1119 1591 1235 1636 absit,
1254 1592 1412 1628 caucius
1428 1591 1634 1628 volueritis

261 1649 412 1686 evitare
428 1663 439 1695 3
467 1650 661 1686 facientes
691 1647 937 1685 solventibus
966 1646 1142 1696 singulis,
1166 1650 1212 1682 ut
1231 1650 1292 1682 est
1312 1645 1442 1690 moris,
1464 1645 1636 1694 acquiet-

261 1704 396 1740 ancias
417 1703 465 1740 de
485 1703 625 1740 soluto.
684 1701 753 1738 Ad
782 1714 856 1750 que
885 1701 1018 1737 omnia
1046 1704 1088 1737 et
1117 1699 1273 1748 singula
1292 1699 1486 1744 facienda,
1510 1698 1632 1744 vobis,

261 1756 310 1794 de
338 1758 451 1806 cujus
480 1756 842 1805 circumspeccione,
874 1755 1079 1799 fidelitate,
1108 1757 1149 1790 et
1177 1753 1376 1790 industria
1404 1753 1563 1802 plenam
1592 1753 1635 1789 in

262 1811 434 1848 Domino
455 1811 640 1847 fiduciam
669 1810 905 1854 obtinemus,
928 1808 1213 1845 committimus
1234 1807 1338 1844 vices
1355 1810 1522 1852 nostras,
1545 1820 1635 1843 cum

261 1865 475 1914 cujuslibet
494 1865 736 1902 cohercionis
752 1863 950 1900 Canonice
966 1861 1388 1911 potestate—Datum
1404 1860 1632 1906 Londoniis,

260 1919 323 1968 iij⁰
352 1919 415 1956 die
446 1919 663 1963 Februarii,
691 1919 814 1954 Anno
844 1917 1007 1954 Domini
1034 1916 1248 1952 Millesimo
1277 1914 1425 1952 CCCmo
1457 1915 1556 1960 IXX0,
1592 1918 1634 1952 et

262 1972 581 2010 Consecracionis
602 1976 735 2009 nostre
754 1972 892 2020 primo.

260 2027 430 2073 —Item,
453 2027 589 2064 eodem
609 2026 683 2071 die,
706 2030 746 2063 et
766 2024 924 2070 ibidem,
947 2024 1149 2061 consimile
1170 2022 1412 2059 Mandatum
1432 2022 1636 2060 emanavit

261 2080 417 2118 Abbati
436 2080 699 2131 Tavystochie
724 2092 796 2129 pro
825 2079 1017 2124 Devonia,
1040 2081 1086 2115 ut
1114 2077 1344 2115 continetur
1372 2077 1415 2113 in
1441 2080 1635 2126 quaterno

260 2136 528 2172 communium
548 2135 784 2172 Literarum.

259 2233 597 2282 —Acquieta'ncia
625 2246 742 2282 super
769 2231 964 2269 solucione
985 2230 1041 2267 z'oec
1068 2243 1111 2266 ac
1140 2229 1246 2278 iiijael
1262 2228 1438 2278 florenos
1474 2228 1633 2266 Camere

259 2287 483 2335 Apostolice,
505 2294 640 2332 etc„—

208 2340 419 2378 Universis
446 2345 649 2391 presentes
678 2340 834 2377 Literas
863 2338 1101 2387 inspecturis
1130 2335 1347 2381 Aru-aldus,
1378 2335 1633 2373 miseracione

262 2394 412 2431 Divina
450 2395 783 2443 Archiepiscopus
822 2392 1125 2436 Auxitanensis,
1167 2390 1331 2427 Domini
1364 2390 1491 2426 nostri
1526 2389 1633 2437 Pape

262 2448 523 2494 Camerarius,
559 2449 728 2486 salutem
762 2448 804 2483 in
833 2444 1144 2483 Domina—Ad
1178 2443 1471 2481 Universitatis
1502 2446 1633 2479 vestre

262 2503 449 2539 noticiam
478 2507 615 2540 tenore
645 2501 898 2539 Presencium
928 2499 1158 2536 deducimus
1187 2497 1292 2547 quod
1313 2496 1571 2534 Reverendus
1592 2497 1634 2532 in

263 2555 422 2594 Christo
451 2557 582 2602 Pater,
614 2556 810 2592 Dominus
839 2554 1019 2598 Thomas,
1052 2553 1270 2601 Episcopus
1292 2551 1540 2595 Exoniensis,
1562 2563 1634 2598 pro

263 2611 378 2646 totali
399 2624 469 2647 suo
489 2610 687 2647 communi
707 2609 872 2645 servicio
892 2609 933 2643 in
954 2620 1030 2655 quo
1050 2609 1137 2643 erat
1151 2605 1313 2642 Camere
1328 2605 1491 2641 Domini
1507 2604 1634 2640 nostri

262 2663 369 2712 Pape
382 2664 591 2713 obligatus,
607 2664 665 2699 ixC
680 2663 846 2699 florenos
862 2662 949 2697 auri
959 2660 1046 2711 (sic)
1054 2659 1210 2709 prefato
1225 2658 1387 2695 Camere
1402 2671 1474 2707 pro
1487 2656 1634 2694 eisdem

261 2716 460 2754 famulatu
479 2722 520 2754 et
539 2717 674 2761 officio,
693 2714 1053 2764 recipientibusque
1068 2726 1138 2762 per
1153 2726 1294 2748 manus
1308 2712 1471 2748 Domini
1487 2711 1634 2747 Thome

262 2768 310 2807 de
340 2771 543 2816 Southam,
575 2769 862 2807 Archidiaconi
884 2768 1046 2818 ‘Oxonie
1074 2767 1116 2802 in
1147 2766 1323 2803 Ecclesia
1352 2764 1632 2809 Lincolniensi,

263 2823 327 2862 die
350 2824 443 2862 date
464 2825 719 2861 Presencium
748 2823 847 2860 solvi
876 2821 972 2858 fecit
989 2835 999 2867 3
1028 2820 1076 2857 de
1105 2819 1249 2869 quibus
1270 2819 1324 2856 sic
1345 2819 1486 2856 solutis
1506 2818 1635 2866 ipsum
