1987 3062
154 383 230 409 A.D.

154 417 228 442 1384.

154 450 217 475 Vol.
231 450 255 478 Ι.

153 871 166 896 s
165 871 189 897 ol
194 891 199 897 .

153 904 230 931 1301).

461 282 746 316 REGISTRUM
794 282 1246 316 COMMUNE—ANNO
1275 274 1366 316 150.
1593 273 1685 314 549

309 396 349 417 ac
376 386 541 418 Mandata
567 397 629 418 sua
653 388 750 419 licita
773 390 808 418 ct
832 388 1008 420 Canonica
1033 388 1290 427 impediverunt
1314 387 1453 428 injuste,
1478 387 1690 427 nunciosque

310 431 477 462 Mandata
507 432 706 472 hujusmodi
739 433 945 469 deferentes,
971 435 1006 463 et
1037 432 1152 463 facere
1179 432 1293 462 debite
1324 432 1437 472 justas
1465 431 1688 461 execuciones

309 476 498 505 eorundem
526 476 692 514 volentes,
720 487 852 516 capere,
879 477 1073 513 verberare,
1101 487 1161 506 seu
1190 477 1313 506 saltem
1342 476 1431 505 male
1462 477 1687 514 pertractare,

307 529 442 549 necnon
459 520 495 549 in
520 520 727 560 Magistrum
745 521 955 551 lVillelmum
974 520 1088 551 Calwe
1106 523 1140 550 et
1157 520 1353 550 «Iohannem
1373 520 1562 555 Godeman,
1574 519 1686 549 Adam

307 563 401 601 Row,
419 566 454 594 et
470 564 665 594 Johannem
683 565 851 603 Duffelde,
869 565 1021 603 clericos,
1046 575 1086 594 ac
1110 564 1294 594 nonnullos
1318 564 1403 594 alios
1428 564 1570 594 clericos
1594 563 1685 593 dicte

308 617 368 638 sue
385 608 548 646 Diocesis,
567 619 691 639 manus
709 609 894 648 sacrilegas
910 609 1048 646 inicere,
1067 609 1226 646 scienter,
1246 608 1308 638 Dei
1333 608 1457 638 timore
1482 608 1685 646 postposito,

307 653 514 692 eosdemque
530 653 724 691 verberare,
747 655 782 683 et
804 653 957 692 ipsorum
982 653 1149 693 quosdam
1173 653 1325 682 letaliter
1347 653 1530 682 vulnerare
1555 654 1686 681 temere

307 699 605 736 presumpserunt,
633 708 673 727 ac
698 698 842 727 nuncios
868 698 911 727 ad
938 697 1192 728 Consistorium
1218 697 1327 736 ipsius
1355 696 1547 726 Reverendi
1572 696 1686 726 Patris

308 741 502 780 predictum
520 741 774 772 Certificatoria
797 741 1004 779 deferentes,
1028 751 1162 771 necnon
1186 740 1424 771 mandatarios
1447 740 1556 780 ipsius
1581 740 1687 770 Reve-

308 785 407 815 rendi
432 785 547 815 Patris
574 788 609 816 et
634 786 847 816 Presidentis
872 785 1076 816 Consistorii
1101 785 1390 825 supradictorum,
1408 785 1517 814 eciam
1535 784 1687 821 clericos,

308 829 508 869 hujusmodi
537 829 790 860 Certificatoria
818 830 1035 860 commedere
1060 840 1121 869 per
1145 829 1349 859 violenciam
1375 829 1627 868 compulerunt,
1653 830 1687 858 et

306 873 473 903 nonnulla
490 873 707 904 Munimenta
718 874 906 904 eorundem
917 873 1105 903 furibunde
1118 876 1290 911 arserunt,
1302 873 1337 902 in
1352 873 1475 903 Divine
1490 872 1687 912 Majestatis

306 917 484 955 offensam,
501 918 841 957 enervacionemque,
860 918 1135 956 derogacionem,
1149 928 1188 947 ac
1201 917 1426 947 violacionem
1445 916 1688 947 Ecclesiastice

310 961 507 999 Libertatis,
524 962 686 1001 Jurisque
704 964 738 991 et
762 962 1024 992 Jurisdiccionis
1048 962 1372 991 Ecclesiasticorum
1397 961 1686 1000 impedimentum

309 1007 344 1036 et
360 1006 525 1035 lesionem
547 1006 703 1035 enormia
725 1016 765 1036 ac
781 1006 891 1036 eciam
908 1006 1096 1036 manifesta
1111 1020 1117 1042 3
1142 1016 1287 1045 quorum
1299 1005 1546 1044 premissorum
1561 1004 1687 1035 occasi-

308 1059 372 1080 one
404 1049 508 1080 iidem
540 1050 783 1080 malefactores
814 1050 956 1090 Majoris
996 1050 1377 1080 Excommunicacionis
1417 1049 1629 1086 Sentencias,
1669 1058 1689 1078 a

309 1093 507 1124 Canonibus
524 1096 559 1124 et
578 1094 783 1124 Sanctorum
801 1095 945 1124 Patrum
971 1094 1291 1124 Constitucionibus
1308 1094 1583 1123 Provincialibus
1601 1093 1687 1123 Can-

308 1138 494 1168 tuariensis
511 1138 691 1168 Provinoie
709 1141 744 1168 et
763 1138 993 1178 Synodalibus
1016 1138 1152 1177 prefate
1178 1138 1383 1168 Exoniensis
1400 1138 1555 1168 Diocesis
1571 1137 1607 1167 in
1624 1137 1689 1167 hae

308 1184 407 1221 parte
419 1182 486 1212 rite
499 1182 602 1212 editis
613 1185 648 1212 et
660 1183 799 1213 eosdem
812 1183 998 1213 efficaciter
1008 1183 1215 1219 artantibus,
1226 1182 1368 1222 provide
1377 1182 1476 1219 latas,
1487 1181 1673 1221 dampnabi
1686 1200 1688 1202 v

309 1226 389 1256 liter
415 1226 650 1263 incurrebant,
674 1237 736 1256 sua
759 1227 933 1257 Canonica
959 1227 1085 1256 direxit
1112 1227 1287 1261 Mandata,
1316 1228 1419 1265 prout
1443 1236 1484 1256 ex
1509 1225 1619 1256 Officii
1636 1235 1689 1255 5111

311 1270 428 1300 debito
445 1271 650 1307 tenebatur3
676 1271 778 1310 ipsos,
797 1281 916 1301 omnes
933 1274 967 1301 et
985 1271 1149 1310 singulos,
1175 1270 1224 1301 sic
1247 1270 1564 1300 excommunicatos
1581 1269 1689 1300 fuisse

310 1316 345 1344 et
363 1324 437 1344 esse
454 1315 652 1345 mandando
668 1315 705 1344 in
722 1325 848 1354 genere
866 1315 1002 1354 publice
1019 1315 1197 1351 nunciari3
1223 1314 1327 1345 certis
1345 1324 1448 1353 super
1464 1314 1529 1344 hoc
1546 1314 1688 1344 Manda-

311 1358 410 1388 tariis
434 1359 620 1398 deputatis
668 1359 901 1396 Reverendus,
924 1361 1053 1396 tamen,
1085 1359 1120 1388 in
1148 1358 1287 1389 Christo
1313 1359 1418 1388 Pater
1443 1362 1478 1388 et
1510 1358 1689 1395 Dominus,

311 1402 481 1433 Dominus
497 1403 699 1441 Willelmus,
717 1403 943 1442 permissione
961 1403 1087 1433 Divina
1105 1402 1366 1433 Cantuariensis
1390 1402 1690 1442 Archiepiscopus,

313 1446 437 1477 Tocius
453 1447 579 1486 Anglie
597 1447 740 1482 Primas,
759 1451 794 1477 et
811 1447 1009 1486 Apostolice
1025 1447 1124 1477 Sedis
1140 1447 1302 1484 Legatus,
1320 1447 1452 1476 nullam
1464 1447 1499 1476 in
1510 1447 1575 1477 hac
1591 1448 1690 1485 parte

310 1490 443 1521 habens
467 1491 767 1529 Jurisdiceionem,
800 1492 1057 1529 auctoritatem,
1091 1501 1151 1521 seu
1182 1491 1332 1530 aliquam
1365 1491 1469 1520 aliam
1497 1490 1690 1530 legitimam

310 1536 532 1574 potestatem,
566 1535 729 1575 nullaque
764 1535 805 1565 de
842 1535 950 1574 ipsius
971 1537 1146 1574 potestate
1168 1538 1331 1574 pretensa
1357 1535 1392 1564 in
1417 1535 1481 1565 hac
1498 1537 1597 1574 parte
1624 1534 1691 1564 fide

310 1579 415 1616 facta,
432 1589 496 1609 nee
512 1579 588 1618 ipsa
604 1579 801 1619 aliqualiter
813 1582 896 1609 nota
907 1580 961 1609 vel
974 1579 1083 1609 eciam
1096 1579 1318 1616 subsistente,
1333 1579 1426 1609 dicta
1439 1578 1692 1609 Provocacione

310 1623 467 1663 ejusdem
480 1623 698 1654 Venerabilis
709 1624 833 1661 Patris,
844 1623 982 1653 Domini
995 1623 1074 1661 mei,
1088 1623 1294 1653 Exoniensis
1311 1623 1482 1662 Episcopi,
1500 1623 1693 1662 ceterisque

310 1667 489 1706 premissis
506 1677 571 1707 que
588 1668 736 1698 eundem
755 1667 1041 1698 Cantuariensem
1054 1667 1363 1706 Archiepiscopum
1374 1667 1611 1697 verisimiliter
1623 1677 1692 1696 non

312 1711 469 1742 latebant
495 1722 713 1751 nequaquam
737 1712 966 1749 obstantibus,
992 1714 1045 1742 set
1070 1713 1158 1751 post,
1183 1714 1308 1750 preter,
1334 1714 1369 1741 et
1386 1714 1507 1741 contra
1523 1721 1582 1748 ea3
1601 1711 1693 1741 dicto

312 1755 511 1786 Venerabili
540 1755 653 1793 Patre,
681 1756 828 1786 Domino
855 1756 995 1793 Thoma,
1025 1755 1211 1786 Exoniensi
1240 1755 1420 1795 Episcopo,
1453 1755 1496 1786 ad
1528 1755 1592 1786 hee
1623 1765 1693 1785 non

313 1799 430 1837 citato,
447 1810 517 1830 non
533 1800 677 1838 monito,
694 1810 763 1830 non
780 1800 939 1830 confesso
955 1810 1019 1830 nec
1043 1800 1211 1837 convicto,
1229 1799 1373 1830 absente
1396 1810 1466 1829 non
1487 1809 1550 1838 per
1573 1801 1693 1830 contu-

314 1843 471 1881 maciam,
501 1843 611 1874 Cause
637 1844 838 1883 cognicione
863 1844 951 1884 juris
977 1847 1012 1874 et
1035 1844 1244 1884 judiciorum
1270 1843 1400 1881 ordine,
1417 1844 1453 1873 in
1471 1854 1510 1874 ea
1526 1846 1626 1883 parte
1651 1843 1692 1873 de

312 1887 389 1927 jure
406 1887 593 1927 requisitis,
610 1888 750 1927 penitus
766 1888 1010 1928 pretermissis,
1027 1888 1156 1927 absque
1181 1898 1285 1918 causa
1308 1888 1509 1918 racionabili
1528 1897 1588 1918 seu
1609 1887 1692 1926 legi-

313 1931 401 1962 tima
425 1942 652 1972 quacumque,
678 1942 846 1971 asserens,
868 1933 984 1962 minus
1011 1934 1130 1962 tamen
1157 1932 1337 1970 veraciter,
1356 1932 1472 1962 omnia
1496 1934 1531 1962 et
1556 1932 1693 1971 singula

311 1975 490 2016 premissa,
516 1976 673 2016 quamvis
689 1977 781 2007 idem
799 1977 968 2007 Dominus
984 1986 1091 2014 meus,
1110 1976 1315 2006 Exoniensis
1340 1976 1540 2016 Episcopus,
1565 1976 1601 2005 in
1617 1986 1692 2015 pre-

312 2020 428 2051 missis
445 2020 654 2060 exequendis
669 2021 870 2051 nullatenus
886 2020 1067 2060 negligens
1091 2020 1257 2058 extiterit,
1283 2020 1372 2050 sicut
1395 2030 1459 2051 nec
1476 2020 1594 2050 extitit
1611 2030 1691 2059 quo-

313 2064 513 2102 modolibet,
529 2065 586 2095 vel
600 2065 775 2103 remissus,
793 2065 903 2095 eciam
921 2065 949 2095 si
965 2075 1006 2095 ea
1022 2065 1058 2094 in
1074 2064 1286 2095 Visitacione
1301 2064 1555 2104 Metropolitica
1572 2064 1691 2104 hujus-

314 2108 409 2138 modi
433 2111 596 2147 pretensa
623 2111 801 2148 comperta
825 2119 895 2139 non
918 2109 1061 2146 fuerint,
1079 2109 1169 2139 sicut
1185 2118 1248 2139 nec
1264 2108 1417 2146 fuerunt,
1435 2108 1694 2148 quomodolibet

314 2151 370 2182 vel
386 2152 533 2190 detecta,
551 2153 595 2182 ad
617 2153 731 2192 ipsum
748 2153 1057 2193 Archiepiscopum
1083 2152 1381 2189 Cantuariensem,
1406 2152 1585 2183 occasione
1602 2152 1691 2182 Visi-

315 2195 462 2226 tacionis
486 2196 738 2235 Metropolitice
762 2199 933 2237 pretense,
957 2197 994 2226 in
1018 2197 1121 2227 dictis
1145 2196 1296 2227 Civitate
1321 2199 1355 2227 et
1380 2196 1517 2227 Diocesi
1542 2196 1583 2227 de
1599 2195 1695 2226 facto

316 2239 475 2270 durantis
509 2239 693 2280 inexplete,
725 2241 801 2280 ipsa
832 2241 1046 2272 Visitacione
1077 2243 1241 2280 pretensa
1266 2240 1424 2278 durante,
1447 2241 1558 2270 solum
1590 2242 1626 2270 et
1657 2240 1693 2270 in

316 2283 464 2314 solidum
480 2284 665 2323 pertinere,
683 2294 761 2314 cum
778 2295 847 2314 non
870 2285 1078 2324 pertineant,
1103 2294 1210 2324 eaque
1234 2284 1413 2314 occasione
1437 2284 1576 2324 prefata
1600 2284 1695 2314 Man-

316 2328 399 2358 data
425 2327 566 2358 Domini
590 2328 669 2366 mei,
699 2328 903 2359 Exoniensis
932 2328 1104 2368 Episcopi,
1122 2328 1181 2366 sic,
1205 2330 1246 2358 ut
1276 2328 1461 2367 prefertur,
1487 2329 1629 2365 directa,
1654 2338 1694 2359 ac

316 2372 425 2402 eciam
443 2372 669 2411 inposterum,
686 2372 887 2412 hujusmodi
903 2372 1116 2403 Visitacione
1129 2374 1292 2411 pretensa
1303 2373 1461 2411 durante,
1476 2372 1511 2402 in
1525 2372 1695 2402 similibus

318 2416 508 2455 dirigenda,
533 2418 568 2447 et
593 2416 709 2447 omnia
732 2417 812 2447 inde
837 2419 956 2447 secuta
980 2419 1107 2447 extunc
1130 2426 1193 2455 per
1209 2426 1289 2447 suas
1306 2417 1392 2447 certi
1410 2417 1541 2447 tenoris
1560 2417 1695 2446 Literas

316 2460 502 2498 revocavit,
527 2461 686 2498 cassavit,
712 2460 916 2499 annullavit,
934 2464 969 2491 et
993 2461 1155 2497 irritavit,
1180 2471 1220 2491 ac
1236 2461 1368 2491 viribus
1385 2471 1502 2491 carcre
1520 2461 1691 2497 decrevit3

318 2504 516 2543 eisdemque
530 2504 768 2542 Mandatariis,
780 2505 940 2535 omnibus
957 2507 991 2535 et
1009 2505 1164 2544 singulis,
1181 2505 1343 2543 inhibuit,
1360 2505 1485 2544 palam,
1497 2505 1643 2544 publice,
1661 2507 1696 2534 et

318 2557 489 2587 expresse,
506 2558 549 2579 ne
566 2549 643 2588 quis
659 2559 777 2579 eorum
794 2559 856 2588 per
872 2559 907 2579 se
926 2549 979 2579 vel
995 2549 1100 2579 alium
1118 2549 1255 2588 prefata
1275 2549 1441 2579 Mandata
1458 2549 1597 2579 Domini
1616 2549 1695 2587 mei,

318 2591 523 2622 Exoniensis
547 2592 718 2632 Episcopi,
744 2593 865 2632 exequi
888 2595 1105 2632 presumeret
1129 2603 1264 2632 quoquo
1288 2593 1400 2631 modo,
1426 2603 1486 2623 seu
1510 2593 1611 2623 alteri
1628 2595 1696 2623 tra-

317 2635 416 2666 deret
432 2637 632 2676 exequenda
648 2639 709 2667 aut
724 2637 928 2676 publicaret,
947 2647 1007 2667 seu
1023 2637 1156 2667 faceret
1172 2637 1351 2676 publicari,
1370 2637 1433 2667 sub
1450 2647 1539 2676 pena
1553 2637 1696 2667 Excom-

316 2679 568 2711 municacionis
600 2681 743 2721 Majoris
771 2681 963 2719 Sentencie,
991 2691 1094 2720 quam
1120 2681 1157 2710 in
1182 2681 1376 2720 singulares
1393 2691 1559 2720 personas
1576 2683 1698 2711 contra

317 2723 505 2761 facientes;
519 2734 663 2762 necnon,
678 2725 872 2763 1nterdieti,
893 2735 995 2764 quam
1008 2725 1044 2754 in
1054 2725 1243 2755 Ecclesiam
1254 2725 1480 2764 Collegiatam
1492 2725 1696 2764 predictam,

317 2777 358 2798 ac
388 2767 424 2797 in
458 2768 576 2799 omnia
600 2771 635 2799 et
663 2768 800 2808 singula
826 2769 998 2799 Ecclesias
1023 2770 1059 2799 et
1086 2769 1177 2799 Loca
1202 2768 1238 2798 in
1264 2769 1389 2808 quibus
1418 2769 1585 2799 Mandata
1612 2768 1698 2799 dicti

318 2811 457 2843 Domini
473 2812 552 2851 mei,
570 2812 776 2843 Exoniensis
793 2812 964 2852 Episcopi,
982 2813 1183 2852 supradicta
1206 2813 1393 2851 contigerit
1417 2813 1597 2852 publicari,
1615 2812 1697 2843 tulit

317 2855 353 2885 in
382 2855 528 2897 Scriptis
557 2867 739 2896 perperam
770 2859 806 2887 et
836 2857 952 2896 inique
961 2871 969 2895 3
1001 2867 1146 2896 quorum
1178 2859 1339 2896 pretextu
1367 2857 1505 2896 prefata
1530 2857 1697 2887 Mandata
