1987 3062
661 190 1005 234 COMMISSIONS‚
1044 191 1148 224 Ero.
1579 184 1599 225 1
1610 184 1635 226 5
1646 184 1667 225 1

136 295 213 322 A.D.
289 298 430 329 Romani
463 297 633 328 Pontificis
663 297 732 337 jam
764 296 937 337 presentiS‚
961 296 1024 326 sibi
1047 295 1241 336 impetravit
1264 298 1427 336 tanquam
1458 296 1667 337 Dignitatem

135 329 212 388 {230715'
288 345 438 372 curatam
453 351 460 376 ;
487 341 639 381 quocirca
656 341 727 378 tibi,
745 341 785 371 de
802 341 899 381 cujus
916 339 1076 388 fidelitate
1099 342 1133 388 et
1156 339 1395 388 circumspecta
1418 339 1583 370 industria
1600 340 1669 381 ple-

138 383 201 422 η’
287 385 362 415 nius
390 385 423 415 in
452 384 596 415 Domino
621 384 830 422 confidimus,
864 383 988 414 vocatis
1014 383 1144 413 dilectls
1176 382 1260 420 filus,
1287 384 1445 423 Magistro
1477 383 1605 414 Thoma
1627 384 1669 414 de

288 428 542 468 WValkyngtone,
561 438 601 458 ex
619 431 732 458 nostra
749 427 934 458 Collacione
947 426 1110 457 ordinaria
1124 436 1213 456 nunc
1225 425 1377 465 ejusdem
1395 425 1536 457 Ecclesie
1550 427 1669 467 Prepo·

287 472 361 509 sito,
380 472 432 502 vel
449 472 665 502 Procuratore
689 470 850 511 ejusdem,
868 471 896 500 si
912 480 1013 510 quem
1037 469 1161 500 ibidem
1184 470 1359 507 dimiserit,
1377 470 1506 509 prefato
1523 470 1670 501 Roberto

286 515 328 545 de
346 516 427 552 Hoo,
447 514 658 554 Propositum
682 525 716 544 se
740 515 961 554 pretendente
985 513 1152 544 occasione
1176 513 1344 553 premissa,
1369 513 1484 553 ejusve
1509 513 1669 544 Procura-

287 561 369 597 tore,
387 558 413 589 si
426 568 526 598 quem
543 558 667 588 ibidem
685 557 858 595 dimiserit,
877 568 912 587 ac
929 557 1085 587 omnibus
1101 556 1173 586 aliis
1189 566 1332 596 quorum
1350 556 1501 594 interest,
1518 567 1671 596 persona-

286 601 363 632 liter
379 601 406 632 si
423 601 562 640 valeant,
580 601 659 631 alias
684 601 803 631 Edicto
828 600 958 640 publice
983 599 1161 631 Citacionis
1184 600 1219 630 in
1243 600 1332 630 dicta
1356 600 1503 630 Ecclesia
1526 600 1669 640 solemp-

286 645 374 675 niter
391 645 567 685 proposito,
585 644 627 675 ad
644 645 908 683 cognoscendum
932 646 967 674 et
990 643 1166 683 diligenter
1189 643 1429 683 inquirendum
1453 654 1511 683 per
1534 643 1671 675 dilectos

286 688 369 719 filios
387 691 525 724 nostros,
545 687 727 718 Oanonicos
744 690 935 727 ceterosque
952 687 1124 717 Ministros
1140 686 1229 717 dicte
1248 686 1399 725 Ecclesie‚
1411 697 1447 717 ac
1460 686 1539 717 alios
1552 687 1669 727 hujus-

286 732 376 762 modi
393 732 439 762 rei
456 731 613 762 noticiam
637 731 817 771 pleniorem
843 731 1014 768 habentes,
1034 730 1191 760 informa
1213 729 1298 770 juris
1320 730 1458 770 juratos,
1483 741 1525 761 an
1549 730 1667 771 hujus-

287 775 377 806 modi
396 775 607 815 Prepositura
623 774 668 804 sit
686 774 850 814 Dignitas,
868 778 902 804 et
918 774 1062 813 qualiter
1078 773 1139 803 hoc
1153 776 1284 804 constat
1303 773 1352 804 vel
1369 777 1519 804 constare
1537 774 1669 813 poterit,

287 819 412 849 scilicet
428 829 468 849 an
487 829 544 858 per
556 818 812 849 Institucionem
824 817 892 847 sive
906 817 1160 848 Ordinacionem
1173 816 1263 847 illius
1280 817 1480 857 primariam,
1496 828 1596 857 quam
1611 827 1669 848 seu

286 873 368 902 quas
392 862 547 893 volumus
571 872 629 901 per
653 861 834 892 Canonicos
858 860 1066 900 supradictos
1090 860 1153 890 tibi
1176 860 1335 899 exhiberi,
1360 871 1401 890 an
1426 860 1492 891 fuit
1515 861 1669 891 ordinata

285 916 344 945 pro
362 905 534 945 Dignitate
551 908 584 935 et
601 905 647 935 sic
664 904 860 944 appellatur,
879 904 930 934 vel
947 915 987 934 an
1005 904 1046 934 de
1063 904 1305 934 consuetudine
1321 914 1380 943 pro
1398 904 1571 944 Dignitate
1584 914 1668 935 nun-

284 952 426 989 cupetur
438 949 472 979 in
489 949 559 979 loco
573 949 623 979 vel
638 948 832 986 habebatur,
847 951 879 978 et
897 958 938 978 an
955 948 989 978 in
1007 947 1153 987 presenti
1166 947 1329 977 habeatur
1343 947 1515 983 Officium;
1529 958 1666 986 necnon,

285 993 326 1023 de
340 992 501 1032 qualitate
518 1002 604 1029 cure,
622 992 765 1031 qualiter
782 995 832 1022 est
849 994 972 1028 curata,
991 1001 1032 1021 an
1049 991 1082 1021 in
1100 990 1170 1021 foro
1188 990 1396 1030 penitenciali
1410 994 1445 1021 et
1457 991 1615 1030 qualiter,
1634 996 1668 1022 et

286 1036 504 1067 Ordinacione
521 1035 671 1076 ejusdem
690 1035 741 1065 vel
758 1034 1019 1065 Consuetudine.
1081 1034 1178 1072 Item,
1196 1044 1238 1064 an
1255 1034 1523 1074 jurisdiccionem
1547 1034 1669 1065 habeat

287 1082 322 1109 et
337 1079 479 1119 qualem,
497 1079 620 1109 scilicet
637 1089 677 1108 an
696 1079 820 1118 poterit
832 1077 1117 1108 excommunicare
1132 1078 1182 1107 vel
1199 1078 1402 1118 suspendere
1415 1088 1452 1108 ea
1465 1078 1667 1108 Excommu-

287 1122 454 1153 nic-acione
471 1122 522 1153 vel
540 1122 761 1162 Suspensione
779 1132 845 1161 qua
861 1121 1044 1152 incurritur
1060 1121 1296 1161 irregularitas,
1313 1124 1347 1151 et
1363 1121 1404 1151 de
1423 1121 1579 1152 omnibus
1595 1121 1667 1152 aliis

287 1165 547 1196 circumstanciis
564 1165 648 1195 circa
665 1165 860 1205 hujusmodi
877 1164 1051 1204 negocium
1072 1164 1262 1194 necessariis
1278 1175 1336 1195 seu
1353 1165 1536 1204 oportunis,
1554 1168 1669 1196 tenore

288 1209 500 1239 Presencium
519 1208 605 1239 vices
620 1212 749 1238 nostras
773 1208 1027 1245 committimus,
1047 1218 1124 1238 cum
1140 1207 1323 1247 cujuslibet
1345 1207 1546 1238 cohercionis
1564 1208 1670 1239 Cano-

287 1252 358 1282 nice
374 1254 549 1292 potestate.
600 1252 649 1281 De
665 1251 728 1286 die,
748 1262 832 1289 vero,
850 1251 1049 1291 recepcionis
1068 1251 1287 1289 presencium,
1306 1254 1340 1281 et
1356 1251 1437 1291 quid
1454 1251 1488 1281 in
1502 1252 1670 1291 premissis

286 1295 448 1326 duxeritis
475 1295 674 1332 faciendum,
701 1297 735 1324 et
761 1295 802 1325 de
827 1295 982 1325 omnibus
1006 1294 1088 1325 actis
1111 1294 1234 1324 habitis
1257 1305 1294 1324 ac
1317 1294 1419 1324 eciam
1444 1294 1589 1325 inventis
1613 1305 1671 1335 per

287 1338 483 1378 hujusmodi
494 1338 761 1378 Inquisicionem‚
777 1338 931 1377 expedito
943 1337 1077 1377 negocio
1092 1348 1150 1367 nos
1164 1337 1344 1368 certificare
1357 1348 1451 1368 cures
1470 1338 1589 1369 Literis
1601 1339 1669 1369 tuis

287 1382 481 1422 patentibus
494 1381 696 1412 habentibus
708 1381 798 1411 hunc
810 1384 970 1419 tenorem,
988 1381 1094 1419 sigillo
1105 1381 1276 1411 autentico
1288 1381 1446 1411 veraciter
1457 1381 1668 1421 consignatis.

287 1425 418 1456 —Data
434 1425 468 1455 in
486 1425 632 1455 Manerio
649 1427 764 1455 nostro
781 1425 822 1455 de
840 1425 935 1461 Clist‚
954 1424 1073 1454 ultimo
1087 1424 1140 1454 die
1153 1424 1276 1454 mensis
1295 1424 1477 1462 Februarii,
1492 1424 1574 1455 A.D.
1591 1425 1670 1455 Mmo

289 1469 418 1500 CCCmo
435 1467 537 1498 lxxmo
554 1468 681 1508 quint0,
700 1471 734 1498 et
751 1466 1016 1498 Consecracionis
1033 1470 1145 1498 nostre
1162 1467 1452 1508 quinto.—Hujus
1467 1468 1669 1499 auctoritate

291 1512 440 1542 Mandati
464 1512 566 1542 vestri
589 1511 770 1549 reverendi,
795 1511 919 1542 vocatis
944 1511 1099 1551 primitus
1124 1511 1253 1550 prefato
1278 1511 1438 1550 Magistro
1469 1511 1597 1542 Thoma
1628 1512 1669 1542 de

289 1554 548 1595 NValkyngtone,
562 1565 671 1585 coram
690 1565 741 1585 me
758 1555 791 1584 in
809 1555 898 1584 dicto
916 1554 1149 1595 Inquisicionis
1160 1554 1293 1594 negocio
1309 1554 1517 1594 procedente,
1532 1559 1600 1584 xm0
1616 1555 1669 1586 die

286 1598 409 1639 Aprilis
426 1599 511 1629 A.D.
530 1599 609 1629 Mmo
628 1598 756 1630 OCCmo
773 1596 877 1627 lxxmo
894 1598 1022 1638 quintO,
1048 1608 1105 1637 per
1128 1597 1318 1628 Johannem
1342 1598 1497 1637 Symone,
1521 1598 1562 1628 de
1586 1599 1668 1629 Pen-

287 1653 359 1682 ryn,
378 1642 630 1672 Procuratorem
647 1651 745 1672 suum
762 1641 943 1672 literatorie
960 1641 1195 1679 constitutum,
1209 1640 1243 1671 in
1257 1641 1365 1671 Domo
1383 1641 1567 1681 Capitulari
1580 1641 1668 1672 dicte

286 1685 428 1716 Ecclesie
446 1685 625 1725 Collegiate
642 1688 898 1725 comparentem,
917 1684 1114 1724 prefatoque
1131 1684 1285 1723 Roberto,
1300 1684 1419 1715 Edicto
1435 1684 1566 1724 publice
1581 1685 1668 1716 Cita-

289 1729 390 1759 cionis
407 1729 440 1759 in
457 1729 547 1759 dicta
567 1728 708 1759 Ecclesia
724 1728 940 1768 solempniter
956 1728 1135 1768 proposito,
1155 1738 1193 1758 eo
1209 1727 1300 1768 quod
1321 1728 1538 1768 personaliter
1553 1739 1668 1769 appre-

284 1772 386 1803 hendi
402 1783 468 1802 non
494 1772 606 1812 potuit
623 1783 682 1803 nec
699 1772 951 1802 Procuratorem
964 1772 1089 1802 ibidem
1102 1771 1240 1809 dimisit,
1254 1771 1498 1802 contumaciter
1516 1772 1667 1811 absente3

286 1826 413 1846 necnon
430 1815 585 1846 omnibus
602 1815 674 1846 aliis
691 1825 835 1856 quorum
852 1815 885 1845 in
903 1815 963 1845 hac
980 1818 1073 1855 parte
1097 1814 1237 1845 interest
1254 1825 1312 1855 per
1328 1814 1466 1845 dilectos
1483 1815 1582 1854 filios,
1600 1816 1666 1847 Ma-

285 1859 405 1900 gistros
421 1858 627 1889 Willelmum
652 1858 851 1897 Carsselake,
877 1859 985 1889 Adam
1009 1858 1143 1898 Sparke,
1170 1858 1353 1889 Henrieum
1378 1858 1575 1898 Stauntone,
1601 1859 1668 1890 Do-

287 1903 394 1933 minos
410 1902 598 1934 Johannem
616 1902 713 1941 Raus,
732 1901 965 1942 Reginaldum,
982 1901 1170 1939 Sacristam,
1188 1901 1276 1932 dicte
1301 1901 1445 1932 Ecclesie
1463 1902 1644 1933 Canonicos
1659 1913 1667 1941 ;

287 1956 425 1983 necnon,
455 1946 616 1977 Dominos
643 1945 837 1985 Philippum
861 1946 1024 1983 Trelever,
1056 1945 1219 1976 'rhomam
1244 1945 1422 1984 Lamanna,
1447 1948 1482 1976 et
1505 1945 1669 1977 'rhomam

288 1989 541 2030 Chamberleyn,
560 1989 703 2020 Vicarios
719 1988 881 2029 ejusdem,
898 1999 936 2019 ac
951 1988 1032 2019 alios
1056 1988 1236 2028 pleniorem
1253 1988 1411 2019 noticiam
1428 1989 1666 2028 premissorum

284 2032 454 2071 habentes,
471 2033 505 2063 in
522 2033 630 2064 forma
641 2032 729 2073 juris
745 2032 886 2072 juratos,
905 2033 947 2063 de
963 2032 1118 2062 omnibus
1135 2035 1170 2062 et
1185 2032 1325 2072 singulis
1342 2032 1376 2062 in
1393 2032 1482 2063 dicto
1507 2033 1667 2063 Mandato

288 2076 455 2107 contentis
472 2076 650 2116 diligenter
665 2075 833 2116 inquisivi.
874 2076 938 2113 Qui
954 2076 1073 2106 dicunt
1086 2075 1175 2115 quod
1189 2085 1247 2115 per
1260 2075 1515 2106 Ordinacionem
1531 2076 1600 2107 sive
1614 2076 1668 2107 In-

285 2119 499 2150 stitucionem
523 2119 712 2160 primariam
730 2119 952 2159 suprascripte
969 2119 1182 2159 Prepositure
1199 2129 1265 2149 non
1282 2122 1422 2156 constat,
1441 2129 1501 2150 nec
1517 2122 1668 2150 constare

286 2164 419 2203 poterit,
446 2163 552 2203 ipsam
585 2163 833 2203 Preposituram
857 2163 960 2193 fuisse
982 2166 1042 2193 aut
1066 2172 1135 2192 esse
1160 2162 1379 2202 Dignitatem,
1404 2165 1464 2192 aut
1486 2163 1577 2202 quod
1599 2163 1667 2194 fuit

286 2217 344 2246 pro
369 2207 542 2246 Dignitate
564 2207 716 2237 ordinata,
737 2217 795 2237 seu
821 2206 975 2245 Dignitas
991 2205 1164 2246 appellata,
1183 2215 1242 2236 nec
1259 2205 1300 2235 de
1324 2206 1565 2236 consuetudine
1581 2206 1667 2237 solet

288 2250 440 2290 Dignitas
453 2250 639 2290 nuncupari
650 2250 684 2280 in
697 2250 776 2280 loco.
804 2249 940 2288 Dicunt,
955 2252 1078 2287 tamen,
1088 2248 1179 2289 quod
1192 2252 1243 2279 est
1257 2248 1411 2279 Officium
1424 2251 1458 2279 et
1470 2249 1517 2280 ita
1530 2252 1664 2289 reputa-

285 2296 342 2324 tur
357 2293 391 2323 in
408 2294 489 2331 loco,
509 2297 542 2324 et
559 2293 720 2324 hactenus
732 2294 774 2324 de
786 2292 1028 2323 consuetudine
1042 2292 1223 2332 prescripta
1235 2294 1434 2322 consuetum
1446 2296 1497 2322 est
1511 2292 1665 2324 Officium

285 2337 480 2376 nuncupari.
526 2337 572 2367 Et
592 2336 783 2377 Propositus
799 2336 887 2367 dicte
904 2335 1059 2371 Ecclesie‚
1073 2335 1131 2375 qui
1148 2346 1206 2375 pro
1222 2338 1372 2375 tempore
1384 2335 1497 2373 fuerit,
1510 2336 1665 2367 omnibus

284 2380 325 2410 de
342 2380 486 2420 Collegio
504 2380 606 2411 habet
620 2390 759 2420 preesse,
777 2382 812 2411 et
828 2389 941 2410 curam
958 2382 993 2410 et
1008 2379 1154 2419 regimen
1172 2378 1309 2418 collegii
1332 2378 1461 2417 habere,
1479 2380 1665 2411 secundum

286 2423 475 2463 primariam
491 2423 581 2454 illius
606 2423 870 2454 Ordinacionem.
922 2423 1054 2460 Curam,
1079 2426 1202 2459 tamen,
1227 2422 1415 2452 animarum
1432 2421 1466 2452 in
1484 2422 1555 2453 foro
1571 2423 1664 2463 peni-

286 2466 417 2497 tenciali
434 2477 474 2497 ex
491 2467 709 2498 Ordinacione
732 2477 798 2497 non
821 2468 959 2506 apparet
983 2465 1194 2505 Prepositum
1218 2464 1348 2503 habere,
1366 2475 1426 2495 nec
1443 2475 1522 2496 usus
1547 2470 1598 2496 est
1621 2467 1662 2497 de

286 2509 526 2540 consuetudine
543 2520 551 2548 ;
574 2513 626 2541 set
643 2510 806 2550 Episcopi,
824 2509 882 2549 qui
899 2520 957 2549 pro
974 2512 1124 2548 tempore
1148 2508 1284 2545 fuerint,
1303 2508 1483 2548 Prepositis
1501 2520 1559 2548 pro
1576 2512 1661 2541 tem-

286 2563 363 2592 pore
389 2553 610 2584 existentibus
637 2553 847 2584 committere
873 2554 1119 2583 consueverunt
1145 2551 1186 2581 ad
1214 2551 1419 2582 audiendum
1444 2553 1665 2584 confessiones

287 2596 517 2627 Ministrorum
539 2597 628 2627 dicte
652 2596 805 2632 Ecclesie,
832 2596 966 2636 quando
989 2598 1070 2626 sunt
1093 2598 1272 2635 presentes,
1300 2598 1334 2626 et
1356 2595 1390 2625 in
1415 2595 1566 2626 absencia
1590 2596 1666 2627 Pre-

288 2639 387 2678 positi
418 2639 560 2671 Sacriste
591 2640 679 2670 dicte
710 2639 865 2671 Ecclesie.
923 2639 1059 2676 Dicunt,
1084 2638 1198 2675 eciam,
1231 2638 1322 2678 quod
1352 2638 1545 2678 Prepesitus
1577 2639 1665 2670 dicte

290 2680 443 2721 Ecclesie,
460 2683 644 2714 secundum
662 2683 853 2723 primariam
870 2682 959 2712 illius
977 2680 1191 2721 Prepositure
1205 2681 1469 2720 Ordinacionem,
1486 2682 1521 2713 in
1538 2683 1665 2714 Canon-

290 2725 356 2755 icos
379 2728 413 2756 et
437 2729 562 2757 ceteros
586 2727 756 2757 Ministros
788 2725 932 2757 Ecclesie
956 2725 1077 2755 habuit
1108 2725 1247 2755 eandem
1269 2724 1540 2765 jurisdiccionem
1564 2736 1665 2766 quam

288 2767 390 2800 habet
405 2769 557 2800 Decanus
574 2770 718 2801 Ecclesie
734 2768 943 2802 Cathedralis
954 2768 1081 2799 Exonie
1097 2767 1132 2799 in
1149 2767 1319 2799 Ministros
1332 2767 1485 2808 ejusdem
1499 2769 1642 2800 Ecclesie
1656 2780 1664 2809 ;
