1987 3062
318 183 378 227 66

317 295 391 322 A.D.

316 331 418 356 1380-1.

315 362 379 389 Vol.

320 396 360 422 11.

319 1081 372 1107 fol.

318 1117 360 1142 64.

515 194 614 227 THE
655 194 894 228 REGISTER
934 194 993 227 OF
1028 194 1206 228 BISHOP
1240 194 1640 230 BRANTYNGHAM.

470 299 675 339 proponendi
705 299 739 329 in
769 299 925 330 futurum
955 299 1174 339 praelusimus
1205 310 1263 339 per
1294 300 1493 336 decretum3
1526 302 1568 338 et,
1597 298 1842 336 nichilominus,

471 343 722 373 exhabundanti
738 342 892 372 omnibus
909 353 1050 382 quorum
1067 344 1215 379 interest,
1233 353 1289 373 seu
1307 343 1465 372 interesse
1482 343 1607 382 poterit
1622 342 1657 372 in
1673 342 1734 372 hac
1750 344 1844 382 parte

472 386 669 425 generaliter
684 386 924 425 assignavimus
937 386 1197 425 peremptorium
1208 386 1389 416 terminum
1408 386 1448 415 ad
1465 386 1724 425 comparendum
1735 395 1844 415 coram

471 429 572 467 vobis,
589 429 615 459 si
632 429 678 459 eis
701 429 870 459 videbitur
893 430 1057 468 expedire,
1084 429 1118 458 in
1143 429 1276 468 Capella
1301 429 1447 468 Hospicii
1471 429 1573 459 vestri
1596 427 1843 466 Londoniensis,

472 473 620 512 proximo
647 472 700 502 die
722 471 866 512 juridico
891 476 965 512 post
990 472 1127 502 Festum
1152 473 1272 502 Sancte
1296 472 1484 509 Scolastice,
1510 472 1668 511 Virginis,
1695 471 1845 512 proximo

470 516 634 554 futurum,
652 516 888 546 discussionem
906 518 940 545 et
958 515 1253 545 Confirmacionem
1271 516 1358 545 dicte
1383 515 1564 546 Eleccionis
1582 515 1684 545 visuri
1700 518 1735 545 et
1750 514 1844 544 audi-

470 559 549 597 turi,
567 559 687 589 facturi
712 559 851 589 ulterius
875 561 909 589 et
932 559 1098 598 recepturi
1122 559 1210 598 quod
1237 559 1379 598 qualitas
1403 558 1674 589 Gonfirmacionis
1699 557 1846 598 predicte

469 603 574 642 exigit
596 605 631 633 et
654 605 784 632 natura.
845 602 884 632 In
908 612 1051 641 quorum
1076 602 1224 632 omnium
1249 601 1478 632 testimonium
1503 602 1565 632 hiis
1591 602 1708 632 Literis
1725 601 1847 631 nostris

469 646 587 677 clausis
604 651 637 676 et
654 646 846 685 patentibus
862 645 967 684 sigilla
983 644 1168 675 vicariatus
1184 645 1287 675 vestri
1303 649 1337 675 et
1354 645 1585 675 Archidiaconi
1601 645 1764 683 Tottonie,
1782 654 1847 684 que

471 690 512 720 ad
535 699 653 719 manus
683 689 854 725 habemus,
880 688 1093 718 Presentibus
1119 688 1277 718 duximus
1305 689 1686 728 apponenda—Datum
1710 687 1846 723 Exoffle,

471 733 589 773 quinto
605 732 658 762 die
675 732 795 762 mensis
813 731 992 769 Februarii,
1010 731 1107 761 Anno
1126 732 1258 762 Domini
1271 732 1472 772 supradicto,

428 775 666 814 -Proroqaeio
681 775 747 806 diez·
762 774 921 815 assiynate
936 785 1034 814 usque
1049 775 1093 806 ad
1109 777 1338 814 crastinam,—

429 822 511 860 Quo,
529 819 674 859 quidem,
692 819 745 848 die
763 819 855 849 Lune
878 818 1085 857 adveniente,
1103 822 1292 858 presentato
1310 818 1463 856 Domino,
1480 818 1514 848 in
1533 819 1623 849 dieta
1639 828 1698 848 sua
1714 817 1849 857 Capella

472 862 703 898 Londoniensi,
730 861 966 892 Gertificatorio
990 862 1181 902 prescripto,
1200 862 1364 892 Dominus
1388 862 1597 892 continuavit
1613 869 1647 892 et
1660 861 1847 901 prorogavit

470 907 569 937 istam
586 906 674 935 diem
699 906 793 935 Lune
818 915 923 945 usque
950 905 981 935 in
1011 905 1100 935 diem
1126 906 1313 944 crastinam,
1332 906 1486 936 videlicet
1513 906 1601 936 diem
1626 904 1744 934 Martis
1768 907 1850 935 tunc

469 949 620 991 proximo
646 949 807 986 futuram,
825 949 865 978 ad
891 948 1081 979 faciendum
1108 948 1142 978 in
1170 949 1303 988 negocio
1329 948 1523 989 hujusmodi
1552 948 1731 979 Eleccionis
1758 948 1850 988 quod

469 992 645 1023 dictaverit
668 992 748 1022 ordo
770 991 863 1031 juris.
910 992 991 1030 Quo,
1016 992 1162 1031 quidem,
1180 992 1233 1022 die
1258 992 1383 1030 Martis,
1400 992 1554 1022 videlicet
1577 991 1774 1022 duodecima
1796 991 1849 1021 die

470 1035 592 1067 mensis
617 1035 785 1065 Februarii
810 1035 948 1074 predicti
971 1035 1176 1073 adveniente,
1202 1036 1316 1066 Electo
1340 1040 1374 1066 et
1397 1036 1669 1066 Procuratoribus
1693 1034 1850 1074 predictis

468 1089 577 1110 coram
604 1078 746 1108 Domino
773 1078 806 1108 in
836 1078 969 1117 Capella
998 1089 1058 1109 sua
1088 1079 1235 1118 predicta
1262 1079 1478 1118 personaliter
1508 1078 1784 1118 comparentibuS,
1813 1087 1850 1108 ac

471 1122 677 1153 Eleccionem
708 1121 901 1161 hujusmodi
932 1122 1117 1152 confirmari
1149 1123 1350 1161 petentibus,
1379 1122 1594 1162 exhibitaque
1625 1122 1748 1152 ibidem
1784 1131 1850 1151 una

470 1166 581 1197 Litera
591 1164 720 1205 patenti
732 1165 795 1194 sub
807 1164 912 1204 sigillo
926 1165 1109 1195 Reverendi
1122 1165 1229 1195 Patris
1237 1165 1371 1195 Domini
1382 1166 1538 1195 Willelmi
1551 1165 1605 1204 [de
1617 1164 1849 1205 GourtenayeJ,

471 1208 534 1239 Dei
549 1208 658 1247 gracia
682 1208 920 1238 Londoniensis
951 1208 1112 1248 Episcopi,
1129 1208 1226 1248 cujus
1254 1212 1349 1239 tenor
1373 1209 1525 1248 sequitur
1551 1209 1585 1239 in
1613 1208 1673 1238 hec
1697 1208 1850 1246 verba,—

470 1251 667 1289 Venerabili,
688 1254 759 1289 etc,
774 1251 910 1286 Thome,
927 1253 999 1288 etc.,
1019 1251 1213 1290 Willelmus,
1230 1251 1423 1283 etc—Cum
1442 1252 1626 1291 Religiosus
1641 1251 1701 1290 vir,
1727 1252 1849 1291 Domp-

469 1305 533 1326 nus
549 1295 693 1325 Thomas
715 1294 887 1334 Cullynge,
904 1294 937 1324 in
955 1295 1120 1325 Abbatem
1143 1294 1338 1326 Monasterii
1359 1295 1576 1334 Tavystochie
1599 1295 1733 1333 electus,
1750 1305 1851 1334 penes

471 1338 711 1369 Paternitatem
739 1344 883 1368 vestram
908 1348 967 1377 pro
994 1338 1164 1368 Eleccione
1186 1338 1380 1378 hujusmodi
1404 1339 1444 1368 de
1474 1339 1545 1378 ipso
1571 1338 1659 1369 facta
1687 1338 1850 1369 Canonice

470 1381 695 1412 confirmanda
721 1381 882 1411 institerit
910 1385 944 1410 et
973 1381 1131 1418 insistam
1165 1382 1207 1411 ad
1235 1382 1491 1421 procedendum,
1515 1381 1629 1421 igitur,
1656 1382 1689 1412 in
1714 1381 1849 1421 negocio

471 1424 742 1457 confirmacionis
758 1424 809 1454 vel
837 1424 1028 1455 cassacionis
1052 1424 1245 1465 hujusmodi
1275 1425 1453 1455 Eleccionis
1479 1426 1512 1455 in
1542 1425 1674 1465 Capella
1690 1428 1799 1455 vestra
1816 1425 1849 1455 in

471 1468 632 1499 suburbio
660 1471 772 1497 nostre
798 1467 952 1498 Civitatis
977 1468 1236 1507 Londoniarum,
1262 1469 1312 1498 vel
1334 1468 1412 1498 alibi
1440 1468 1563 1508 ubique
1590 1468 1677 1498 infra
1701 1471 1848 1499 nostram

473 1512 651 1542 Civitatem
668 1511 719 1541 vel
737 1511 899 1541 Diocesim
926 1511 1183 1550 Londoniarum,
1201 1515 1301 1552 prout
1324 1512 1478 1552 expedire
1495 1512 1655 1550 videritis,
1673 1512 1849 1552 ipsumque

470 1555 643 1595 negocium
660 1554 724 1584 fine
741 1554 853 1584 debito
870 1554 1118 1585 terminandum
1138 1566 1144 1592 3
1162 1565 1298 1591 necnon,
1319 1555 1426 1585 eidem
1443 1555 1644 1586 Monasterio
1656 1555 1697 1585 de
1713 1565 1851 1595 persona

470 1599 599 1639 ydonea
616 1598 868 1637 providendum,
886 1597 1058 1638 ipsamque
1074 1609 1247 1638 personam
1264 1598 1296 1628 in
1312 1599 1475 1629 Abbatem
1490 1599 1641 1639 ejusdem
1656 1597 1850 1629 Monasterii

471 1641 718 1682 preficiendum,
736 1651 772 1671 ac
794 1641 917 1671 Abbati
945 1641 1140 1681 hujusmodi
1168 1652 1290 1672 munus
1310 1642 1556 1672 Benediccionis
1575 1642 1848 1681 impendendum,

471 1685 648 1724 omniaque
658 1684 720 1714 alia
733 1687 767 1714 et
779 1684 908 1723 singula
925 1685 957 1714 in
975 1685 1141 1724 premissis
1157 1686 1336 1715 necessaria
1352 1685 1539 1715 faciendum
1551 1688 1585 1716 et
1595 1685 1850 1725 expediendum,

472 1728 671 1759 Paternitati
684 1731 792 1758 vestre
805 1730 918 1758 tenore
935 1728 1144 1758 Presencium
1157 1728 1340 1758 Licenciam
1358 1728 1567 1759 concedimus
1581 1729 1762 1768 specialem.
1810 1729 1849 1760 In

471 1771 570 1812 cujus
588 1771 634 1801 rei
651 1771 881 1801 testimonium
898 1771 1043 1811 sigillum
1060 1774 1213 1802 nostrum
1236 1772 1375 1802 fecimus
1399 1771 1461 1802 hiis
1485 1772 1748 1812 apponi—Data
1765 1772 1849 1802 Lon-

472 1815 589 1852 doniis,
602 1825 622 1844 x
636 1814 689 1844 die
706 1814 828 1844 mensis
845 1814 1025 1852 Februarii,
1045 1815 1141 1844 Anno
1158 1815 1294 1845 Domini
1312 1816 1367 1845 ΜΟ.
1389 1815 1518 1846 CCCmO
1535 1815 1671 1854 luxum,
1688 1818 1723 1846 et
1739 1819 1851 1846 nostre

474 1857 715 1889 Translacionis
745 1868 831 1887 anno
855 1862 958 1888 sexto.
1022 1858 1069 1888 Ac
1093 1861 1206 1897 postea
1231 1859 1402 1898 productis
1429 1859 1559 1889 duabus
1594 1859 1713 1889 Literis
1740 1859 1850 1898 Regiis

472 1901 666 1942 patentibus
684 1911 691 1938 3
715 1911 791 1938 una,
813 1900 976 1939 videlicet,
994 1901 1034 1931 de
1052 1901 1202 1932 Licencia
1217 1902 1369 1941 eligendi,
1387 1905 1421 1932 et
1437 1902 1499 1932 alia
1515 1902 1556 1932 de
1573 1912 1731 1932 consensu
1760 1903 1849 1933 Elee-

472 1945 574 1976 cionis
592 1954 599 1982 ;
615 1944 776 1982 adhibita,
791 1954 928 1982 necnon,
943 1955 1009 1974 una
1025 1945 1088 1975 sub
1103 1945 1209 1985 sigillo
1220 1945 1398 1983 communi,
1412 1955 1511 1985 super
1525 1946 1730 1976 professione
1743 1946 1850 1976 Electi

474 1988 622 2028 predicti,
636 1998 694 2027 per
710 1988 943 2018 Procuratores
960 1988 1105 2027 prefatos
1123 1998 1129 2025 ;
1147 1999 1182 2018 ac
1199 1989 1300 2018 eciam
1317 1989 1486 2019 nonnullis
1500 1989 1643 2019 testibus
1656 1990 1696 2019 ad
1710 1989 1849 2029 proban-

472 2032 554 2062 dum
571 2034 677 2062 certos
693 2031 850 2061 articulos
866 2031 899 2061 in
916 2031 1064 2071 predicto
1082 2032 1222 2062 Decreto
1239 2032 1429 2071 descriptos,
1442 2033 1588 2072 ipsisque
1603 2033 1746 2063 testibus
1761 2033 1850 2073 jura-

474 2075 517 2106 tis
533 2078 566 2105 et
583 2074 759 2114 diligenter
783 2074 989 2113 examinatis,
1013 2078 1143 2105 servato
1168 2086 1319 2115 processu
1344 2075 1492 2115 legitimo
1517 2086 1553 2106 ac
1576 2076 1850 2107 concurrentibus

473 2118 628 2148 omnibus
644 2121 679 2148 et
694 2118 832 2157 singulis
856 2118 889 2148 in
913 2118 974 2148 hac
998 2124 1090 2158 parte
1114 2119 1154 2149 (le
1177 2119 1251 2158 jure
1274 2119 1454 2159 requisitis,
1480 2119 1643 2149 Dominus
1667 2119 1851 2160 Episcopus

474 2161 671 2192 Exoniensis
698 2161 909 2201 supradictus
936 2161 1145 2193 confirmavit
1176 2162 1384 2193 Eleecionem
1411 2162 1604 2202 predictam,
1632 2163 1695 2193 sub
1725 2173 1763 2194 eo
1793 2163 1852 2204 qui

473 2205 625 2245 sequitur
638 2208 753 2235 tenore
768 2205 1001 2243 verborum,—

430 2247 685 2287 —Confirmacio
700 2248 782 2279 dicte
800 2248 1026 2286 Eleccionis,—

431 2291 471 2321 IN
488 2292 555 2322 DEI
571 2291 721 2329 NOMINE,
740 2292 977 2330 Aram—Nos,
1001 2291 1156 2329 Thomas,
1183 2294 1259 2329 eto„
1283 2292 1404 2322 rimato
1429 2302 1487 2332 per
1510 2302 1570 2322 nos
1595 2294 1668 2323 toto
1694 2292 1851 2324 Processu

475 2335 657 2365 Eleceionis
683 2334 770 2365 facte
797 2335 838 2365 de
865 2338 908 2373 te,
935 2335 1051 2365 Fratre
1079 2335 1206 2365 Thoma
1238 2335 1410 2375 Oullynge,
1443 2335 1602 2366 Ordinem
1630 2338 1665 2366 et
1691 2336 1852 2376 Regulam

476 2376 589 2408 Sancti
606 2378 777 2408 Benedicti
793 2378 827 2408 in
846 2379 1046 2408 Monasterio
1062 2378 1288 2418 Tavystochie,
1307 2382 1419 2408 nostre
1436 2379 1592 2417 Dioeesis,
1610 2389 1762 2419 expresse
1779 2390 1850 2419 pro-

475 2421 570 2460 fesso,
594 2421 628 2451 in
651 2421 818 2451 Abbatem
842 2421 993 2461 ejusdem
1017 2421 1208 2452 Monasterii
1232 2432 1289 2461 per
1311 2424 1453 2452 mortem
1478 2422 1602 2452 Fratris
1625 2423 1789 2462 Stephani
1811 2423 1852 2453 de

476 2464 706 2504 Langhedone‚
724 2464 836 2495 ultimi
858 2465 1000 2495 Abbatis
1022 2464 1183 2504 ejusdem,
1200 2465 1305 2495 electo
1321 2475 1327 2502 ;
1351 2465 1428 2505 qnia
1444 2465 1633 2496 invenimus
1656 2465 1852 2506 hujusmodi

476 2507 681 2537 Eleccionem
709 2507 812 2538 fuisse
838 2511 873 2538 et
900 2518 969 2538 esse
996 2507 1160 2539 canonice
1187 2508 1397 2547 celebratam,
1425 2513 1525 2548 teque
1550 2508 1694 2539 habilem
1721 2509 1791 2539 fore
1817 2512 1853 2540 et

473 2550 653 2590 ydoneum,
680 2551 721 2580 de
743 2550 891 2590 legitimo
915 2551 1012 2581 thoro
1036 2554 1254 2590 procreatum,
1278 2551 1311 2581 in
1335 2554 1424 2582 etate
1446 2552 1595 2591 legitima
1617 2552 1850 2591 constitutum,

474 2593 508 2622 in
536 2593 773 2632 temporalibus
798 2597 833 2624 et
858 2594 1088 2634 spiritualibus
1112 2595 1399 2634 circumspectum,
1423 2595 1547 2625 dictam
1579 2595 1785 2626 Eleccionem
1811 2596 1852 2626 de

477 2636 623 2666 Liceneia
643 2637 828 2667 Reverendi
844 2637 961 2675 Patris,
980 2638 1114 2668 Domini
1132 2638 1299 2675 Willelmi,
1316 2638 1379 2668 Dei
1394 2638 1500 2678 gracia
1518 2638 1758 2669 Londoniensis
1774 2639 1850 2679 Epi-

475 2679 573 2718 scopi,
592 2679 686 2709 nobis
702 2680 735 2709 iu
753 2680 814 2710 hac
836 2683 931 2719 parte
954 2681 1138 2719 commissa,
1156 2682 1355 2712 auctoritate
1371 2684 1484 2711 nostra
1500 2681 1664 2712 ordinaria
1679 2681 1849 2712 confirma-

475 2731 550 2752 mus
568 2731 574 2759 ;
598 2732 709 2752 curam
727 2725 761 2752 et
776 2724 931 2762 regimen,
950 2734 1075 2754 necnon
1100 2724 1325 2763 spiritualium
1341 2728 1376 2755 et
1392 2725 1624 2764 temporalium
1641 2725 1849 2755 administra-

476 2764 611 2801 cionem,
636 2764 787 2804 ejusdem
811 2767 1003 2797 Monasterii
1027 2767 1089 2797 tibi
1112 2768 1146 2797 in
1172 2768 1314 2798 Domino
1338 2767 1596 2799 committentes.
1652 2768 1698 2799 Et
1720 2778 1848 2799 emana-

475 2810 557 2841 runt
573 2807 683 2838 Litere
699 2818 797 2848 super
814 2809 1074 2842 confirmacione
1090 2810 1296 2851 hujusmodi,
1314 2811 1376 2842 sub
1392 2811 1456 2842 hiis
1472 2811 1635 2853 verbis,—
