1987 3062
442 232 728 264 REGISTRUM
753 232 1212 265 COMMUNE—-ANNO
1242 218 1332 264 13⁰.
1546 219 1635 262 481

109 329 181 355 A-D·
219 331 372 371 Thomas,
396 336 470 372 etc.,
496 334 666 374 Religiosis
690 335 787 365 Viris.
806 334 976 365 Prioribus
1001 334 1243 365 Launcestonie
1266 338 1301 364 et
1327 333 1509 371 Bodminie,
1529 331 1639 362 Fratri

107 363 178 388 1382.

108 396 170 422 Vol.
189 396 213 422 Ι.

261 376 442 407 Benedicto
470 378 611 417 Lugans,
640 378 738 408 Sacre
769 378 892 415 Pagine
923 378 1114 415 Professori,
1149 378 1320 417 preposito
1352 377 1495 408 Ecclesie
1526 379 1640 406 nostre

261 419 356 450 Beati
379 420 514 458 Thome,
540 421 696 457 Martius,
722 421 763 451 de
792 422 946 462 Glasney,
970 432 1007 451 ac
1031 421 1169 452 officiali
1194 425 1306 451 nostre
1330 420 1508 451 peculiaris
1531 419 1637 449 Juris-

257 462 412 493 diccionis
429 464 462 494 in
481 464 658 501 Cmnubia,
683 475 719 494 ac
746 465 912 504 Perpetuo
937 465 1066 495 Vicario
1090 465 1204 495 Sancti
1230 464 1339 501 Probi,
1359 465 1512 499 salutem,
1531 466 1638 493 etc.—

257 506 342 537 Cum
370 507 590 545 Reverendus,
615 512 689 545 etc.,
716 508 878 538 Dominus
904 508 1088 538 Willehnus
1115 508 1171 546 [de
1199 506 1415 548 CourtenayJ,
1445 506 1505 536 Dei
1530 505 1638 545 gracia

256 549 531 590 Archiepiscopus
555 551 815 588 Cantuariensis,
839 551 957 581 Tocius
980 551 1100 591 Anglie
1123 551 1260 588 Primas,
1278 554 1313 581 et
1331 550 1519 590 Apostolice
1544 548 1639 579 Sedis

255 592 288 622 in
319 593 439 633 Angli-a
466 594 621 633 Legatus,
649 605 685 624 ac
713 595 865 625 nonnulli
893 595 995 634 ipsius
1023 595 1239 634 suffraganei,
1263 594 1304 624 de
1327 604 1471 634 quorum
1499 602 1639 623 numero

258 646 316 666 nos
333 647 474 675 eramus,
492 637 524 667 111
550 637 620 668 loco
643 638 849 677 competenti
872 642 907 668 et
930 648 1075 677 congruo
1098 638 1178 668 alias
1201 638 1402 677 congregati,
1419 637 1461 666 de
1476 646 1638 667 consensu

259 680 407 711 unanimi
425 681 561 720 provide
577 682 787 711 ordinassent
803 681 892 721 quod
910 681 1031 721 singuli
1048 682 1299 712 Cantuariensis
1318 680 1488 711 Provincie
1512 680 1636 709 Suffra-

256 723 359 762 ganei,
378 723 411 753 in
428 724 496 754 suis
513 724 715 763 Diocesibus,
732 735 808 754 cum
825 725 1036 754 solicitudine
1060 725 1173 755 debita
1196 726 1237 754 de
1261 725 1406 755 heretica
1430 724 1637 763 inquirerent

255 776 291 796 110
314 766 437 806 inquiri
460 768 610 798 facerent
634 768 824 808 pravitate;
856 768 1045 807 nostrisque
1068 768 1205 798 auribus
1232 768 1361 798 noviter
1385 768 1428 798 sit
1452 767 1637 797 deductum

254 810 342 849 quod
360 810 495 850 quidam
514 811 716 841 Laurencius
744 811 918 847 Bedeman,
940 811 973 841 in
993 811 1139 841 vestibus
1163 811 1327 849 incedens,
1345 811 1457 841 ovium
1482 814 1636 840 nostrum

257 853 424 892 ingressus
441 854 535 884 Ovile
551 854 706 891 latenter,
727 854 865 884 subdole
881 865 917 884 ac
934 855 1060 885 furtive
1076 865 1135 884 sue
1151 855 1308 884 simulate
1332 854 1522 884 sanctitatis
1545 863 1636 893 yma-

256 896 342 935 gine,
371 897 507 936 vulpina
537 897 720 928 calliditate
751 898 819 927 suis
850 898 1059 928 sermonibus
1091 898 1232 937 publicis
1262 908 1299 928 ac
1337 897 1476 927 occultis
1507 901 1638 927 nostras

256 940 378 970 nititur
394 951 470 970 oves
493 941 652 980 decipere,
670 951 791 981 easque
814 941 847 971 in
873 941 1002 971 hereses
1026 941 1190 971 deducere
1215 941 1320 971 varias
1344 944 1378 971 et
1395 950 1543 977 errores3
1568 950 1637 977 nos,

256 983 369 1020 igitur,
389 984 520 1023 vulpem
538 983 732 1024 hujusmodi
748 994 767 1014 a-
783 988 898 1014 nostro
915 985 1064 1014 volentes
1083 985 1179 1021 Ovili,
1195 995 1236 1014 ne
1246 995 1323 1014 oves
1339 988 1470 1014 nostras
1487 984 1636 1021 dilaniet,

255 1026 455 1066 propulsare,
482 1028 574 1057 vobis
597 1028 852 1065 committimus,
876 1032 953 1065 etc.,
979 1028 1139 1067 quatinus
1163 1038 1228 1068 que
1251 1032 1286 1058 et
1317 1028 1428 1068 qualia
1458 1028 1491 1057 in
1516 1027 1638 1067 quibus

255 1069 406 1108 prefatus
420 1070 621 1101 Laureneius
639 1071 801 1109 EcclesiiS,
813 1081 870 1101 seu
891 1071 983 1101 Locis
995 1071 1067 1101 aliis
1083 1071 1116 1101 in
1135 1071 1311 1109 cornubia,
1329 1071 1519 1111 quibusque
1534 1070 1638 1100 Festis

255 1113 462 1152 temporibus
479 1124 536 1144 seu
553 1114 671 1144 diebus
687 1114 839 1154 prefatus
856 1114 1060 1144 Laurencius
1073 1114 1148 1145 filiis
1171 1119 1205 1144 et
1227 1114 1372 1145 subditis
1389 1114 1512 1144 nostris
1529 1114 1636 1153 predi-

253 1156 388 1194 caverit,
406 1158 625 1196 proposuerit,
642 1158 775 1195 dixerit,
793 1168 850 1187 seu
867 1158 1047 1197 protulerit
1062 1169 1069 1195 3
1093 1168 1230 1195 necnon,
1248 1158 1447 1197 generaliter
1463 1158 1504 1187 de.
1520 1157 1638 1187 ceteris

253 1199 415 1230 universis
426 1206 459 1230 et
476 1201 614 1240 singulis
631 1201 717 1231 iufra
734 1205 846 1240 partes
860 1202 1027 1232 Cornubie
1042 1201 1183 1231 ubilibet
1199 1201 1376 1238 collocatis,
1394 1200 1638 1241 cujuscumque

253 1242 465 1281 condicionis,
498 1248 608 1275 status
632 1244 809 1275 extiterint
832 1254 889 1274 seu
915 1245 1057 1282 honoris,
1090 1245 1132 1274 de
1160 1245 1237 1274 pide
1263 1244 1433 1275 Cntholica
1465 1244 1638 1284 ipsiusque

254 1286 413 1316 Articulis
435 1287 649 1327 singulariter
672 1288 898 1318 sencientibus
922 1292 956 1318 et
986 1288 1085 1318 aliter
1108 1298 1209 1328 quam
1233 1288 1405 1324 deberent,
1432 1288 1636 1318 auctoritate

253 1333 367 1359 nostra
382 1330 509 1361 solicite
525 1331 726 1370 inquiratis;
750 1335 785 1361 et
809 1331 889 1371 quid
913 1341 972 1370 per
988 1336 1134 1361 vestram
1158 1331 1354 1371 hujusmodi
1379 1331 1635 1371 Inquisicionem

253 1373 482 1412 compereritis
505 1374 695 1404 certificetis
718 1384 787 1411 nos,
815 1374 899 1404 citra
924 1375 1061 1404 Festum
1086 1375 1200 1405 Sancti
1231 1374 1400 1404 Michaelis
1427 1374 1635 1414 Archangeli,

255 1415 457 1456 ubicumque
482 1417 514 1447 in
543 1421 657 1447 nostra
690 1417 818 1447 Diocesi
848 1417 1020 1455 fuerimus,
1053 1428 1112 1457 per
1139 1421 1266 1448 vestras
1303 1420 1457 1457 patentes
1497 1418 1636 1454 Literas,

253 1458 372 1489 harum
389 1460 507 1490 seriem
523 1461 734 1491 continentes
749 1471 756 1496 ;
774 1471 852 1500 que,
865 1460 980 1498 eciam,
999 1466 1034 1491 et
1050 1461 1161 1500 qualia
1178 1462 1328 1501 prefatus
1345 1460 1636 1501 pseudopropheta

255 1502 466 1540 Laurencius,
498 1513 554 1533 seu
586 1504 671 1533 alius
702 1504 930 1543 quiscumque,
963 1509 1078 1535 contra
1110 1504 1226 1534 Fidem
1259 1504 1464 1534 catholicam
1495 1504 1636 1544 ejusque

252 1545 412 1575 Articulis
437 1547 665 1586 predicaverit,
682 1551 721 1577 ut
745 1552 796 1577 est
820 1547 1017 1586 premissum
1036 1558 1042 1584 ;
1068 1548 1211 1585 nomina,
1228 1558 1372 1587 quoque,
1388 1551 1423 1578 et
1440 1548 1635 1586 cognomina

252 1592 439 1619 ceterorum
457 1590 606 1620 omnium
623 1594 657 1621 et
674 1590 880 1630 singulorum
899 1591 932 1620 111
956 1590 1087 1621 hereses
1110 1591 1331 1621 incidencium
1357 1591 1553 1631 hujusmodi
1576 1601 1634 1621 seu

251 1641 378 1662 errores
396 1642 403 1669 ;
426 1643 463 1663 ac
487 1643 545 1672 per
568 1633 655 1673 ipsos
672 1634 849 1673 proposita,
867 1634 966 1672 dicta,
983 1644 1041 1664 seu
1059 1634 1238 1674 predicata,
1255 1634 1400 1664 dilucide
1423 1634 1634 1664 continentes

251 1674 408 1714 legitime,
424 1683 463 1706 ut
473 1682 524 1706 est
538 1677 646 1708 moris.
684 1677 844 1714 Citantes,
863 1677 1007 1716 insuper,
1023 1678 1190 1717 prefatum
1205 1678 1426 1708 Laureucinm
1444 1677 1533 1717 quod
1546 1687 1632 1708 com-

251 1722 365 1757 pareat
381 1729 489 1749 coram
515 1720 618 1757 nobis,
636 1721 669 1750 in
694 1720 842 1750 Manerio
866 1725 980 1751 nostro
1004 1721 1045 1750 de
1070 1721 1173 1761 Clyst,
1191 1721 1245 1751 die
1268 1721 1360 1751 tlovis
1384 1721 1535 1760 proximo
1558 1724 1633 1760 post

255 1761 391 1792 Festum
410 1762 634 1793 Exaltacionis
652 1765 773 1794 Sancte
791 1763 913 1802 Ci-ucis,
931 1774 1030 1803 super
1053 1764 1221 1804 premissis
1245 1764 1383 1803 singulis
1400 1768 1434 1795 et
1450 1775 1488 1794 ea
1503 1764 1632 1795 coutin-

248 1805 414 1843 gentibus,
446 1806 553 1836 eidem
578 1810 669 1844 tunc,
694 1807 735 1837 ad
759 1807 909 1837 debitam
942 1807 1052 1837 anime
1076 1818 1134 1838 sue
1161 1808 1411 1844 correccionem,
1437 1808 1630 1845 obiciendis,

247 1849 492 1887 exponentibus
508 1850 727 1889 personaliter
741 1850 929 1890 juraturus,
947 1861 1175 1891 responsurus,
1195 1851 1404 1891 ulteriusque

249 1889 460 1931 [Unfinished
478 1893 544 1923 and
561 1893 706 1924 without
721 1892 822 1933 date}

204 1945 568 1995 Holcombe-Rogus
587 1959 595 1992 ;
629 1948 805 1985 Licencia
817 1962 894 1995 pro
916 1948 1194 1996 Purzficacz'one
1214 1948 1257 1985 in
1279 1948 1451 1996 Capella,
1464 1971 1508 1976 -

203 1998 356 2036 Thomas,
382 2004 458 2037 etc.,
486 2001 627 2031 Domine
651 2002 801 2038 Elenore,
827 2002 921 2032 uxori
954 2002 1089 2032 Domini
1119 2002 1282 2032 Johannis
1308 2002 1474 2042 Dynham,
1501 2003 1628 2040 Militis,

248 2042 396 2081 junioris,
415 2043 568 2081 salutern,
585 2045 744 2076 etc—Ut
768 2045 801 2075 in
826 2045 960 2084 Capella
983 2055 1084 2085 quam
1110 2045 1286 2076 Dominam
1313 2046 1487 2076 Isabellam
1515 2047 1626 2076 Perce-

246 2085 319 2125 hay,
343 2096 418 2116 cum
443 2097 509 2127 qua
524 2089 749 2125 commoraris,
767 2088 854 2118 infra
870 2089 1044 2119 domorum
1062 2099 1197 2119 suarum
1215 2092 1308 2128 septa
1332 2089 1449 2119 asseris
1465 2089 1627 2127 obtinere,

246 2132 322 2167 post
349 2133 446 2160 tuum
475 2131 689 2170 puerperium
720 2135 878 2162 consuete
904 2132 1149 2162 Purificacionis
1175 2132 1404 2162 Ecclesiastice
1428 2133 1540 2162 subire
1565 2133 1628 2162 tibi

245 2171 342 2203 liceat
365 2173 557 2213 solempnia,
581 2184 618 2204 ac
642 2175 820 2214 Capellano
843 2175 1042 2215 cuicumque
1063 2175 1192 2214 ydoneo
1218 2186 1255 2205 ea
1283 2185 1374 2205 more
1401 2176 1627 2206 Ecclesiastico

243 2214 367 2245 ibidem
382 2226 545 2256 peragere,
562 2217 745 2247 dummodo
765 2218 961 2248 Parochialis
978 2222 1012 2249 et
1029 2218 1153 2248 Matrix
1165 2218 1309 2248 Ecclesia
1325 2219 1402 2249 inde
1419 2229 1483 2249 uon
1500 2219 1627 2249 senciat

199 2267 201 2269 ’
242 2258 495 2297 detrimentum,
507 2263 622 2290 tenore
636 2261 846 2291 Presenciuin
864 2261 1060 2292 facultatem
1076 2261 1297 2299 concedimus,
1310 2263 1547 2292 tantummodo
1563 2262 1627 2292 ista

242 2301 311 2331 vice
329 2302 487 2340 (without
503 2303 604 2342 date).

198 2360 407 2398 Tavistock
427 2375 435 2407 ;
465 2363 699 2399 illaudatum
717 2370 848 2400 contra
868 2364 1109 2411 impedientes
1135 2364 1409 2410 oblaciones,—

199 2414 352 2452 Thomas,
376 2420 453 2454 etc.,
478 2416 610 2446 Decano
633 2417 842 2447 Tavistochie
864 2421 895 2448 et
922 2416 1080 2457 [Domino
1107 2418 1294 2448 Baldewino
1317 2417 1543 2458 Langedone],
1568 2419 1623 2450 Vi-

93 2453 139 2480 fol.

91 2488 168 2513 1011).

242 2458 328 2487 cario
346 2459 489 2489 Ecclesie
512 2460 710 2490 Parochialis
734 2460 775 2490 de
798 2460 996 2501 Tavystoke,
1014 2471 1140 2491 necnon
1168 2461 1310 2492 Domino
1329 2461 1493 2492 Willehno
1518 2462 1622 2502 Lych-

242 2501 340 2539 felde,
369 2502 547 2542 capellano,
575 2513 612 2533 ac
639 2503 766 2533 Thome
798 2504 915 2543 Mewy,
942 2504 1085 2540 literam,
1116 2504 1270 2541 salutem,
1299 2506 1621 2536 etc.——Di!ectorum

242 2543 384 2575 filiorum
414 2550 615 2581 nostrorum,
640 2546 782 2577 Abbatis
808 2551 844 2577 et
871 2547 1065 2578 Conventus
1089 2547 1282 2578 Monasterii
1305 2548 1524 2586 Tavistochie,
1549 2552 1622 2587 etc.,

242 2587 422 2619 Ecclesiam
441 2589 664 2620 Parochialem
682 2590 723 2620 de
739 2590 937 2630 Tavystoke,
953 2601 1028 2620 cum
1046 2591 1201 2621 omnibus
1216 2591 1284 2621 suis
1306 2591 1439 2631 juribus
1463 2597 1498 2622 et
1521 2593 1621 2631 perti-

240 2631 365 2661 nenciis
382 2632 553 2669 universis,
571 2633 603 2663 in
623 2643 700 2663 suos
716 2634 866 2673 proprios
883 2644 972 2671 usus,
991 2633 1081 2663 salva
1100 2634 1256 2664 Porcione
1272 2634 1394 2665 Vicarii
1412 2636 1571 2675 Perpetui
1588 2636 1622 2666 in

241 2674 366 2712 eadem,
385 2675 550 2706 canonice
573 2676 812 2713 obtinenciurn,
829 2687 963 2716 gravem
988 2677 1155 2716 querelam
1180 2677 1375 2717 recepimus,
1391 2679 1621 2709 continentem

240 2717 340 2756 quod,
360 2718 436 2748 licet
460 2729 574 2749 omnes
597 2723 632 2750 et
655 2719 777 2758 singuli
795 2720 1043 2750 Cantuariensis
1060 2720 1240 2758 Provincie,
1258 2723 1293 2750 et
1316 2721 1491 2760 presertim
1509 2726 1623 2752 nostre

241 2759 438 2791 Exoniensis
457 2761 613 2800 Diocesis,
630 2762 768 2800 subditi,
782 2763 839 2802 qui
856 2763 888 2792 in
907 2763 1110 2793 nubencium
1126 2763 1326 2803 solempniis,
1338 2764 1516 2794 mulierum
1535 2765 1621 2804 puri-

238 2801 460 2842 fieacionibus,
478 2808 688 2836 mortuorum
707 2806 882 2846 obsequiis,
901 2806 952 2836 vel
967 2806 1040 2836 aliis
1056 2806 1089 2836 111
1106 2806 1227 2847 quibus
1246 2807 1320 2847 Ipse
1337 2807 1427 2838 Deus
1450 2807 1484 2837 in
1510 2808 1620 2839 Minis-

212 2850 293 2894 2Η
